('https://www.sainsburys.co.uk/shop/gb/groceries/product/details/price-lock-toiletries-and-health/nivea-shower-clay-ginger-basil-250ml', 'Nivea Clay Fresh Shower Ginger & Basil 250ml', '£1.25', '50p / 100ml')
('https://www.sainsburys.co.uk/shop/gb/groceries/product/details/price-lock-toiletries-and-health/nivea-shower-cream-coconut-250ml', 'Nivea Indulgent Moisture Coconut Shower Cream 250ml', '£1.00', '40p / 100ml')
('https://www.sainsburys.co.uk/shop/gb/groceries/product/details/price-lock-toiletries-and-health/nivea-shower-clay-hib-white-sage-250ml', 'Nivea Clay Fresh Shower Hibiscus & White Sage 250ml', '£1.25', '50p / 100ml')
('https://www.sainsburys.co.uk/shop/gb/groceries/product/details/price-lock-toiletries-and-health/carex-aloe-vera-hand-gel-300ml', 'Carex Aloe Vera Sanitising Antibacterial Hand Gel 300ml', '£3.50', '£1.17 / 100ml')
('https://www.sainsburys.co.uk/shop/gb/groceries/product/details/price-lock-toiletries-and-health/sainsburys-secure-night-ultra-towel-x-8', "Sainsbury's Secure Night Ultra Towel x8", '65p', '8p / ea')
('https://www.sainsburys.co.uk/shop/gb/groceries/product/details/price-lock-toiletries-and-health/non-applicator-tampons-super-plus', "Sainsbury's Non Applicator Tampons - Super Plus x24", '95p', '4p / ea')
('https://www.sainsburys.co.uk/shop/gb/groceries/product/details/price-lock-toiletries-and-health/medium-toothbrush-2pk', "Sainsbury's 2x Medium Bristle Toothbrushes", '25p', '13p / ea')
('https://www.sainsburys.co.uk/shop/gb/groceries/product/details/price-lock-toiletries-and-health/sanex-dermo-moisturising-bath-650ml', 'Sanex Dermo Moisturising Bubble Bath Foam 650ml', '£2.50', '38p / 100ml')
('https://www.sainsburys.co.uk/shop/gb/groceries/product/details/price-lock-toiletries-and-health/carex-mr-men-sherbet-lemon-hand-wash-250ml', 'Carex Mr Men And Little Miss Sherbet Lemon Hand Wash Antibacterial 250ml', '£1.00', '40p / 100ml')
('https://www.sainsburys.co.uk/shop/gb/groceries/product/details/price-lock-toiletries-and-health/sainsburys-comfort-fit-for-her-discreet-underwear-pants-super-medium-x12', "Sainsbury's Comfort Fit for Her Discreet Underwear Pants Super Medium x12", '£7.00', '58p / ea')
('https://www.sainsburys.co.uk/shop/gb/groceries/product/details/price-lock-toiletries-and-health/sainsburys-comfort-fit-for-her-long-plus-womens-pads-x8', "Sainsbury's Comfort Fit for Her Long Plus Women's Pads x8", '£1.50', '19p / ea')
('https://www.sainsburys.co.uk/shop/gb/groceries/product/details/price-lock-toiletries-and-health/always-discreet-underwear-incontinence-pants-plus-m-x9', 'Always Discreet Underwear Incontinence Pants Plus Medium x9', '£6.00', '67p / ea')
('https://www.sainsburys.co.uk/shop/gb/groceries/product/details/price-lock-toiletries-and-health/always-discreet-underwear-incontinence-pants-normal-m-x12', 'Always Discreet Underwear Incontinence Pants Normal Medium x12', '£6.00', '50p / ea')
('https://www.sainsburys.co.uk/shop/gb/groceries/product/details/price-lock-toiletries-and-health/7th-heaven-pink-guava-peel-off-easy-peel-mask-10ml', '7th Heaven Pink Guava Peel-Off Easy Peel Mask 10ml', '90p', '£9.00 / 100ml')
('https://www.sainsburys.co.uk/shop/gb/groceries/product/details/price-lock-toiletries-and-health/imperial-leather-limited-edition-mermazing-fantasy-icons-shower-gel-250ml', 'Imperial Leather Reviving Tropical Rainforest & Papaya Shower Gel 250ml', '90p', '36p / 100ml')
('https://www.sainsburys.co.uk/shop/gb/groceries/product/details/price-lock-toiletries-and-health/sainsburys-shower-cream-250ml', "Sainsbury's Shower Cream 250ml", '30p', '12p / 100ml')
('https://www.sainsburys.co.uk/shop/gb/groceries/product/details/price-lock-toiletries-and-health/oracare-right-angle-flossers-x30', 'OraCare+ Right Angle Flossers x30', '£1.50', '5p / ea')
('https://www.sainsburys.co.uk/shop/gb/groceries/product/details/price-lock-toiletries-and-health/sainsburys-five-blade-female-disposable-razors-x3', "Sainsbury's Five Blade Female Disposable Razors x3", '£3.50', '£1.17 / bld')
('https://www.sainsburys.co.uk/shop/gb/groceries/product/details/price-lock-toiletries-and-health/nivea-creme-tin-400ml', 'Nivea Creme All Purpose Body Cream for face hands and body 400ml', '£4.50', '£1.13 / 100ml')
('https://www.sainsburys.co.uk/shop/gb/groceries/product/details/price-lock-toiletries-and-health/oc-whitening-tpaste-100ml', 'OraCare+ Whitening Toothpaste 100ml', '£1.00', '£1.00 / 100ml')
('https://www.sainsburys.co.uk/shop/gb/groceries/product/details/price-lock-toiletries-and-health/oral-b-3dw-arctic-fresh-tpaste-75ml', 'Oral-B 3D White Arctic Fresh Whitening Toothpaste 75ml', '£2.00', '£2.67 / 100ml')
('https://www.sainsburys.co.uk/shop/gb/groceries/product/details/price-lock-toiletries-and-health/carefree-normal-with-cotton-extract-58-pantyliners', 'Carefree Normal with Cotton Extract 56 Pantyliners', '£2.00', '4p / ea')
('https://www.sainsburys.co.uk/shop/gb/groceries/product/details/price-lock-toiletries-and-health/dove-men-extra-fresh-anti-perspirant-deodorant-aerosol-250ml', 'Dove Men Extra Fresh Anti-Perspirant Deodorant Aerosol 250ml', '£1.70', '68p / 100ml')
('https://www.sainsburys.co.uk/shop/gb/groceries/product/details/price-lock-toiletries-and-health/sure-men-quantum-dry-anti-perspirant-deodorant-aerosol-250ml', 'Sure Men Quantum Dry Anti-Perspirant Deodorant Aerosol 250ml', '£1.48', '59p / 100ml')
('https://www.sainsburys.co.uk/shop/gb/groceries/product/details/price-lock-toiletries-and-health/seven-seas-joint-care-supplex-glucosamine-plus-omega-3-x90', 'Seven Seas Jointcare Supplex Capsules with Glucosamine Capsules x90', '£10.00', '11p / tblt')
('https://www.sainsburys.co.uk/shop/gb/groceries/product/details/price-lock-toiletries-and-health/tresemme-24hr-body-shampoo-900ml', 'Tresemme 24HR Body Shampoo 900ml', '£2.69', '30p / 100ml')
('https://www.sainsburys.co.uk/shop/gb/groceries/product/details/price-lock-toiletries-and-health/lynx-shower-gel--black-400ml', 'Lynx Shower Gel, Black 400ml', '£1.50', '38p / 100ml')
('https://www.sainsburys.co.uk/shop/gb/groceries/product/details/price-lock-toiletries-and-health/bodyform-normal-wing-ultra-duo-pack-2x14', 'Bodyform Ultra Normal Sanitary Towels Wings x28', '£2.20', '8p / ea')
('https://www.sainsburys.co.uk/shop/gb/groceries/product/details/price-lock-toiletries-and-health/lynx-shower-gel--black-250ml', 'Lynx Shower Gel, Black 250ml', '£1.00', '40p / 100ml')
('https://www.sainsburys.co.uk/shop/gb/groceries/product/details/price-lock-toiletries-and-health/ultimate-blends-strength-rest-cnd-400ml', 'Garnier Ultimate Blends Honey Strengthening Conditioner 360ml', '£2.00', '56p / 100ml')
('https://www.sainsburys.co.uk/shop/gb/groceries/product/details/price-lock-toiletries-and-health/sainsburys-maxi-towel-night-x12', "Sainsbury's Maxi Towel Night x12", '90p', '8p / ea')
('https://www.sainsburys.co.uk/shop/gb/groceries/product/details/price-lock-toiletries-and-health/sainsburys-large-pantyliners-x28', "Sainsbury's Pantyliners Large x28", '95p', '3p / ea')
('https://www.sainsburys.co.uk/shop/gb/groceries/product/details/price-lock-toiletries-and-health/sainsburys-maxi-towel-normal-x24', "Sainsbury's Maxi Towel Normal x24", '90p', '4p / ea')
('https://www.sainsburys.co.uk/shop/gb/groceries/product/details/price-lock-toiletries-and-health/sainsburys-triple-blade-refill-x4', "Sainsbury's Triple Blade Refill x4", '£3.50', '88p / bld')
('https://www.sainsburys.co.uk/shop/gb/groceries/product/details/price-lock-toiletries-and-health/oral-b-complete-extra-white-toothpaste-100ml', 'Oral-B Complete Extra White Toothpaste 100ml', '£1.50', '£1.50 / 100ml')
('https://www.sainsburys.co.uk/shop/gb/groceries/product/details/price-lock-toiletries-and-health/nivea-lip-care-soft-rose-48g', 'Nivea Lip Balm Soft Rose 4.8g', '£1.25', '£26.04 / 100g')
('https://www.sainsburys.co.uk/shop/gb/groceries/product/details/price-lock-toiletries-and-health/right-guard-women-xtreme-dry--maximum-strength-antiperspirant-deodorant-150ml', 'Right Guard Woman Xtreme, Anti-Perspirant Deodorant, Dry 150ml', '£1.00', '67p / 100ml')
('https://www.sainsburys.co.uk/shop/gb/groceries/product/details/price-lock-toiletries-and-health/nivea-men-anti-perspirant-deodorant--invisible-250ml', 'Nivea Men Anti-Perspirant Deodorant Spray Black & White Original 48 Hours Deo 250ml', '£1.60', '64p / 100ml')
('https://www.sainsburys.co.uk/shop/gb/groceries/product/details/meat-fish-bigger-packs/jjames-family-12-british-ham-slices-300g', 'J.James & Family British Cooked Ham 300g, x12 Slices', '£1.14', '38p / 100g')
('https://www.sainsburys.co.uk/shop/gb/groceries/product/details/meat-fish-bigger-packs/sainsburys-mild-smoked-salmon-200g', "Sainsbury's Scottish Smoked Salmon 200g", '£5.00', '£2.50 / 100g')
('https://www.sainsburys.co.uk/shop/gb/groceries/product/details/meat-fish-bigger-packs/sainsburys-british-pork-loin-joint-vw-cw', "Sainsbury's British Pork Boneless Crackling Loin Joint (Approx. 1.45Kg)", '£6.82', '55p / 100g')
('https://www.sainsburys.co.uk/shop/gb/groceries/product/details/meat-fish-bigger-packs/sainsburys-cooked-ham-240g', "Sainsbury's British Cooked Ham 240g, x14 Slices", '£2.50', '£1.04 / 100g')
('https://www.sainsburys.co.uk/shop/gb/groceries/product/details/meat-fish-bigger-packs/sainsburys-salmon-fillets-480g', "Sainsbury's Salmon Fillets 480g", '£6.25', '£13.02 / kg')
('https://www.sainsburys.co.uk/shop/gb/groceries/product/details/meat-fish-bigger-packs/sainsburys-butchers-choice-pork-sausages-x12-681g', "Sainsbury's Butcher's Choice Pork Sausages x12 681g", '£2.10', '£3.08 / kg')
('https://www.sainsburys.co.uk/shop/gb/groceries/product/details/meat-fish-bigger-packs/sainsburys-extra-lean-diced-beef-750g', "Sainsbury's Extra Lean Diced Beef 750g", '£5.75', '£7.67 / kg')
('https://www.sainsburys.co.uk/shop/gb/groceries/product/details/meat-fish-bigger-packs/new-england-seafood-whole-sea-bass-570g', 'New England Seafood Whole Sea Bass 520g', '£6.50', '£12.50 / kg')
('https://www.sainsburys.co.uk/shop/gb/groceries/product/details/meat-fish-bigger-packs/peperami-hot-x-5-11250g', 'Peperami Hot x 5 112.50g', '£2.75', '£2.44 / 100g')
('https://www.sainsburys.co.uk/shop/gb/groceries/product/details/meat-fish-bigger-packs/fridge-raiders-slow-roasted-chicken-bites-mini-packs-6-x-25g', 'Fridge Raiders Slow Roasted Chicken Snack Bites 6x 22.5g', '£2.60', '£1.93 / 100g')
('https://www.sainsburys.co.uk/shop/gb/groceries/product/details/meat-fish-bigger-packs/sainsburys-pork-loin-steaks-x4-480g', "Sainsbury's British Pork Loin Steaks x4 480g", '£1.89', '£3.94 / kg')
('https://www.sainsburys.co.uk/shop/gb/groceries/product/details/meat-fish-bigger-packs/sainsburys-mini-chicken-fillets-640g', "Sainsbury's British Fresh Chicken Breast Mini Fillets 640g", '£3.40', '£5.31 / kg')
('https://www.sainsburys.co.uk/shop/gb/groceries/product/details/meat-fish-bigger-packs/sainsburys-whole-chicken-breast-fillets-640g', "Sainsbury's British Fresh Chicken Breast Fillets Skinless & Boneless 640g", '£3.60', '£5.63 / kg')
('https://www.sainsburys.co.uk/shop/gb/groceries/product/details/meat-fish-bigger-packs/sainsburys-chicken-thigh-fillets-640g', "Sainsbury's British Fresh Chicken Thigh Fillets Skinless & Boneless 640g", '£3.20', '£5.00 / kg')
('https://www.sainsburys.co.uk/shop/gb/groceries/product/details/meat-fish-bigger-packs/sainsburys-chicken-fillets-1kg', "Sainsbury's British Fresh Chicken Breast Fillets Skinless & Boneless 1kg", '£4.79', '£4.79 / kg')
('https://www.sainsburys.co.uk/shop/gb/groceries/product/details/meat-fish-bigger-packs/sainsburys-unsmoked-gammon-joint-14-kg', 'Sainsbury’s unsmoked British medium gammon joint 1.4g', '£7.50', '£5.36 / kg')
('https://www.sainsburys.co.uk/shop/gb/groceries/product/details/meat-fish-bigger-packs/sainsburys-italian-milano-salami-slices-86g', "Sainsbury's Italian Milano Salami Slices 86g", '£1.10', '£1.28 / 100g')
('https://www.sainsburys.co.uk/shop/gb/groceries/product/details/meat-fish-bigger-packs/sainsburys-cooked-boneless-chicken-breasts-x4-480g', "Sainsbury's British Roast Boneless Chicken Breasts x4 480g", '£5.75', '£1.20 / 100g')
('https://www.sainsburys.co.uk/shop/gb/groceries/product/details/meat-fish-bigger-packs/bernard-matthews-turkey-ham-wafer-thin-250g', 'Bernard Matthews Turkey Ham Wafer Thin 230g', '£1.75', '76p / 100g')
('https://www.sainsburys.co.uk/shop/gb/groceries/product/details/meat-fish-bigger-packs/sainsburys-diced-turkey-breast-500g', "Sainsbury's Diced Turkey Breast 500g", '£4.00', '£8.00 / kg')
('https://www.sainsburys.co.uk/shop/gb/groceries/product/details/meat-fish-bigger-packs/sainsburys-pre-packed-whole-salmon-8043944-p-44', "Sainsbury's Pre Packed Whole Salmon", '£12.04', '70p / 100g')
('https://www.sainsburys.co.uk/shop/gb/groceries/product/details/meat-fish-bigger-packs/sainsburys-wafer-thin-british-chicken-slices-150g', "Sainsbury's British Wafer Thin Cooked Chicken 150g", '£1.15', '77p / 100g')
('https://www.sainsburys.co.uk/shop/gb/groceries/product/details/meat-fish-bigger-packs/sainsburys-wafer-thin-british-ham-slices-150g', "Sainsbury's British Wafer Thin Ham 150g", '£1.15', '77p / 100g')
('https://www.sainsburys.co.uk/shop/gb/groceries/product/details/meat-fish-bigger-packs/sainsburys-lamb-chops-340g', "Sainsbury's Lamb Chops 340g", '£3.49', '£10.26 / kg')
('https://www.sainsburys.co.uk/shop/gb/groceries/product/details/meat-fish-bigger-packs/sainsburys-pork-shoulder-joint-cw-600g---14kg', "Sainsbury's British Pork Shoulder Joint (Approx. 1.45Kg)", '£3.84', '31p / 100g')
('https://www.sainsburys.co.uk/shop/gb/groceries/product/details/meat-fish-bigger-packs/sainsburys-british-wafer-thin-cooked-ham-450g', "Sainsbury's British Wafer Thin Cooked Ham 400g", '£2.20', '55p / 100g')
('https://www.sainsburys.co.uk/shop/gb/groceries/product/details/meat-fish-bigger-packs/smoked-pork-sausage-original-260g', 'Mattessons Smoked Pork Sausage Original 260g', '£2.75', '£1.06 / 100g')
('https://www.sainsburys.co.uk/shop/gb/groceries/product/details/meat-fish-bigger-packs/sainsburys-chicken-breast-fillets-16kg', "Sainsbury's British Fresh Chicken Breast Fillets Skinless & Boneless 1.6kg", '£7.50', '£4.69 / kg')
('https://www.sainsburys.co.uk/shop/gb/groceries/product/details/meat-fish-bigger-packs/sainsburys-spanish-chorizo-180g', "Sainsbury's Spanish Chorizo Slices 180g", '£1.15', '64p / 100g')
('https://www.sainsburys.co.uk/shop/gb/groceries/product/details/meat-fish-bigger-packs/herta-frankfurters-x10-350g', 'Herta Frankfurter Hot Dogs x10 350g', '£2.20', '63p / 100g')
('https://www.sainsburys.co.uk/shop/gb/groceries/product/details/meat-fish-bigger-packs/sainsburys-butchers-choice-cumberland-pork-sausages-x12-681g', "Sainsbury's Butcher's Choice Cumberland Pork Sausages x12 681g", '£2.10', '£3.08 / kg')
('https://www.sainsburys.co.uk/shop/gb/groceries/product/details/meat-fish-bigger-packs/sainsburys-british-fresh-chicken-thighs-2kg', "Sainsbury's British Fresh Chicken Skin on Thighs 2kg", '£3.20', '£1.60 / kg')
('https://www.sainsburys.co.uk/shop/gb/groceries/product/details/meat-fish-bigger-packs/sainsburys-breaded-ham-family-size-375g', "Sainsbury's British Breaded Carvery Ham 375g, x12 Slices", '£3.50', '93p / 100g')
('https://www.sainsburys.co.uk/shop/gb/groceries/product/details/meat-fish-bigger-packs/sainsburys-british-honey-cured-ham-wafer-thin-sliced-450g', "Sainsbury's British Wafer Thin Honey Cured Ham 400g", '£2.20', '55p / 100g')
('https://www.sainsburys.co.uk/shop/gb/groceries/product/details/meat-fish-bigger-packs/sainsburys-corned-beef-200g', "Sainsbury's Corned Beef 200g", '£2.50', '£1.25 / 100g')
('https://www.sainsburys.co.uk/shop/gb/groceries/product/details/meat-fish-bigger-packs/sainsburys-wafer-thin-chicken-slices-400g', "Sainsbury's British Wafer Thin Cooked Chicken 400g", '£2.20', '55p / 100g')
('https://www.sainsburys.co.uk/shop/gb/groceries/product/details/meat-fish-bigger-packs/sainsburys-british-fresh-chicken-drumsticks-2kg', "Sainsbury's British Fresh Chicken Skin on Drumsticks 2kg", '£2.60', '£1.30 / kg')
('https://www.sainsburys.co.uk/shop/gb/groceries/product/details/meat-fish-bigger-packs/new-england-sea-bream-x-2-570g', 'New England Sea Bream x2 520g', '£6.50', '£12.50 / kg')
('https://www.sainsburys.co.uk/shop/gb/groceries/product/details/meat-fish-bigger-packs/sainsburys-oak-smoked-salmon-taste-the-difference-200g', "Sainsbury's Oak Smoked Salmon, Taste the Difference 200g", '£7.50', '£3.75 / 100g')
('https://www.sainsburys.co.uk/shop/gb/groceries/product/details/meat-fish-bigger-packs/sainsburys-salmon-joint-600g', "Sainsbury's Boneless Scottish Salmon Fillet 600g", '£8.00', '£13.33 / kg')
('https://www.sainsburys.co.uk/shop/gb/groceries/product/details/meals-for-tonight/sainsburys-paella--taste-the-difference-400g-7168029-p-44', "Sainsbury's Chicken & King Prawn Paella, Taste the Difference 400g (Serves 1)", '£3.00', '£7.50 / kg')
('https://www.sainsburys.co.uk/shop/gb/groceries/product/details/meals-for-tonight/charlie-bighams-meatballs-al-forno-650g', "Charlie Bigham's Meatballs Al Forno 650g (Serves 2)", '£7.75', '£11.92 / kg')
('https://www.sainsburys.co.uk/shop/gb/groceries/product/details/meals-for-tonight/new-covent-garden-slow-roast-tomato-soup-600g', 'New Covent Garden Slow Roast Tomato Soup 560g', '£2.00', '36p / 100g')
('https://www.sainsburys.co.uk/shop/gb/groceries/product/details/meals-for-tonight/sainsburys-indian-butter-chicken-400g-serves-2-', "Sainsbury's Indian Butter Chicken 400g (Serves 2)", '£3.50', '£8.75 / kg')
('https://www.sainsburys.co.uk/shop/gb/groceries/product/details/meals-for-tonight/strong-roots-spinach-bites-308g', 'Strong Roots Spinach Bites 308g', '£3.00', '£9.74 / kg')
('https://www.sainsburys.co.uk/shop/gb/groceries/product/details/meals-for-tonight/sainsburys-indonesian-beef-rendang-380g', 'Global Eats Indonesian Beef Rendang 380g', '£3.50', '£9.21 / kg')
('https://www.sainsburys.co.uk/shop/gb/groceries/product/details/meals-for-tonight/sainsburys-stonebaked-thin-vegetable-antipasti-202g', "Sainsbury's Stonebaked Thin Vegetable Antipasti Pizza 202g", '£3.00', '£14.85 / kg')
('https://www.sainsburys.co.uk/shop/gb/groceries/product/details/meals-for-tonight/goodfellas-vegan-stone-baked-meatless-mediterranean-387g', "Goodfella's Vegan Stone Baked Meatless Mediterranean 387g", '£2.00', '£5.17 / kg')
('https://www.sainsburys.co.uk/shop/gb/groceries/product/details/meals-for-tonight/sainsburys-fully-loaded-macaroni-cheese-550g', "Sainsbury's Fully Loaded Mac Cheese & Bacon 550g", '£3.50', '£6.36 / kg')
('https://www.sainsburys.co.uk/shop/gb/groceries/product/details/meals-for-tonight/sainsburys-stonebaked-pulled-beef-brisket-307g', "Sainsbury's Stonebaked Pulled Beef Hand Stretched Pizza 302g", '£3.50', '£11.59 / kg')
('https://www.sainsburys.co.uk/shop/gb/groceries/product/details/meals-for-tonight/el-loco-cantina-chilli-beef-bad-boy-burrito-380g', "El Loco Cantina Chilli Beef Bad' Boy Burrito 380g", '£3.00', '£7.89 / kg')
('https://www.sainsburys.co.uk/shop/gb/groceries/product/details/meals-for-tonight/strong-rts-mixd-root-vgetable-fries-500g', 'Strong Roots Mixed Root Vegetable Fries 500g', '£3.00', '£6.00 / kg')
('https://www.sainsburys.co.uk/shop/gb/groceries/product/details/meals-for-tonight/sainsburys-bbq-dip-90g', "Sainsbury's BBQ Takeaway Dip 90g", '90p', '£1.00 / 100g')
('https://www.sainsburys.co.uk/shop/gb/groceries/product/details/meals-for-tonight/Sainsburys-Jackfruit-Biriyani-Taste-the-Difference-400g', "Sainsbury's Jackfruit Biriyani, Taste the Difference 400g", '£4.00', '£10.00 / kg')
('https://www.sainsburys.co.uk/shop/gb/groceries/product/details/meals-for-tonight/Sainsburys-Tamarind-Prawns-Rice-Taste-the-Difference-400g', "Sainsbury's Keralan Prawn Curry, Taste the Difference 400g", '£4.00', '£10.00 / kg')
('https://www.sainsburys.co.uk/shop/gb/groceries/product/details/meals-for-tonight/la-famiglia-rana-pan-fried-gnocchi-original-300g', 'La Famiglia Rana Pan-Fried Gnocchi Original 300g', '£2.00', '£6.67 / kg')
('https://www.sainsburys.co.uk/shop/gb/groceries/product/details/meals-for-tonight/quorn-vegetarian-lasagne-ready-meal-400g', 'Quorn Vegetarian Lasagne Ready Meal 400g', '£3.00', '£7.50 / kg')
('https://www.sainsburys.co.uk/shop/gb/groceries/product/details/meals-for-tonight/sainsburys-chicken-tikka-bites-150g', "Sainsbury's Chicken Tikka Bites 150g", '£2.50', '£16.67 / kg')
('https://www.sainsburys.co.uk/shop/gb/groceries/product/details/meals-for-tonight/sainsburys-four-cheese-tortelloni-300g', "Sainsbury's Four Cheese Tortelloni 300g", '£1.50', '£5.00 / kg')
('https://www.sainsburys.co.uk/shop/gb/groceries/product/details/meals-for-tonight/sainsburys-tomato-mozzarella-tortelloni-300g', "Sainsbury's Tomato & Mozzarella Tortelloni 300g", '£1.50', '£5.00 / kg')
('https://www.sainsburys.co.uk/shop/gb/groceries/product/details/meals-for-tonight/goodlife-mushroom---spinach-kiev-with-a-creamy-garlic---cheese-sauce-x2-250g', 'Goodlife Mushroom & Spinach Kiev with a Creamy Garlic & Cheese Sauce x2 250g', '£2.25', '£9.00 / kg')
('https://www.sainsburys.co.uk/shop/gb/groceries/product/details/meals-for-tonight/birds-eye-crispy-chicken-x4-340g-7463902-p-44', 'Birds Eye Crispy Chicken Grills x4 340g', '£3.00', '£8.82 / kg')
('https://www.sainsburys.co.uk/shop/gb/groceries/product/details/meals-for-tonight/birds-eye-fish-fingers-cod-x10-280g', 'Birds Eye Fish Fingers Cod x10 280g', '£3.00', '£10.71 / kg')
('https://www.sainsburys.co.uk/shop/gb/groceries/product/details/meals-for-tonight/sainsburys-prosciutto-mushroom---mascarpone-pizza--taste-the-difference-250g', "Sainsbury's Prosciutto Mushroom & Mascarpone Pizza, Taste the Difference 252g", '£3.00', '£11.90 / kg')
('https://www.sainsburys.co.uk/shop/gb/groceries/product/details/meals-for-tonight/sainsburys-prosciutto-mushroom---mascarpone-pizza--taste-the-difference-500g', "Sainsbury's Prosciutto Mushroom & Mascarpone Pizza, Taste the Difference 480g", '£4.50', '£9.38 / kg')
('https://www.sainsburys.co.uk/shop/gb/groceries/product/details/meals-for-tonight/sainsburys-mozzarella---cherry-tomato-pizza--taste-the-difference-490g', "Sainsbury's Mozzarella & Cherry Tomato Pizza, Taste the Difference 484g", '£4.50', '£9.30 / kg')
('https://www.sainsburys.co.uk/shop/gb/groceries/product/details/meals-for-tonight/sainsburys-pilau-rice-400g', "Sainsbury's Indian Pilau Rice 400g (Serves 2)", '£1.90', '£4.75 / kg')
('https://www.sainsburys.co.uk/shop/gb/groceries/product/details/meals-for-tonight/sainsburys-egg-noodles-with-beansprouts-350g', "Sainsbury's Vegetable Chow Mein 350g", '£1.90', '£5.43 / kg')
('https://www.sainsburys.co.uk/shop/gb/groceries/product/details/meals-for-tonight/sainsburys-stonebaked-ham---pineapple-pizza-10', "Sainsbury's Stonebaked Ham & Pineapple Hand Stretched Pizza 295g", '£3.00', '£10.17 / kg')
('https://www.sainsburys.co.uk/shop/gb/groceries/product/details/meals-for-tonight/sainsburys-lamb-moussaka--taste-the-difference-400g', "Sainsbury's Lamb Moussaka, Taste the Difference 400g (Serves 1)", '£3.00', '£7.50 / kg')
('https://www.sainsburys.co.uk/shop/gb/groceries/product/details/meals-for-tonight/chicago-town-takeaway-pepperoni-pizza-645g', 'Chicago Town Takeaway Large Stuffed Pepperoni Pizza 645g', '£4.00', '£6.20 / kg')
('https://www.sainsburys.co.uk/shop/gb/groceries/product/details/meals-for-tonight/häagen-dazs-vanilla-500ml', 'Häagen-Dazs Ice Cream Vanilla 460ml', '£4.20', '91p / 100ml')
('https://www.sainsburys.co.uk/shop/gb/groceries/product/details/meals-for-tonight/sainsburys-green-vegetable-selection-with-mint-butter-260g', "Sainsbury's Green Vegetable Selection With Mint Butter 260g (Serves 2)", '£2.25', '£8.65 / kg')
('https://www.sainsburys.co.uk/shop/gb/groceries/product/details/meals-for-tonight/anchor-aerosol-cream-250g', 'Anchor Squirty Cream 250g', '£1.70', '68p / 100g')
('https://www.sainsburys.co.uk/shop/gb/groceries/product/details/meals-for-tonight/sainsburys-fresh-gnocchi-500g', "Sainsbury's Fresh Gnocchi 500g", '£1.75', '£3.50 / kg')
('https://www.sainsburys.co.uk/shop/gb/groceries/product/details/meals-for-tonight/sainsburys-indian-vegetable-samosas-x4-200g', "Sainsbury's Indian Vegetable Samosas x4 200g", '£1.50', '£7.50 / kg')
('https://www.sainsburys.co.uk/shop/gb/groceries/product/details/meals-for-tonight/sainsburys-indian-snack-selection-288g', "Sainsbury's Indian Snack Selection 288g", '£2.00', '£6.94 / kg')
('https://www.sainsburys.co.uk/shop/gb/groceries/product/details/meals-for-tonight/new-covent-garden-wild-mushroom-soup-600g', 'New Covent Garden Mushroom Soup 560g', '£2.00', '36p / 100g')
('https://www.sainsburys.co.uk/shop/gb/groceries/product/details/meals-for-tonight/leon-coconut-lime-chicken-thighs-150g', 'LEON Coconut & Zesty Kaffir Lime British Chargrilled Chicken Thigh 150g', '£2.70', '£1.80 / 100g')
('https://www.sainsburys.co.uk/shop/gb/groceries/product/details/top-rated-44/borders-biscuits-dark-chocolate---ginger-175g', 'Border Biscuits Dark Chocolate & Ginger 150g', '£1.00', '67p / 100g')
('https://www.sainsburys.co.uk/shop/gb/groceries/product/details/top-rated-44/lindt-milk-hazelnut-150g', 'Lindt Les Grandes Milk Chocolate Hazelnut Bar 150g', '£3.00', '£2.00 / 100g')
('https://www.sainsburys.co.uk/shop/gb/groceries/product/details/top-rated-44/felix-cat-food-poultry-selection-in-jelly-12-x-100g-4165217-p', 'Felix Cat Food Poultry Selection In Jelly 12 X 100g', '£3.00', '£2.50 / kg')
('https://www.sainsburys.co.uk/shop/gb/groceries/product/details/top-rated-44/gourmet-gold-tinned-cat-food-pate-with-ocean-fish-85g-3678084-p', 'Gourmet Gold Tinned Cat Food Pate With Ocean Fish 85g', '45p', '£5.29 / kg')
('https://www.sainsburys.co.uk/shop/gb/groceries/product/details/top-rated-44/cravendale-purefilter-semi-skimmed-1l', 'Cravendale Purefilter Semi Skimmed Milk 1L', '£1.15', '£1.15 / ltr')
('https://www.sainsburys.co.uk/shop/gb/groceries/product/details/top-rated-44/gordons-dry-gin-1l', "Gordon's London Dry Gin 1L", '£17.00', '£17.00 / ltr')
('https://www.sainsburys.co.uk/shop/gb/groceries/product/details/top-rated-44/smirnoff-red-label-vodka-1l', 'Smirnoff Red Label Vodka 1L', '£17.00', '£17.00 / ltr')
('https://www.sainsburys.co.uk/shop/gb/groceries/product/details/top-rated-44/betty-crocker-vanilla-cake-450g', 'Betty Crocker Velvety Vanilla Cake Mix 425g', '£2.00', '£4.71 / kg')
('https://www.sainsburys.co.uk/shop/gb/groceries/product/details/top-rated-44/sharpham-park-bran-flakes-375g', 'Sharpham Park Spelt Bran Flakes 375g', '£3.15', '84p / 100g')
('https://www.sainsburys.co.uk/shop/gb/groceries/product/details/top-rated-44/sainsburys-boil-in-the-bag-basmati-rice-500g', "Sainsbury's Boil In The Bag Basmati Rice 4x125g", '£1.00', '£2.00 / kg')
('https://www.sainsburys.co.uk/shop/gb/groceries/product/details/top-rated-44/sainsburys-raspberry-conserve--taste-the-difference-340g', "Sainsbury's Raspberry Conserve, Taste the Difference 340g", '£1.25', '37p / 100g')
('https://www.sainsburys.co.uk/shop/gb/groceries/product/details/top-rated-44/lavazza-decaffeinated-ground-coffee--espresso-250g', 'Lavazza Cafe Decaffeinated Ground Coffee 250g', '£4.10', '£1.64 / 100g')
('https://www.sainsburys.co.uk/shop/gb/groceries/product/details/top-rated-44/sanctuary-spa-de-stress-warming-body-balm-150ml', 'Sanctuary Spa Calming CBD Oil 45ml', '£9.50', '£21.11 / 100ml')
('https://www.sainsburys.co.uk/shop/gb/groceries/product/details/top-rated-44/sanctuary-spa-sleep-mist-100ml', 'Sanctuary Spa Sleep Mist 100ml', '£9.50', '£9.50 / 100ml')
('https://www.sainsburys.co.uk/shop/gb/groceries/product/details/top-rated-44/air-wick-scented-oil-warmer-refill-white-vanilla-bean-19ml', 'Air Wick Electrical Plug In Kit, White Vanilla Bean - Holder & 1 Refill 19 mL', '£4.00', '£4.00 / ea')
('https://www.sainsburys.co.uk/shop/gb/groceries/product/details/top-rated-44/simple-spf-30-triple-protection-moisturiser-40-ml', 'Simple SPF 30 Triple Protection Moisturiser 40 ml', '£7.00', '£17.50 / 100ml')
('https://www.sainsburys.co.uk/shop/gb/groceries/product/details/top-rated-44/ben-jerrys-baked-alaska-ice-cream-500ml', "Ben & Jerry's Baked Alaska Ice Cream 465ml", '£3.00', '65p / 100ml')
('https://www.sainsburys.co.uk/shop/gb/groceries/product/details/top-rated-44/pantene-hair-biology-mask-cleanse-reconstruct-160ml', 'Pantene Hair Biology Mask Cleanse & Reconstruct 160ml', '£3.50', '£2.19 / 100ml')
('https://www.sainsburys.co.uk/shop/gb/groceries/product/details/top-rated-44/philips-sonicare-w2-optimal-white-heads-x2', 'Philips Sonicare W2 Optimal White Heads x2', '£16.00', '£8.00 / ea')
('https://www.sainsburys.co.uk/shop/gb/groceries/product/details/top-rated-44/warburtons-sliced-white-rolls-x12', 'Warburtons Sliced White Rolls x12', '£1.60', '13p / ea')
('https://www.sainsburys.co.uk/shop/gb/groceries/product/details/top-rated-44/pampers-baby-dry-nappy-pants-size-7-6-11kg-essential-pack-x25-7958853-p', 'Pampers Baby-Dry Nappy Pants Size 7, 17kg+ x 25', '£8.00', '32p / ea')
('https://www.sainsburys.co.uk/shop/gb/groceries/product/details/top-rated-44/little-freddie-organic-blueberry---banana-greek-style-yoghurt-100g-7958105-p', 'Little Freddie Organic Blueberry & Banana Greek Style Yoghurt 100g', '£1.25', '£1.25 / 100g')
('https://www.sainsburys.co.uk/shop/gb/groceries/product/details/top-rated-44/little-freddie-organic-butternut-squash--red-lentils---coconut-stage-1-120g-7958101-p', 'Little Freddie Organic Butternut Squash, Red Lentils & Coconut Stage 1 120g', '£1.45', '£1.21 / 100g')
('https://www.sainsburys.co.uk/shop/gb/groceries/product/details/top-rated-44/lynx-collision-leather-cookies-body-spray-for-men-150ml', 'Lynx Collision Leather + Cookies Body Spray For Men 150ml', '£3.00', '£2.00 / 100ml')
('https://www.sainsburys.co.uk/shop/gb/groceries/product/details/top-rated-44/lynx-ice-chill-bodyspray-150ml', 'Lynx Ice Chill Bodyspray 150ml', '£3.00', '£2.00 / 100ml')
('https://www.sainsburys.co.uk/shop/gb/groceries/product/details/top-rated-44/gillette-skinguard-sensitive-men’s-shaving-gel-200ml', 'Gillette SkinGuard Sensitive Men’s Shaving Gel 200ml', '£3.00', '£1.50 / 100ml')
('https://www.sainsburys.co.uk/shop/gb/groceries/product/details/top-rated-44/tetley-cold-infusions-raspberry-cranberry-tea-bags-x12', 'Tetley Cold Infusions Raspberry & Cranberry Tea Bags x12', '£2.50', '£9.26 / 100g')
('https://www.sainsburys.co.uk/shop/gb/groceries/product/details/top-rated-44/rachels-raspberry-organic-450g', "Rachel's Raspberry, Organic 450g", '£2.00', '44p / 100g')
('https://www.sainsburys.co.uk/shop/gb/groceries/product/details/top-rated-44/the-collective-kefir-coconut-cultured-yogurt-450g', 'The Collective Kefir Coconut Cultured Yogurt 450g', '£2.00', '44p / 100g')
('https://www.sainsburys.co.uk/shop/gb/groceries/product/details/top-rated-44/sure-advanced-protection-pure-fresh-anti-perspirant-deodorant-roll-on-100ml', 'Sure Advanced Protection Pure Fresh Anti-perspirant Deodorant Roll On 100ml', '£2.00', '£2.00 / 100ml')
('https://www.sainsburys.co.uk/shop/gb/groceries/product/details/top-rated-44/braun-age-precision-digital-thermometer', 'Braun Age Precision Digital Thermometer', '£17.00', '£17.00 / ea')
('https://www.sainsburys.co.uk/shop/gb/groceries/product/details/top-rated-44/childs-farm-baby-moisturiser-with-shea-cocoa-butter-250ml', 'Childs Farm Baby Moisturiser with Shea & Cocoa Butter 250ml', '£4.00', '£1.60 / 100ml')
('https://www.sainsburys.co.uk/shop/gb/groceries/product/details/top-rated-44/radox-salts-muscle-relief-900g-pouch', 'Radox Bath Salts Muscle Relax 900g', '£2.25', '25p / 100g')
('https://www.sainsburys.co.uk/shop/gb/groceries/product/details/top-rated-44/malfy-gin-rosa-70cl', 'Malfy Gin Rosa 70cl', '£25.00', '£35.71 / ltr')
('https://www.sainsburys.co.uk/shop/gb/groceries/product/details/top-rated-44/dove-invisible-care-anti-perspirant-deodorant-stick-40ml', 'Dove Invisible Care Anti-Perspirant Deodorant Stick 40ml', '£2.75', '£6.88 / 100ml')
('https://www.sainsburys.co.uk/shop/gb/groceries/product/details/top-rated-44/arm-hammer-charcoal-white-peppermint-75ml', 'Arm & Hammer Charcoal White Peppermint 75ml', '£3.00', '£4.00 / 100ml')
('https://www.sainsburys.co.uk/shop/gb/groceries/product/details/top-rated-44/cornetto-mint-ice-cream-cones-6x90ml', 'Cornetto Mint Ice Cream Cones 6x90ml', '£2.00', '77p / 100ml')
('https://www.sainsburys.co.uk/shop/gb/groceries/product/details/top-rated-44/surf-golden-blossom-laundry-liquids-875ml', 'Surf Coconut Bliss Laundry Liquids 875ml', '£3.00', '£3.43 / ltr')
('https://www.sainsburys.co.uk/shop/gb/groceries/product/details/top-rated-44/emily-fruit-crisps--crunchy-red-apple-30g', 'Emily Fruit Crisps, Crunchy Red Apple 30g', '£1.00', '£3.33 / 100g')
('https://www.sainsburys.co.uk/shop/gb/groceries/product/details/top-rated-44/tofoo-naked-tofu--organic-280g', 'Tofoo Naked Tofu, Organic 280g', '£1.70', '£6.07 / kg')
('https://www.sainsburys.co.uk/shop/gb/groceries/product/details/top-rated-44/gillette-venus-tropical-womens-disposable-razors-x3', "Gillette Venus Tropical Women's Disposable Razors x3", '£5.50', '£1.83 / ea')
('https://www.sainsburys.co.uk/shop/gb/groceries/product/details/breakfast-in-bed/sainsburys-chocolate-salted-caramel-pancake-taste-the-difference-x4-280g', "Sainsbury's Chocolate & Salted Caramel Pancake, Taste the Difference x4 280g", '£1.25', '31p / ea')
('https://www.sainsburys.co.uk/shop/gb/groceries/product/details/breakfast-in-bed/sauce-shop-tomato-ketchup-255g', 'Sauce Shop Tomato Ketchup 255g', '£2.50', '98p / 100g')
('https://www.sainsburys.co.uk/shop/gb/groceries/product/details/breakfast-in-bed/union-hand-roasted-coffee-house-roast-cafetière-grind-200g', 'Union Hand-Roasted Coffee House Roast Cafetière Grind 200g', '£5.00', '£2.50 / 100g')
('https://www.sainsburys.co.uk/shop/gb/groceries/product/details/breakfast-in-bed/la-boulangere-vegan-croissants-x6', 'La Boulangere Vegan Croissants x6', '£2.50', '42p / ea')
('https://www.sainsburys.co.uk/shop/gb/groceries/product/details/breakfast-in-bed/oatly-the-original-oat-drink-semi-1l', 'Oatly Oat Drink Semi Chilled 1L', '£1.80', '£1.80 / ltr')
('https://www.sainsburys.co.uk/shop/gb/groceries/product/details/breakfast-in-bed/schar-gluten-free-wholesome-seeded-loaf-300g', 'Schar Gluten Free Wholesome Seeded Loaf 300g', '£2.50', '83p / 100g')
('https://www.sainsburys.co.uk/shop/gb/groceries/product/details/breakfast-in-bed/lor-espresso-supremo-intensity-10-x10-aluminium-coffee-capsules-52g', "L'OR Nespresso Compatible Espresso Supremo x10 Aluminium Coffee Capsules Intensity 10", '£2.50', '£4.81 / 100g')
('https://www.sainsburys.co.uk/shop/gb/groceries/product/details/breakfast-in-bed/sainsburys-roasted-onion---rosemary-hash-browns-700g', "Sainsbury's Roasted Onion & Rosemary Hash Browns 700g", '£1.50', '£2.14 / kg')
('https://www.sainsburys.co.uk/shop/gb/groceries/product/details/breakfast-in-bed/califia-farms-almond-milk--unsweetened-750ml', 'Califia Farms Unsweetened Almond Drink 750ml', '£2.40', '£3.20 / ltr')
('https://www.sainsburys.co.uk/shop/gb/groceries/product/details/breakfast-in-bed/tassimo-espresso-caramel-latte-macchiato-x8-2712g', "Tassimo L'OR Latte Macchiato Caramel Coffee Pods x8", '£4.00', '£3.85 / 100g')
('https://www.sainsburys.co.uk/shop/gb/groceries/product/details/breakfast-in-bed/lor-decafeine-balanced---aromatic-instant-coffee-100g', "L'OR Decaffeinated Instant Coffee 100g", '£2.50', '£2.50 / 100g')
('https://www.sainsburys.co.uk/shop/gb/groceries/product/details/breakfast-in-bed/sainsburys-crémant-de-loire-taste-the-difference-75cl', "Sainsbury's Crémant De Loire, Taste the Difference 75cl", '£9.00', '£9.00 / 75cl')
('https://www.sainsburys.co.uk/shop/gb/groceries/product/details/breakfast-in-bed/twinings-ceylon-tea-bags-x50-125g', 'Twinings Ceylon Tea, 50 Tea Bags', '£3.50', '£2.80 / 100g')
('https://www.sainsburys.co.uk/shop/gb/groceries/product/details/breakfast-in-bed/alpro-long-life-coconut-rice-drink-1l', 'Alpro Coconut Long Life Drink 1L', '£1.80', '£1.80 / ltr')
('https://www.sainsburys.co.uk/shop/gb/groceries/product/details/breakfast-in-bed/sainsburys-british-smoked-boneless-mackerel-taste-the-difference-approx-140g-', "Sainsbury's British Smoked Boneless Mackerel, Taste the Difference (approx. 165g)", '£4.00', '£2.00 / 100g')
('https://www.sainsburys.co.uk/shop/gb/groceries/product/details/breakfast-in-bed/sainsburys-pineapple-pieces-400g', "Sainsbury's Pineapple Pieces 400g", '£2.00', '£5.00 / kg')
('https://www.sainsburys.co.uk/shop/gb/groceries/product/details/breakfast-in-bed/sainsburys-golden-yolked-free-range-eggs--taste-the-difference-x6', "Sainsbury's Woodland Free Range Golden Yolked Mixed Weight Eggs, Taste the Difference x6", '£1.90', '32p / ea')
('https://www.sainsburys.co.uk/shop/gb/groceries/product/details/breakfast-in-bed/clarence-court-old-cotswold-legbar-eggs-x6', 'Clarence Court Old Cotswold Legbar Eggs x6', '£2.35', '39p / ea')
('https://www.sainsburys.co.uk/shop/gb/groceries/product/details/breakfast-in-bed/sainsburys-buttermilk-pancakes-x8', "Sainsbury's Buttermilk Pancakes x8", '£1.20', '15p / ea')
('https://www.sainsburys.co.uk/shop/gb/groceries/product/details/breakfast-in-bed/sainsburys-danish-cinnamon-whirl-x2', "Sainsbury's Danish Pastry Cinnamon Whirls x2", '£1.20', '60p / ea')
('https://www.sainsburys.co.uk/shop/gb/groceries/product/details/breakfast-in-bed/bury-black-pudding-4-slices-230g', 'The Bury Black Pudding Company Traditional Black Pudding Slices x4 230g', '£1.00', '£4.35 / kg')
('https://www.sainsburys.co.uk/shop/gb/groceries/product/details/breakfast-in-bed/violife-epic-mature', 'Violife Epic Mature Cheddar Flavour Block 200g', '£2.60', '£1.30 / 100g')
('https://www.sainsburys.co.uk/shop/gb/groceries/product/details/breakfast-in-bed/sainsburys-soft-multiseed-wholemeal-taste-the-difference-430g', "Sainsbury's Soft Multiseed Wholemeal, Taste the Difference 430g", '80p', '19p / 100g')
('https://www.sainsburys.co.uk/shop/gb/groceries/product/details/breakfast-in-bed/sainsburys-super-seeds-white-farmhouse-taste-the-difference-800g', "Sainsbury's Super Seeds White Farmhouse, Taste the Difference 800g", '£1.10', '14p / 100g')
('https://www.sainsburys.co.uk/shop/gb/groceries/product/details/breakfast-in-bed/sainsburys-authentic-fat-free-greek-yogurt-taste-the-difference-500g', "Sainsbury's Authentic Fat Free Greek Yogurt, Taste the Difference 500g", '£1.75', '35p / 100g')
('https://www.sainsburys.co.uk/shop/gb/groceries/product/details/breakfast-in-bed/sainsburys-sourdough-bread--taste-the-difference-400g', "Sainsbury's Sourdough Medium Sliced White Bread, Taste the Difference 400g", '£1.50', '38p / 100g')
('https://www.sainsburys.co.uk/shop/gb/groceries/product/details/breakfast-in-bed/the-jolly-hog-smoked-back-bacon-200g', 'The Jolly Hog Smoked Back Bacon 200g', '£2.00', '£10.00 / kg')
('https://www.sainsburys.co.uk/shop/gb/groceries/product/details/breakfast-in-bed/rude-health-organic-the-ultimate-granola-500g', 'Rude Health The Ultimate Granola, Organic 500g', '£5.00', '£1.00 / 100g')
('https://www.sainsburys.co.uk/shop/gb/groceries/product/details/breakfast-in-bed/shloer-celebration-pink-fizz-750ml', 'Shloer Pink Non Alcoholic Bubbly Sparkling Juice Drink 750ml', '£3.30', '44p / 100ml')
('https://www.sainsburys.co.uk/shop/gb/groceries/product/details/breakfast-in-bed/sainsburys-assam-tea-bags--taste-the-difference-x80', "Sainsbury's Assam Tea Bags Taste the Difference x80", '£2.40', '96p / 100g')
('https://www.sainsburys.co.uk/shop/gb/groceries/product/details/breakfast-in-bed/sainsburys-earl-grey-decaff-tea-50s--taste-the-difference-125g', "Sainsbury's Earl Grey Decaff Tea Bags, Taste the Difference x50", '£1.50', '£1.20 / 100g')
('https://www.sainsburys.co.uk/shop/gb/groceries/product/details/breakfast-in-bed/linda-mccartney-vegetarian-sausages-300g', 'Linda McCartney Vegetarian Sausages 300g', '£2.50', '£9.26 / kg')
('https://www.sainsburys.co.uk/shop/gb/groceries/product/details/breakfast-in-bed/sainsburys-ultimate-smoked-streaky-bacon--taste-the-difference-220g', "Sainsbury's Smoked Streaky Bacon, Taste the Difference 220g", '£2.75', '£12.50 / kg')
('https://www.sainsburys.co.uk/shop/gb/groceries/product/details/breakfast-in-bed/total-cows-milk-greek-yogurt-500g', 'FAGE Total Natural Greek Recipe Strained Yogurt 500g', '£2.00', '40p / 100g')
('https://www.sainsburys.co.uk/shop/gb/groceries/product/details/breakfast-in-bed/sainsburys-danish-maple-pecan-twists-x2', "Sainsbury's Danish Maple & Pecan Plait x2", '£1.30', '65p / ea')
('https://www.sainsburys.co.uk/shop/gb/groceries/product/details/breakfast-in-bed/alpro-long-life-soya-milk-alternative--original-1l', 'Alpro Soya Long Life Drink 1L', '£1.20', '£1.20 / ltr')
('https://www.sainsburys.co.uk/shop/gb/groceries/product/details/chocolate-and-sweets-/lindt-swiss-luxury-selection-215g', 'Lindt Swiss Luxury Selection Chocolate Box 195g', '£6.00', '£3.08 / 100g')
('https://www.sainsburys.co.uk/shop/gb/groceries/product/details/chocolate-and-sweets-/sainsburys-turkish-delight-rose---lemon-325g-ayr', "Sainsbury's Turkish Delight Rose & Lemon 325g", '£2.00', '62p / 100g')
('https://www.sainsburys.co.uk/shop/gb/groceries/product/details/chocolate-and-sweets-/lindt-lindor-milk-chocolate-337g', 'Lindt Lindor Milk Chocolate Truffles Box 337g', '£6.00', '£1.78 / 100g')
('https://www.sainsburys.co.uk/shop/gb/groceries/product/details/dairy-eggs-special-offers/fage-total-0-fat-free-greek-recipe-strained-yogurt-with-raspberry-pomegranate-170g', 'FAGE Total 0% Fat Free Greek Recipe Strained Yogurt with Raspberry Pomegranate 170g', '55p', '33p / 100g')
('https://www.sainsburys.co.uk/shop/gb/groceries/product/details/dairy-eggs-special-offers/alpro-fresh-coconut-drink-1l', 'Alpro Coconut Chilled Drink 1L', '£1.00', '£1.00 / ltr')
('https://www.sainsburys.co.uk/shop/gb/groceries/product/details/dairy-eggs-special-offers/gü-key-lime-pie-2x85g', 'Gü Peruvian Lime Cheesecake Desserts 2x78g', '£2.00', '£1.28 / 100g')
('https://www.sainsburys.co.uk/shop/gb/groceries/product/details/dairy-eggs-special-offers/activia-bio-yogurt-strawberry-4x125g', 'Activia Strawberry Yogurt 4x120g', '£1.00', '21p / 100g')
('https://www.sainsburys.co.uk/shop/gb/groceries/product/details/dairy-eggs-special-offers/muller-corner-vanilla-yogurt-with-chocolate-digestive-biscuits-130g-7553428-p', 'Muller Corner Vanilla Yogurt with Chocolate Digestive Biscuits 130g', '35p', '27p / 100g')
('https://www.sainsburys.co.uk/shop/gb/groceries/product/details/dairy-eggs-special-offers/lurpak-lightest-spreadable-500g', 'Lurpak Lightest Spreadable 500g', '£2.75', '£5.50 / kg')
('https://www.sainsburys.co.uk/shop/gb/groceries/product/details/dairy-eggs-special-offers/cadbury-twin-pot-limited-edition-90g', 'Cadbury Limited Edition Chocolate Dessert 85g', '47p', '55p / 100g')
('https://www.sainsburys.co.uk/shop/gb/groceries/product/details/dairy-eggs-special-offers/lurpak-unsalted-spreadable-500g', 'Lurpak Unsalted Spreadable 500g', '£2.75', '£5.50 / kg')
('https://www.sainsburys.co.uk/shop/gb/groceries/product/details/dairy-eggs-special-offers/rowan-glen-low-fat-strawberry-yogurt-4x125g', 'Rowan Glen Low Fat Strawberry Yogurt 4x125g', '£1.00', '20p / 100g')
('https://www.sainsburys.co.uk/shop/gb/groceries/product/details/dairy-eggs-special-offers/benecol-spread--light-500g', 'Benecol Light Spread 500g', '£3.00', '£6.00 / kg')
('https://www.sainsburys.co.uk/shop/gb/groceries/product/details/dairy-eggs-special-offers/spelga-low-fat-assorted-fruit-yogurt-4x125g', 'Spelga Low Fat Assorted Fruit Yogurt 4x125g', '£1.00', '20p / 100g')
('https://www.sainsburys.co.uk/shop/gb/groceries/product/details/dairy-eggs-special-offers/spelga-strawberry-yogurt-4x125g', 'Spelga Strawberry Yogurt 4x125g', '£1.00', '20p / 100g')
('https://www.sainsburys.co.uk/shop/gb/groceries/product/details/dairy-eggs-special-offers/flora-light-spread-1kg', 'Flora Light Vegan Spread 1kg', '£2.50', '£2.50 / kg')
('https://www.sainsburys.co.uk/shop/gb/groceries/product/details/dairy-eggs-special-offers/anchor-butter--original-250g', 'Anchor Salted Butter 250g', '£1.65', '£6.60 / kg')
('https://www.sainsburys.co.uk/shop/gb/groceries/product/details/dairy-eggs-special-offers/emmi-cappuccino-caffe-latte-iced-coffee-230ml', 'Emmi Caffe Latte Cappuccino Iced Coffee 230ml', '£1.55', '£6.74 / ltr')
('https://www.sainsburys.co.uk/shop/gb/groceries/product/details/dairy-eggs-special-offers/anchor-westbury-wiltshire-spreadable-750g', 'Anchor Westbury Wiltshire Spreadable 750g', '£3.75', '£5.00 / kg')
('https://www.sainsburys.co.uk/shop/gb/groceries/product/details/dairy-eggs-special-offers/danone-simply-fruit-veg-mango-carrot-banana-yogurt-4x110g', 'Danone Mango, Carrot & Banana No Added Sugar Yogurt 4x110g', '£1.25', '29p / 100g')
('https://www.sainsburys.co.uk/shop/gb/groceries/product/details/dairy-eggs-special-offers/yeo-valley-organic-crème-fraiche-salted-caramel-200g', 'Yeo Valley Organic Crème Fraiche Salted Caramel 200g', '£1.20', '60p / 100g')
('https://www.sainsburys.co.uk/shop/gb/groceries/product/details/dairy-eggs-special-offers/emmi-caffe-latte-mr-big-skinny-370ml', 'Emmi Caffe Latte Mr Big Skinny 370ml', '£1.75', '£4.73 / ltr')
('https://www.sainsburys.co.uk/shop/gb/groceries/product/details/dairy-eggs-special-offers/rora-dairy-scottish-strawberry-live-yogurt-490g', 'Rora Dairy Scottish Strawberry Live Yogurt 490g', '£2.00', '41p / 100g')
('https://www.sainsburys.co.uk/shop/gb/groceries/product/details/dairy-eggs-special-offers/mini-babybel-light-6-x-20g', 'Mini Babybel Light Cheese Snacks 6x20g', '£1.00', '£8.33 / kg')
('https://www.sainsburys.co.uk/shop/gb/groceries/product/details/dairy-eggs-special-offers/no1-kombucha-ginger-turmeric-275ml', 'No.1 Kombucha Ginger & Turmeric 275ml', '£1.50', '55p / 100ml')
('https://www.sainsburys.co.uk/shop/gb/groceries/product/details/dairy-eggs-special-offers/the-collective-kefir-mango-turmeric-cultured-drink-500ml', 'The Collective Kefir Mango & Turmeric Cultured Drink 500ml', '£1.75', '35p / 100ml')
('https://www.sainsburys.co.uk/shop/gb/groceries/product/details/dairy-eggs-special-offers/grahams-the-family-dairy-skyr-natural-icelandic-style-yogurt', "Graham's The Family Dairy Skyr Natural Icelandic Style Yogurt", '£1.20', '26p / 100g')
('https://www.sainsburys.co.uk/shop/gb/groceries/product/details/dairy-eggs-special-offers/shaken-udder-strawberries-clotted-cream-330ml', 'Shaken Udder Strawberries & Clotted Cream 330ml', '£1.40', '42p / 100ml')
('https://www.sainsburys.co.uk/shop/gb/groceries/product/details/dairy-eggs-special-offers/castello-extra-creamy-brie-cheese-200g', 'Castello Extra Creamy Brie 200g', '£1.50', '£7.50 / kg')
('https://www.sainsburys.co.uk/shop/gb/groceries/product/details/dairy-eggs-special-offers/grahams-protein-22-blueberry-yogurt-190g', "Graham's Protein 22 Blueberry Yogurt 190g", '75p', '40p / 100g')
('https://www.sainsburys.co.uk/shop/gb/groceries/product/details/dairy-eggs-special-offers/grahams-protein-22-raspberry-yogurt-190g', "Graham's Protein 22 Raspberry Yogurt 190g", '75p', '40p / 100g')
('https://www.sainsburys.co.uk/shop/gb/groceries/product/details/dairy-eggs-special-offers/mars-sportscap-400ml', 'Mars Sportscap 400ml', '£1.40', '£3.50 / ltr')
('https://www.sainsburys.co.uk/shop/gb/groceries/product/details/dairy-eggs-special-offers/for-goodness-shakes-protein-nutrition-chocolate-315ml', 'For Goodness Shakes Protein Nutrition Chocolate Shake 315ml', '£1.45', '£4.60 / ltr')
('https://www.sainsburys.co.uk/shop/gb/groceries/product/details/dairy-eggs-special-offers/collective-fudge-yogurt-450g', 'The Collective Russian Fudge Gourmet Live Yogurt 450g', '£1.30', '29p / 100g')
('https://www.sainsburys.co.uk/shop/gb/groceries/product/details/dairy-eggs-special-offers/liberte-greek-style-low-fat-mango-yogurt-4x100g', 'Liberte Fat Free Mango Yogurt 4x100g', '£1.00', '25p / 100g')
('https://www.sainsburys.co.uk/shop/gb/groceries/product/details/dairy-eggs-special-offers/yeo-valley-organic-lemon-curd-yogurt-450g', 'Yeo Valley Organic Lemon Curd Yogurt 450g', '£1.00', '22p / 100g')
('https://www.sainsburys.co.uk/shop/gb/groceries/product/details/dairy-eggs-special-offers/up---go-nutritious-breakfast-drink-strawberry-250ml', 'Up & Go Breakfast Drink Strawberry 330ml', '65p', '20p / 100ml')
('https://www.sainsburys.co.uk/shop/gb/groceries/product/details/dairy-eggs-special-offers/country-life-spreadable-500g', 'Country Life British Spreadable 500g', '£2.25', '£4.50 / kg')
('https://www.sainsburys.co.uk/shop/gb/groceries/product/details/dairy-eggs-special-offers/jus-rol-puff-pastry-sheets-320g', 'Jus-Rol Puff Pastry Ready Rolled Sheet 320g', '£1.00', '31p / 100g')
('https://www.sainsburys.co.uk/shop/gb/groceries/product/details/dairy-eggs-special-offers/pb-raspberry-330ml', 'PB Protein Blend Wild Raspberry Flavour 330ml', '£1.75', '£5.31 / ltr')
('https://www.sainsburys.co.uk/shop/gb/groceries/product/details/dairy-eggs-special-offers/bonne-maman-rhubarb-strawberry-yog-450g', 'Bonne Maman Yoghurt Rhubarb Strawberry 450g', '£1.75', '39p / 100g')
('https://www.sainsburys.co.uk/shop/gb/groceries/product/details/dairy-eggs-special-offers/arla-skyr-natural-yogurt-1kg-7851154-p-44', 'Arla Skyr Icelandic Style Natural Yogurt 1kg', '£2.00', '20p / 100g')
('https://www.sainsburys.co.uk/shop/gb/groceries/product/details/dairy-eggs-special-offers/yeo-valley-super-thick-5-natural-850g', 'Yeo Valley Super Thick 5% Natural Yoghurt 850g', '£3.00', '35p / 100g')
('https://www.sainsburys.co.uk/shop/gb/groceries/product/details/dairy-eggs-special-offers/rora-dairy-scottish-raspberry-live-yogurt-490g', 'Rora Dairy Scottish Raspberry Live Yogurt 490g', '£2.00', '41p / 100g')
('https://www.sainsburys.co.uk/shop/gb/groceries/product/details/new-in-season/sainsburys-british-king-edward-potatoes-2kg', "Sainsbury's British King Edward Potatoes 2kg", '£1.75', '88p / kg')
('https://www.sainsburys.co.uk/shop/gb/groceries/product/details/new-in-season/sainsburys-caramella-cherry-vine-tomatoes-taste-the-difference-250g', "Sainsbury's Caramella Cherry Vine Tomatoes, Taste the Difference 250g", '£1.75', '£7.00 / kg')
('https://www.sainsburys.co.uk/shop/gb/groceries/product/details/new-in-season/sainsburys-extra-large-blueberries-150g', "Sainsbury's Extra Large Blueberries 150g", '£2.00', '£13.33 / kg')
('https://www.sainsburys.co.uk/shop/gb/groceries/product/details/new-in-season/sainsburys-flat-peaches-x4', "Sainsbury's Flat Peaches x4", '£1.00', '25p / ea')
('https://www.sainsburys.co.uk/shop/gb/groceries/product/details/new-in-season/sainsburys-mixed-nuts-in-shell-400g-7313731-p-44', "Sainsbury's Mixed Nuts In Shell 400g", '20p', '5p / 100g')
('https://www.sainsburys.co.uk/shop/gb/groceries/product/details/new-in-season/sainsburys-green-plant-plant-may-vary-', "Sainsbury's Green Plant 12cm (Plant may vary)", '£3.50', '£3.50 / ea')
('https://www.sainsburys.co.uk/shop/gb/groceries/product/details/new-in-season/sainsburys-sweetcorn-single-cobs-2899-p-44', "Sainsbury's Sweetcorn Single Cobs", '70p', '70p / ea')
('https://www.sainsburys.co.uk/shop/gb/groceries/product/details/new-in-season/sainsburys-peaches-ripe---ready-x4', "Sainsbury's Peaches, Ripe & Ready x4", '£3.00', '75p / ea')
('https://www.sainsburys.co.uk/shop/gb/groceries/product/details/new-in-season/sainsburys-peach-punnet-x4', "Sainsbury's Peach Punnet (Min x4)", '£1.75', '44p / ea')
('https://www.sainsburys.co.uk/shop/gb/groceries/product/details/new-in-season/sainsburys-easy-peelers-600g', "Sainsbury's Easy Peelers 600g", '£1.35', '£2.25 / kg')
('https://www.sainsburys.co.uk/shop/gb/groceries/product/details/new-in-season/sainsburys-beetroot-vacuum-pack-250g', "Sainsbury's Beetroot Vacuum Pack 250g", '80p', '32p / 100g')
('https://www.sainsburys.co.uk/shop/gb/groceries/product/details/new-in-season/sainsburys-runner-beans-225g', "Sainsbury's Runner Beans 225g", '£1.25', '£5.56 / kg')
('https://www.sainsburys.co.uk/shop/gb/groceries/product/details/new-in-season/sainsburys-strawberries-227g', "Sainsbury's Strawberries 250g", '£1.75', '£7.00 / kg')
('https://www.sainsburys.co.uk/shop/gb/groceries/product/details/new-in-season/uk-asparagus-fine-100g', "Sainsbury's Fine British Asparagus 100g", '£1.75', '£17.50 / kg')
('https://www.sainsburys.co.uk/shop/gb/groceries/product/details/new-in-season/sainsburys-british-begonia', "Sainsbury's British Begonia Plant (Colour may vary)", '£3.50', '£3.50 / ea')
('https://www.sainsburys.co.uk/shop/gb/groceries/product/details/new-in-season/sainsburys-stocks-bouquet', "Sainsbury's Stocks Bouquet", '£4.00', '£4.00 / ea')
('https://www.sainsburys.co.uk/shop/gb/groceries/product/details/new-in-season/sainsburys-avocado-hass', 'By Sainsbury’s Medium Ripe & Ready Avocado', '75p', '75p / ea')
('https://www.sainsburys.co.uk/shop/gb/groceries/product/details/new-in-season/sainsburys-vittoria-tomatoes--taste-the-difference-270g', "Sainsbury's Vittoria on the Vine Cherry Tomatoes, Taste the Difference 250g", '£1.75', '£7.00 / kg')
('https://www.sainsburys.co.uk/shop/gb/groceries/product/details/new-in-season/sainsburys-celery-sticks-350g', "Sainsbury's Celery Sticks 350g", '£1.00', '29p / 100g')
('https://www.sainsburys.co.uk/shop/gb/groceries/product/details/new-in-season/sainsburys-ripe-ready-plums-x5', "Sainsbury's Ripe & Ready Plums x5", '£2.00', '40p / ea')
('https://www.sainsburys.co.uk/shop/gb/groceries/product/details/new-in-season/sainsburys-baby-potatoes-1kg', "Sainsbury's Baby Potatoes 1kg", '90p', '90p / kg')
('https://www.sainsburys.co.uk/shop/gb/groceries/product/details/new-in-season/sainsburys-spring-onions-bunch-100g', "Sainsbury's Spring Onions Bunch 100g", '37p', '37p / ea')
('https://www.sainsburys.co.uk/shop/gb/groceries/product/details/new-in-season/sainsburys-stringless-beans-225g', "Sainsbury's Stringless Beans 225g", '£1.00', '£4.45 / kg')
('https://www.sainsburys.co.uk/shop/gb/groceries/product/details/new-in-season/sainsburys-raspberries-225g', "Sainsbury's Raspberries 225g", '£2.75', '£12.22 / kg')
('https://www.sainsburys.co.uk/shop/gb/groceries/product/details/new-in-season/sainsburys-strawberries-taste-the-difference-400g', "Sainsbury's Strawberries, Taste the Difference 400g", '£3.00', '£7.50 / kg')
('https://www.sainsburys.co.uk/shop/gb/groceries/product/details/new-in-season/sainsburys-cherries-800g', "Sainsbury's Cherries 800g", '£4.50', '£5.63 / kg')
('https://www.sainsburys.co.uk/shop/gb/groceries/product/details/new-in-season/sainsburys-white-chicory-250g', "Sainsbury's White Chicory 250g", '£1.65', '66p / 100g')
('https://www.sainsburys.co.uk/shop/gb/groceries/product/details/new-in-season/sainsburys-raspberries-350g-7643510-p-44', "Sainsbury's Raspberries 350g", '£3.50', '£10.00 / kg')
('https://www.sainsburys.co.uk/shop/gb/groceries/product/details/new-in-season/sainsburys-jerusalem-artichokes-350g-167512-p-44', "Sainsbury's Jerusalem Artichokes 350g", '£1.50', '£4.29 / kg')
('https://www.sainsburys.co.uk/shop/gb/groceries/product/details/new-in-season/vibrant-tulips', "Sainsbury's Tulips Bouquet (Colour may vary)", '£2.50', '£2.50 / ea')
('https://www.sainsburys.co.uk/shop/gb/groceries/product/details/new-in-season/sainsburys-celery-450g', "Sainsbury's Celery", '43p', '43p / ea')
('https://www.sainsburys.co.uk/shop/gb/groceries/product/details/new-in-season/sainsburys-celeriac', "Sainsbury's Celeriac", '£1.47 / kg', '£1.47 / kg')
('https://www.sainsburys.co.uk/shop/gb/groceries/product/details/new-in-season/sainsburys-nectarines--ripe---ready-x4', "Sainsbury's Nectarines, Ripe & Ready x4", '£3.00', '75p / ea')
('https://www.sainsburys.co.uk/shop/gb/groceries/product/details/new-in-season/sainsburys-aubergine', "Sainsbury's Aubergine", '60p', '60p / ea')
('https://www.sainsburys.co.uk/shop/gb/groceries/product/details/new-in-season/sainsburys-courgettes-500g', "Sainsbury's Courgettes 500g", '£1.25', '£2.50 / kg')
('https://www.sainsburys.co.uk/shop/gb/groceries/product/details/new-in-season/sainsburys-butternut-squash-loose', "Sainsbury's Butternut Squash Loose", '£1.50 / kg', '£1.50 / kg')
('https://www.sainsburys.co.uk/shop/gb/groceries/product/details/new-in-season/sainsburys-romaine-lettuce-hearts--twin-pack-x2-340g', "Sainsbury's Romaine Lettuce Hearts, Twin Pack x2", '£1.00', '50p / ea')
('https://www.sainsburys.co.uk/shop/gb/groceries/product/details/new-in-season/sainsburys-figs-140g', "Sainsbury's Figs 140g", '£2.00', '50p / ea')
('https://www.sainsburys.co.uk/shop/gb/groceries/product/details/flowers---seeds/sainsburys-rose---alstroemeria-7766514-p-44', "Sainsbury's Rose & Alstroemeria Bouquet", '£5.00', '£5.00 / ea')
('https://www.sainsburys.co.uk/shop/gb/groceries/product/details/flowers---seeds/sainsburys-mini-ceramic-jug', "Sainsbury's Mini Ceramic Jug (Colours may vary)", '£4.00', '£4.00 / ea')
('https://www.sainsburys.co.uk/shop/gb/groceries/product/details/flowers---seeds/hyacinth-basket', 'Hyacinth Basket', '1p', '1p / ea')
('https://www.sainsburys.co.uk/shop/gb/groceries/product/details/flowers---seeds/sainsburys-hyacinth-paper-cup', 'Hyacinth in Paper Pot', '£3.00', '£3.00 / ea')
('https://www.sainsburys.co.uk/shop/gb/groceries/product/details/flowers---seeds/sainsburys-pastel-fun-posy', "Sainsbury's Pastel Fun Posy", '£5.00', '£5.00 / ea')
('https://www.sainsburys.co.uk/shop/gb/groceries/product/details/flowers---seeds/luxury-foliage-bouquet', 'Luxury Foliage Bouquet', '1p', '1p / ea')
('https://www.sainsburys.co.uk/shop/gb/groceries/product/details/flowers---seeds/sainsburys-cape-flora-bouquet', "Sainsbury's Cape Flora Bouquet", '£10.00', '£10.00 / ea')
('https://www.sainsburys.co.uk/shop/gb/groceries/product/details/flowers---seeds/sainsburys-daffodils', "Sainsbury's Daffodils", '£1.00', '£1.00 / ea')
('https://www.sainsburys.co.uk/shop/gb/groceries/product/details/flowers---seeds/sainsburys-valentines-roses', "Sainsbury's Premium Red Freedom Roses Bouquet", '1p', '1p / ea')
('https://www.sainsburys.co.uk/shop/gb/groceries/product/details/vegan-drink/holy-moly:-chocolate-nut-shake-750ml', 'Holy Moly Chocolate Nut Shake 750ml', '£3.80', '£5.07 / ltr')
('https://www.sainsburys.co.uk/shop/gb/groceries/product/details/vegan-drink/lucky-saint-unfiltered-low-alcohol-lager-330ml', 'Lucky Saint Unfiltered Low Alcohol Lager 330ml', '£1.80', '£5.45 / ltr')
('https://www.sainsburys.co.uk/shop/gb/groceries/product/details/vegan-drink/sainsburys-unsweetened-soya-drink-1l', "Sainsbury's Unsweetened Soya Drink 1L", '95p', '95p / ltr')
('https://www.sainsburys.co.uk/shop/gb/groceries/product/details/vegan-drink/nexba-strawberry-1l', 'Nexba Naturally Sugar Free Sparkling Flavoured Water, Strawberry & Raspberry 1L', '£1.25', '13p / 100ml')
('https://www.sainsburys.co.uk/shop/gb/groceries/product/details/vegan-drink/nexba-coconut-mango-flavoured-sparkling-water-1l', 'Nexba Naturally Sugar Free Coconut & Mango Flavoured Sparkling Water 1L', '£1.25', '13p / 100ml')
('https://www.sainsburys.co.uk/shop/gb/groceries/product/details/vegan-drink/califia-farms-chocolate-coconut-almond-blend-drink-750ml', 'Califia Farms Chocolate Coconut Almond Blend Drink 750ml', '£2.40', '£3.20 / ltr')
('https://www.sainsburys.co.uk/shop/gb/groceries/product/details/vegan-drink/alpro-caffe-coffee---hazelnut-dairy-free-drink-1l', 'Alpro Caffe Coffee & Hazelnut Fresh Drink 1L', '£2.55', '£2.55 / ltr')
('https://www.sainsburys.co.uk/shop/gb/groceries/product/details/vegan-drink/sainsburys-house-torla-rioja-75cl-7790922-p-44', "Sainsbury's House Torla Rioja 75cl", '£5.00', '£5.00 / 75cl')
('https://www.sainsburys.co.uk/shop/gb/groceries/product/details/vegan-drink/sainsburys-cava-medium-dry-75cl', "Sainsbury's Cava Medium Dry 75cl", '£6.00', '£6.00 / 75cl')
('https://www.sainsburys.co.uk/shop/gb/groceries/product/details/vegan-drink/alpro-original-chilled-milk-alternative-1l', 'Alpro Soya Chilled Drink 1L', '£1.55', '£1.55 / ltr')
('https://www.sainsburys.co.uk/shop/gb/groceries/product/details/plant-pioneers/plant-pioneer-vegan-no-beef-mince-220g', 'Plant Pioneer Vegan No Beef Mince 220g', '£2.25', '£10.23 / kg')
('https://www.sainsburys.co.uk/shop/gb/groceries/product/details/plant-pioneers/plant-pioneers-chocolate-caramel-pots-2x100g', 'Plant Pioneers Chocolate & Caramel Pots 2x100g', '£2.00', '£1.00 / 100g')
('https://www.sainsburys.co.uk/shop/gb/groceries/product/details/plant-pioneers/plant-pioneers-maple-thyme-parsnips-450g', 'Plant Pioneers Maple&thyme Parsnips 450g', '£2.50', '£5.56 / kg')
('https://www.sainsburys.co.uk/shop/gb/groceries/product/details/plant-pioneers/plant-pioneer-no-turkey-parcel-365g-8032443-p-44', 'Plant Pioneer No Turkey Parcel 365g', '£6.00', '£16.44 / kg')
('https://www.sainsburys.co.uk/shop/gb/groceries/product/details/plant-pioneers/plant-pioneer-tikka-masala-rice-400g', 'Plant Pioneers Vegan Tikka Masala & Pilau Rice 400g (Serves 1)', '£2.75', '£6.88 / kg')
('https://www.sainsburys.co.uk/shop/gb/groceries/product/details/plant-pioneers/plant-pioneers-spicy-no-lamb-shawarma-jackfruit-150g', 'Plant Pioneers Spicy No Lamb Shawarma Jackfruit 150g', '£1.50', '£10.00 / kg')
('https://www.sainsburys.co.uk/shop/gb/groceries/product/details/plant-pioneers/sainsburys-meat-free-chicken-pieces', 'Plant Pioneers Meat Free Chicken-Style Pieces 300g', '£1.75', '£5.83 / kg')
('https://www.sainsburys.co.uk/shop/gb/groceries/product/details/plant-pioneers/plant-pioneers-spicy-no-meat-pizza-288g', 'Plant Pioneers Vegan Spicy Pepperoni 288g', '£3.00', '£10.42 / kg')
('https://www.sainsburys.co.uk/shop/gb/groceries/product/details/plant-pioneers/plant-pioneers-no-prawn-toast-123g', 'Plant Pioneers No Prawn Toast x4 123g', '£2.25', '£18.29 / kg')
('https://www.sainsburys.co.uk/shop/gb/groceries/product/details/plant-pioneers/plant-pioneers-no-pork-belly-200g', 'Plant Pioneers No Pork Belly 200g', '£4.00', '£20.00 / kg')
('https://www.sainsburys.co.uk/shop/gb/groceries/product/details/plant-pioneers/plant-pioneer-hotnspicy-goujons-210g', 'Plant Pioneer Hotnspicy Goujons 210g', '£2.50', '£11.91 / kg')
('https://www.sainsburys.co.uk/shop/gb/groceries/product/details/plant-pioneers/plant-pioneers-banana-blossom-in-water-400g', 'Plant Pioneers Banana Blossom in Water 400g', '£1.50', '£3.75 / kg')
('https://www.sainsburys.co.uk/shop/gb/groceries/product/details/special-offers-462352-44/ape-chocolate-coconut-bites-26g', 'Ape Chocolate Coconut Bites 26g', '90p', '£3.47 / 100g')
('https://www.sainsburys.co.uk/shop/gb/groceries/product/details/special-offers-462352-44/metcalfes-sea-salt-popcorn-6x11g', "Metcalfe's Sea Salt Charity Popcorn Multipack 6x11g", '£1.25', '£1.90 / 100g')
('https://www.sainsburys.co.uk/shop/gb/groceries/product/details/special-offers-462352-44/glorious!-reviving-carrot--butternut---ginger-soup-600g', 'Glorious! Reviving Carrot, Butternut & Ginger Soup 600g', '£1.50', '25p / 100g')
('https://www.sainsburys.co.uk/shop/gb/groceries/product/details/special-offers-462352-44/sainsburys-arrabiata-sauce-350g', "Sainsbury's Arrabiata Sauce 350g", '£1.25', '36p / 100g')
('https://www.sainsburys.co.uk/shop/gb/groceries/product/details/special-offers-462352-44/metcalfes-sweet-n-salt-popcorn-6x17g', "Metcalfe's Sweet & Salt Popcorn Multipack 6x17g", '£1.25', '£1.22 / 100g')
('https://www.sainsburys.co.uk/shop/gb/groceries/product/details/special-offers-462352-44/mediterranean-falafel-300g', 'Mediterranean Falafel 300g', '£2.00', '66p / 100g')
('https://www.sainsburys.co.uk/shop/gb/groceries/product/details/special-offers-462352-44/kettle-chips-sea-salt---balsamic-vinegar-40g', 'Kettle Chips Sea Salt & Balsamic Vinegar Crisps 40g', '90p', '£2.25 / 100g')
('https://www.sainsburys.co.uk/shop/gb/groceries/product/details/special-offers-462352-44/kettle-chips-sea-salt---balsamic-vinegar-150g', 'Kettle Chips Sea Salt & Balsamic Vinegar of Modena Sharing Crisps 150g', '£1.00', '67p / 100g')
('https://www.sainsburys.co.uk/shop/gb/groceries/product/details/special-offers-462352-44/richmond-frozen-meat-free-burgers-x4-280g', 'Richmond Frozen Meat Free Vegan Burgers x4 280g', '£2.50', '£8.92 / kg')
('https://www.sainsburys.co.uk/shop/gb/groceries/product/details/special-offers-462352-44/sainsburys-my-goodness-jerk-style-jackfruit-with-sweet-potato-380g', "Sainsbury's My Goodness! Vegan Jerk Style Jackfruit with Sweet Potato 380g", '£3.00', '£7.89 / kg')
('https://www.sainsburys.co.uk/shop/gb/groceries/product/details/special-offers-462352-44/brite-focus-pineapple-mango-330ml', 'Brite Focus Pineapple & Mango 330ml', '£1.60', '49p / 100ml')
('https://www.sainsburys.co.uk/shop/gb/groceries/product/details/special-offers-462352-44/plant-pioneers-no-cheez-sauce-350g', 'Plant Pioneers No Cheez Sauce 350g', '£1.25', '£3.57 / kg')
('https://www.sainsburys.co.uk/shop/gb/groceries/product/details/special-offers-462352-44/plant-pioneers-tomato-mascarphone-350g', 'Plant Pioneers Tomato & Mascarphone 350g', '£1.25', '£3.57 / kg')
('https://www.sainsburys.co.uk/shop/gb/groceries/product/details/special-offers-462352-44/be-6-green-cuisine-meatfree-sausage-300g', 'Birds Eye Green Cuisine Succulent Meat-Free Sausages 300g', '£1.50', '£5.00 / kg')
('https://www.sainsburys.co.uk/shop/gb/groceries/product/details/special-offers-462352-44/be-2-green-cuisine-meatfree-burgers-200g', 'Birds Eye Green Cuisine Meat-Free Burgers x2 200g', '£1.50', '£7.50 / kg')
('https://www.sainsburys.co.uk/shop/gb/groceries/product/details/special-offers-462352-44/alpro-caffe-ethiopian-coffee-soya-caramel-blend-235ml', 'Alpro Caffe Latte Ethiopian Coffee and Soya Caramel Chilled Drink 235ml', '£1.80', '77p / 100ml')
('https://www.sainsburys.co.uk/shop/gb/groceries/product/details/special-offers-462352-44/landric-champagne-brut-75cl', 'Landric Champagne Brut 75cl', '£20.00', '£20.00 / 75cl')
('https://www.sainsburys.co.uk/shop/gb/groceries/product/details/special-offers-462352-44/lo-bros-gut-shot-ginger-organic-60ml', 'Lo Bros Organic Kombucha Gut Shot Ginger 60ml', '£1.75', '£2.92 / 100ml')
('https://www.sainsburys.co.uk/shop/gb/groceries/product/details/special-offers-462352-44/plant-pioneer-cauliflower-bake-400g', 'Plant Pioneers Cauliflower Bake 400g', '£2.25', '£5.63 / kg')
('https://www.sainsburys.co.uk/shop/gb/groceries/product/details/alcoholic-gifts/chambord-liqueur-5cl-miniature-', 'Chambord Liqueur 5cl (Miniature)', '£3.00', '£60.00 / ltr')
('https://www.sainsburys.co.uk/shop/gb/groceries/product/details/alcoholic-gifts/glenfiddich-12-year-old-single-malt-scotch-whisky-70cl-2373027-p', 'Glenfiddich 12 Year Old Single Malt Scotch Whisky 70cl', '£27.00', '£38.57 / ltr')
('https://www.sainsburys.co.uk/shop/gb/groceries/product/details/greeting-cards---gift-bags/celebrate-champagne-glasses-bottle-bag', "Sainsbury's Home Celebrate Champagne Glasses Bottle Bag", '£1.00', '£1.00 / ea')
('https://www.sainsburys.co.uk/shop/gb/groceries/product/details/greeting-cards---gift-bags/navy-and-rose-gold-bottle-bag', "Sainsbury's Home Navy And Rose Gold Bottle Bag", '£1.50', '£1.50 / ea')
('https://www.sainsburys.co.uk/shop/gb/groceries/product/details/greeting-cards---gift-bags/celebrate-splodges-bottle-bag-lux-', "Sainsbury's Home Celebrate Splodges Bottle Bag (Lux)", '£1.50', '£1.50 / ea')
('https://www.sainsburys.co.uk/shop/gb/groceries/product/details/greeting-cards---gift-bags/art-its-a-girl-stripe', 'It’s a Girl Stripe Card', '£2.00', '£2.00 / ea')
('https://www.sainsburys.co.uk/shop/gb/groceries/product/details/greeting-cards---gift-bags/lla-fluffies-congrats-congratulations!', 'Congratulations Card', '£2.00', '£2.00 / ea')
('https://www.sainsburys.co.uk/shop/gb/groceries/product/details/greeting-cards---gift-bags/framed-dalmation-in-paint-card', 'Framed Dalmation in Paint Card', '£2.00', '£2.00 / ea')
('https://www.sainsburys.co.uk/shop/gb/groceries/product/details/greeting-cards---gift-bags/iris-dark-floral-birthday-card', 'Iris Dark Floral Birthday Card', '£2.00', '£2.00 / ea')
('https://www.sainsburys.co.uk/shop/gb/groceries/product/details/greeting-cards---gift-bags/take-a-view-blank-island-card', 'Take A View Blank Island Card', '£2.00', '£2.00 / ea')
('https://www.sainsburys.co.uk/shop/gb/groceries/product/details/greeting-cards---gift-bags/blue-dashes-birthday-boy-card', 'Blue Dashes Birthday Boy Card', '£2.00', '£2.00 / ea')
('https://www.sainsburys.co.uk/shop/gb/groceries/product/details/greeting-cards---gift-bags/ohh-dear-new-baby-guide', 'New Baby Guide Card', '£2.00', '£2.00 / ea')
('https://www.sainsburys.co.uk/shop/gb/groceries/product/details/greeting-cards---gift-bags/min-knit-pur-goodbye-knitted', "Sorry you're Leaving Goodbye Knitted Card", '£3.00', '£3.00 / ea')
('https://www.sainsburys.co.uk/shop/gb/groceries/product/details/greeting-cards---gift-bags/lace-happy-birthday-card-blank-', 'Lace Happy Birthday Card (Blank)', '£3.00', '£3.00 / kg')
('https://www.sainsburys.co.uk/shop/gb/groceries/product/details/greeting-cards---gift-bags/royal-mail-second-class-stamps-x12', 'Royal Mail Second Class Stamps x12', '£7.92', '66p / ea')
('https://www.sainsburys.co.uk/shop/gb/groceries/product/details/greeting-cards---gift-bags/black-yellow-swoosh-medium-bag', "Sainsbury's Home Black & Yellow Swoosh Medium Bag", '£1.50', '£1.50 / ea')
('https://www.sainsburys.co.uk/shop/gb/groceries/product/details/greeting-cards---gift-bags/sainsburys-feel-btter-soon-clouds-pointer', "Sainsbury's Home Feel better Soon Clouds and Pointer Card", '£2.50', '£2.50 / ea')
('https://www.sainsburys.co.uk/shop/gb/groceries/product/details/greeting-cards---gift-bags/old-enough-to-know-better-birthday-card', 'Old Enough to Know Better Birthday Card', '£2.00', '£2.00 / ea')
('https://www.sainsburys.co.uk/shop/gb/groceries/product/details/greeting-cards---gift-bags/ginger-cat-with-paper-card', 'Ginger Cat With Paper Card', '£2.00', '£2.00 / ea')
('https://www.sainsburys.co.uk/shop/gb/groceries/product/details/greeting-cards---gift-bags/say-cheese-birthday-card', 'Say Cheese Birthday Card', '£2.00', '£2.00 / kg')
('https://www.sainsburys.co.uk/shop/gb/groceries/product/details/greeting-cards---gift-bags/pink-birthday-girl-card', 'Pink Birthday Girl Card', '£2.00', '£2.00 / ea')
('https://www.sainsburys.co.uk/shop/gb/groceries/product/details/greeting-cards---gift-bags/crl-neon-occasions-thank-you', 'Neon Thank you Card', '£2.00', '£2.00 / ea')
('https://www.sainsburys.co.uk/shop/gb/groceries/product/details/greeting-cards---gift-bags/art-its-a-boy-stripe', 'Its a Boy Stripe Card', '£2.00', '£2.00 / ea')
('https://www.sainsburys.co.uk/shop/gb/groceries/product/details/home-and-toys/v-a-hand-care-kit', 'V&A Hand Care Kit', '£12.00', '£12.00 / ea')
('https://www.sainsburys.co.uk/shop/gb/groceries/product/details/home-and-toys/sainsburys-home-jar-candle-patchouli-amber', "Sainsbury's Home Jar Candle Patchouli & Amber", '£5.00', '£5.00 / ea')
('https://www.sainsburys.co.uk/shop/gb/groceries/product/details/home-and-toys/yankee-exotic-fruits-wax-melts', 'Yankee Wax Melts Exotic Fruits', '£3.50', '£3.50 / ea')
('https://www.sainsburys.co.uk/shop/gb/groceries/product/details/home-and-toys/sainsburys-home-diffuser-40ml-patchouli-amber', "Sainsbury's Home Diffuser 40ml Patchouli & Amber", '£3.50', '£3.50 / ea')
('https://www.sainsburys.co.uk/shop/gb/groceries/product/details/home-and-toys/sainsburys-home-diffuser-90ml-seasalt-cedar', "Sainsbury's Home Diffuser 90ml Seasalt & Cedar", '£8.00', '£8.00 / ea')
('https://www.sainsburys.co.uk/shop/gb/groceries/product/details/home-and-toys/sainsburys-home-tapered-candle-patchouli-amber', "Sainsbury's Home Tapered Candle Patchouli & Amber", '£3.00', '£3.00 / ea')
('https://www.sainsburys.co.uk/shop/gb/groceries/product/details/home-and-toys/sainsburys-home-multi-wick-candle-seasalt-cedar', "Sainsbury's Home Multi Wick Candle Seasalt & Cedar", '£7.00', '£7.00 / ea')
('https://www.sainsburys.co.uk/shop/gb/groceries/product/details/home-and-toys/yankee-small-jar-rose-lemonade', 'Yankee Small Jar Rose Lemonade Candle', '£5.00', '£5.00 / ea')
('https://www.sainsburys.co.uk/shop/gb/groceries/product/details/home-and-toys/lego-friends-juice-truck-41397', 'Lego Friends Juice Truck 41397', '£18.00', '£18.00 / ea')
('https://www.sainsburys.co.uk/shop/gb/groceries/product/details/home-and-toys/the-chateau-by-angel-strawbridge-ceramic-candle-pretty-peony', 'The Chateau By Angel Strawbridge Ceramic Candle Pretty Peony', '£10.00', '£10.00 / ea')
('https://www.sainsburys.co.uk/shop/gb/groceries/product/details/home-and-toys/the-chateau-by-angel-strawbridge-diffuser-delicate-sweet-pea', 'The Chateau By Angel Strawbridge Diffuser Delicate Sweet Pea', '£10.00', '£10.00 / ea')
('https://www.sainsburys.co.uk/shop/gb/groceries/product/details/home-and-toys/the-chateau-by-angel-strawbridge-boxed-candle-jasmine-flower', 'The Chateau By Angel Strawbridge Boxed Candle Jasmine Flower', '£6.00', '£6.00 / ea')
('https://www.sainsburys.co.uk/shop/gb/groceries/product/details/home-and-toys/lego-friends-turtles-rescue-mission-41376', 'Lego Friends Turtle Rescue Mission 41376', '£14.00', '£14.00 / ea')
('https://www.sainsburys.co.uk/shop/gb/groceries/product/details/home-and-toys/yankee-large-jar-sugared-blossom-134770668-p', 'Yankee Large Jar Sugared Blossom Candle', '£14.00', '£14.00 / ea')
('https://www.sainsburys.co.uk/shop/gb/groceries/product/details/home-and-toys/yankee-large-jar-white-hammock-134770721-p', 'Yankee Large Jar White Hammock', '£14.00', '£14.00 / ea')
('https://www.sainsburys.co.uk/shop/gb/groceries/product/details/home-and-toys/sainsburys-home-soft-grip-scissors-131467751-p', "Sainsbury's Home Soft Grip Scissors", '£4.50', '£4.50 / ea')
('https://www.sainsburys.co.uk/shop/gb/groceries/product/details/home-and-toys/light-up-pen', 'Light Up Pen', '£6.00', '£6.00 / ea')
('https://www.sainsburys.co.uk/shop/gb/groceries/product/details/home-and-toys/mug-d-138077385-p-44', 'Mug "D"', '£4.50', '£4.50 / ea')
('https://www.sainsburys.co.uk/shop/gb/groceries/product/details/home-and-toys/mug-a-138077318-p-44', 'Mug "A"', '£4.50', '£4.50 / ea')
('https://www.sainsburys.co.uk/shop/gb/groceries/product/details/home-and-toys/joules-brights-pen-pouch-set', 'Joules Brights Pen & Pouch Set', '£15.00', '£15.00 / ea')
('https://www.sainsburys.co.uk/shop/gb/groceries/product/details/home-and-toys/joules-brights-set-of-2-a5-notebooks', 'Joules Brights Set Of 2 A5 Notebooks', '£9.00', '£9.00 / ea')
('https://www.sainsburys.co.uk/shop/gb/groceries/product/details/discover-build-a-roast/sainsburys-standard-turkey-4-499kg', "Sainsbury's Standard Turkey 4-4.99kg", '£20.50', '£5.13 / kg')
('https://www.sainsburys.co.uk/shop/gb/groceries/product/details/discover-build-a-roast/sainsburys-beef-gravy--taste-the-difference-450g', "Sainsbury's Beef & Red Wine Gravy 450g", '£3.15', '70p / 100g')
('https://www.sainsburys.co.uk/shop/gb/groceries/product/details/discover-build-a-roast/sainsburys-welsh-king-edward-25kg', "Sainsbury's Welsh King Edward 2.5kg", '£2.15', '86p / kg')
('https://www.sainsburys.co.uk/shop/gb/groceries/product/details/discover-build-a-roast/birds-eye-field-fresh-hearty-farmhouse-vegetable-steambags-x4-540g', 'Birds Eye Steamfresh Hearty Farmhouse Vegetable Mix x4 540g', '£1.50', '£2.78 / kg')
('https://www.sainsburys.co.uk/shop/gb/groceries/product/details/discover-build-a-roast/aunt-bessies-duck-fat-roast-potatoes-700g', "Aunt Bessie's Duck Fat Roast Potatoes 700g", '£2.00', '£2.86 / kg')
('https://www.sainsburys.co.uk/shop/gb/groceries/product/details/discover-build-a-roast/sainsburys-salmon-wellington-600g', "Sainsbury's Salmon En Croute 600g", '£4.50', '£7.50 / kg')
('https://www.sainsburys.co.uk/shop/gb/groceries/product/details/discover-build-a-roast/aunt-bessies-honey-glazed-roast-parsnips-600g', "Aunt Bessie's Honey Glazed Roast Parsnips 500g", '£1.75', '£3.50 / kg')
('https://www.sainsburys.co.uk/shop/gb/groceries/product/details/discover-build-a-roast/sainsburys-greens-500g', "Sainsbury's Greens 500g", '80p', '£1.60 / kg')
('https://www.sainsburys.co.uk/shop/gb/groceries/product/details/discover-build-a-roast/sainsburys-tenderstem-broccoli-200g', "Sainsbury's Tenderstem Broccoli 200g", '£1.20', '£6.00 / kg')
('https://www.sainsburys.co.uk/shop/gb/groceries/product/details/discover-build-a-roast/sainsburys-apple---herb-stuffing-mix-130g', "Sainsbury's Apple & Herb Stuffing Mix 130g", '75p', '£5.77 / kg')
('https://www.sainsburys.co.uk/shop/gb/groceries/product/details/discover-build-a-roast/sainsburys-pink-lady---herb-stuffing--taste-the-difference-mix-110g', "Sainsbury's Pink Lady & Herb Mix Stuffing, Taste the Difference 110g", '£1.25', '£11.36 / kg')
('https://www.sainsburys.co.uk/shop/gb/groceries/product/details/discover-build-a-roast/sainsburys-butter-basted-stuffed-chicken-800g', "Sainsbury's Chicken with Pork, Onion and Sage Stuffing 800g", '£5.00', '£6.25 / kg')
('https://www.sainsburys.co.uk/shop/gb/groceries/product/details/discover-build-a-roast/sainsburys-whole-chicken-corn-fed-approx-900g-22kg-', "Sainsbury's Corn Fed Whole British Chicken (approx.1.55kg)", '£7.08', '£4.00 / kg')
('https://www.sainsburys.co.uk/shop/gb/groceries/product/details/discover-build-a-roast/sainsburys-gravy-granules-500g', "Sainsbury's Gravy Granules 500g", '£1.50', '30p / 100g')
('https://www.sainsburys.co.uk/shop/gb/groceries/product/details/discover-build-a-roast/sainsburys-taste-the-difference-10-pigs-in-blankets-210g-7926960-p-44', "Sainsbury's British Pork Sausage & Bacon Wraps Pigs in Blankets, Taste the Difference x10 210g", '£3.50', '£1.67 / 100g')
('https://www.sainsburys.co.uk/shop/gb/groceries/product/details/discover-build-a-roast/sainsburys-standard-turkey-5-649kg-serves-10-to-12-available-20th-december', "Sainsbury's Standard Turkey 5-6.49kg", '£26.00', '£5.20 / kg')
('https://www.sainsburys.co.uk/shop/gb/groceries/product/details/discover-build-a-roast/sainsburys-standard-turkey-2-299kg-serves-3-to-6-available-20th-december', "Sainsbury's Standard Turkey 2-2.99kg", '£11.00', '£5.50 / kg')
('https://www.sainsburys.co.uk/shop/gb/groceries/product/details/discover-build-a-roast/sainsburys-turkey-crown-16-219kg-serves-6-to-8-available-20th-december', "Sainsbury's Turkey Crown 1.6-2.19kg", '£14.50', '£9.06 / kg')
('https://www.sainsburys.co.uk/shop/gb/groceries/product/details/discover-build-a-roast/sainsburys-basted-turkey-crown-28-339kg-serves-10-to-12-available-20th-december', "Sainsbury's Basted Turkey Crown 2.8-3.39kg", '£23.50', '£8.39 / kg')
('https://www.sainsburys.co.uk/shop/gb/groceries/product/details/discover-build-a-roast/sainsburys-butchers-choice-sausagemeat-400g', "Sainsbury's Butcher's Choice Sausagemeat 400g", '£2.00', '£5.00 / kg')
('https://www.sainsburys.co.uk/shop/gb/groceries/product/details/discover-build-a-roast/sainsburys-free-range-turkey-so-organic-2-399kg', "Sainsbury's Free Range Turkey, SO Organic 2-3.99kg", '£13.00 / kg', '£13.00 / kg')
('https://www.sainsburys.co.uk/shop/gb/groceries/product/details/discover-build-a-roast/sainsburys-whole-chicken-16kg', "Sainsbury's British Fresh Medium Whole Chicken 1.6kg", '£3.30', '£2.06 / kg')
('https://www.sainsburys.co.uk/shop/gb/groceries/product/details/discover-build-a-roast/sainsburys-roasting-tray-7653420-p-44', "Sainsbury's Roasting Tray", '10p', '10p / ea')
('https://www.sainsburys.co.uk/shop/gb/groceries/product/details/discover-build-a-roast/sainsburys-turkey-roasting-bags-x2-7650546-p-44', "Sainsbury's Turkey Roasting Bags x2", '10p', '5p / ea')
('https://www.sainsburys.co.uk/shop/gb/groceries/product/details/discover-build-a-roast/sainsburys-whole-basted-turkey-5-599kg', "Sainsbury's Whole Basted Turkey 5-5.99kg (Serves 10 to 12)", '£27.00', '£5.40 / kg')
('https://www.sainsburys.co.uk/shop/gb/groceries/product/details/discover-build-a-roast/sainsburys-peas---sweetcorn-layered-vegetable-350g', "Sainsbury's Peas & Sweetcorn Layered Vegetable 350g", '£1.50', '£4.29 / kg')
('https://www.sainsburys.co.uk/shop/gb/groceries/product/details/discover-build-a-roast/sainsburys-traditionally-sliced-runner-beans160g', "Sainsbury's Traditionally Sliced Runner Beans 160g", '£1.50', '£9.38 / kg')
('https://www.sainsburys.co.uk/shop/gb/groceries/product/details/discover-build-a-roast/sainsburys-norfolk-black-free-range-turkey-taste-the-difference-4-599kg', "Sainsbury's Norfolk Black Free Range Turkey, Taste the Difference 4-5.99kg", '£12.00 / kg', '£12.00 / kg')
('https://www.sainsburys.co.uk/shop/gb/groceries/product/details/discover-build-a-roast/sainsburys-bronze-free-range-turkey-crown-taste-the-difference-2-299kg', "Sainsbury's Bronze Free Range Turkey Crown, Taste the Difference 2-2.99Kg", '£15.00 / kg', '£15.00 / kg')
('https://www.sainsburys.co.uk/shop/gb/groceries/product/details/discover-build-a-roast/sainsburys-chicken-crown-with-lemon---thyme-700g', "Sainsbury's Roast in the Bag British Fresh Chicken Crown with Lemon & Garlic & Thyme 700g", '£4.45', '£6.36 / kg')
('https://www.sainsburys.co.uk/shop/gb/groceries/product/details/discover-build-a-roast/sainsburys-2-lamb-shanks-in-mint-gravy-750g', "Sainsbury's Slow Cooked Lamb Shanks with a Mint Gravy x2 750g", '£6.00', '£8.00 / kg')
('https://www.sainsburys.co.uk/shop/gb/groceries/product/details/discover-build-a-roast/sainsburys-welsh-maris-piper-25kg', "Sainsbury's Welsh Maris Piper 2.5kg", '£2.00', '80p / kg')
('https://www.sainsburys.co.uk/shop/gb/groceries/product/details/discover-build-a-roast/aunt-bessies-sage---onion-stuff-balls-310g', "Aunt Bessie's Sage & Onion Stuffing Balls 310g", '£1.65', '£5.32 / kg')
('https://www.sainsburys.co.uk/shop/gb/groceries/product/details/discover-build-a-roast/aunt-bessies-homestyle-roasts-16kg', "Aunt Bessie's Homestyle Roast Potatoes 1.4kg", '£2.90', '£2.07 / kg')
('https://www.sainsburys.co.uk/shop/gb/groceries/product/details/discover-build-a-roast/sainsburys-carrots-1kg', "Sainsbury's Carrots 1kg", '41p', '41p / kg')
('https://www.sainsburys.co.uk/shop/gb/groceries/product/details/discover-build-a-roast/sainsburys-baby-potatoes-1kg', "Sainsbury's Baby Potatoes 1kg", '90p', '90p / kg')
('https://www.sainsburys.co.uk/shop/gb/groceries/product/details/discover-build-a-roast/sainsburys-british-broccoli-florets-1kg', "Sainsbury's Broccoli Florets 1kg", '£1.00', '£1.00 / kg')
('https://www.sainsburys.co.uk/shop/gb/groceries/product/details/discover-build-a-roast/sainsburys-british-garden-peas-910g', "Sainsbury's Garden Peas 910g", '£1.00', '£1.10 / kg')
('https://www.sainsburys.co.uk/shop/gb/groceries/product/details/discover-build-a-roast/sainsburys-baby-leeks--taste-the-difference-175g', "Sainsbury's Baby Leeks 175g", '£2.00', '£11.43 / kg')
('https://www.sainsburys.co.uk/shop/gb/groceries/product/details/meals-for-tonight/plant-pioneer-s-s-tofu-fried-rice-400g', 'Plant Pioneers Vegan No Chicken Sweet & Sour with Tofu Fried Rice 400g (Serves 1)', '£2.75', '£6.88 / kg')
('https://www.sainsburys.co.uk/shop/gb/groceries/product/details/meals-for-tonight/sainsburys-sri-lankan-style-vegetable-curry-380g', 'Global Eats Sri Lankan Style Vegetable Curry 380g (Serves 1)', '£3.00', '£7.89 / kg')
('https://www.sainsburys.co.uk/shop/gb/groceries/product/details/meals-for-tonight/sainsburys-stonebaked-spicy-chicken-284g', "Sainsbury's Stonebaked Spicy Chicken Fajita Hand Stretched Pizza 322g", '£3.00', '£9.32 / kg')
('https://www.sainsburys.co.uk/shop/gb/groceries/product/details/meals-for-tonight/sainsburys-cheese-garlic-flatbread-224g', "Sainsbury's Cheese & Garlic Flatbread 224g", '£1.20', '53p / 100g')
('https://www.sainsburys.co.uk/shop/gb/groceries/product/details/meals-for-tonight/sainsburys-japanese-fried-chicken-150g', "Sainsbury's Japanese Fried Chicken 150g", '£2.50', '£16.67 / kg')
('https://www.sainsburys.co.uk/shop/gb/groceries/product/details/meals-for-tonight/mccain-frozen-baked-jacket-potatoes-x8-16kg', 'McCain Frozen Baked Jacket Potatoes x8 1.6kg', '£4.00', '£2.50 / kg')
('https://www.sainsburys.co.uk/shop/gb/groceries/product/details/meals-for-tonight/sainsburys-shroomballs-spaghetti-400g', 'Plant Pioneers Shroomballs & Spaghetti 400g', '£2.75', '£6.88 / kg')
('https://www.sainsburys.co.uk/shop/gb/groceries/product/details/meals-for-tonight/fit-prepd-naked-pulled-pork-burrito-450g', 'Fit & Prepd Naked Pulled Pork Burrito with Rice & Turtle Beans 450g', '£3.50', '£7.78 / kg')
('https://www.sainsburys.co.uk/shop/gb/groceries/product/details/meals-for-tonight/fit-prepd-jerk-chicken-450g', 'Fit & Prepd Jerk Chicken with Roasted Sweet Potato & Rice 450g', '£3.50', '£7.78 / kg')
('https://www.sainsburys.co.uk/shop/gb/groceries/product/details/meals-for-tonight/hi-five-chickpea-turmeric-cauliflower-chana-masala-curry-488g', 'Hi Five Chickpea & Turmeric Cauliflower Chana Masala Curry 488g', '£3.50', '£7.17 / kg')
('https://www.sainsburys.co.uk/shop/gb/groceries/product/details/meals-for-tonight/Sainsburys-Mangalorean-Chicken-Curry-Tastethe-Difference-400g', "Sainsbury's Mangalorean Chicken Curry, Taste the Difference 400g", '£4.00', '£10.00 / kg')
('https://www.sainsburys.co.uk/shop/gb/groceries/product/details/meals-for-tonight/sainsburys-taste-the-difference-spaghetti-carbonara-375g', "Sainsbury's Taste the Difference Spaghetti Carbonara 375g", '£3.00', '£8.00 / kg')
('https://www.sainsburys.co.uk/shop/gb/groceries/product/details/meals-for-tonight/creamy-garlic-chicken--taste-the-difference-400g--7964574-p', 'Creamy Garlic Chicken, Taste the Difference 400g', '£3.00', '£7.50 / kg')
('https://www.sainsburys.co.uk/shop/gb/groceries/product/details/meals-for-tonight/hi-five-thai-green-vegan-curry-cauliflower-rice-488g', 'Hi Five Thai Green Vegan Curry & Cauliflower Rice 488g', '£3.50', '£7.17 / kg')
('https://www.sainsburys.co.uk/shop/gb/groceries/product/details/meals-for-tonight/sainsburys-ham-cheese-tortelloni-300g', "Sainsbury's Ham & Cheese Tortelloni 300g", '£1.50', '£5.00 / kg')
('https://www.sainsburys.co.uk/shop/gb/groceries/product/details/meals-for-tonight/chicago-town-deep-dish-chicken-club-pizzas-2-x-160g-320g-', 'Chicago Town Deep Dish Chicken Club Pizzas 2 x 160g (320g)', '£2.00', '£5.81 / kg')
('https://www.sainsburys.co.uk/shop/gb/groceries/product/details/meals-for-tonight/sainsburys-oriental-snack-selection-x36-720g-7526766-p-44', "Sainsbury's Oriental Snack Selection x36 720g", '£5.50', '£7.61 / kg')
('https://www.sainsburys.co.uk/shop/gb/groceries/product/details/meals-for-tonight/sainsburys-indian-snack-selection-x36-810g-6461858-p-44', "Sainsbury's Indian Snack Selection x36 810g", '£5.50', '£6.79 / kg')
('https://www.sainsburys.co.uk/shop/gb/groceries/product/details/meals-for-tonight/ben---jerrys-topped-salted-caramel-brownie-ice-cream-470ml', "Ben & Jerry's Topped Salted Caramel Brownie Ice Cream 438ml", '£4.80', '£1.10 / 100ml')
('https://www.sainsburys.co.uk/shop/gb/groceries/product/details/meals-for-tonight/sainsburys-chinese-chicken-curry-350g', "Sainsbury's Chinese Chicken Curry 350g (Serves 2)", '£3.25', '£9.29 / kg')
('https://www.sainsburys.co.uk/shop/gb/groceries/product/details/meals-for-tonight/sainsburys-chicken-saag-masala-400g', "Sainsbury's Indian Chicken Saag Masala 400g (Serves 2)", '£3.50', '£8.75 / kg')
('https://www.sainsburys.co.uk/shop/gb/groceries/product/details/meals-for-tonight/sainsburys-chicken-jalfrezi--taste-the-difference-450g-7803879-p-44', "Sainsbury's Chicken Jalfrezi with Pilau Rice, Taste the Difference 400g (Serves 1)", '£4.00', '£10.00 / kg')
('https://www.sainsburys.co.uk/shop/gb/groceries/product/details/meals-for-tonight/sainsburys-kashmiri-chicken-korma---rice--taste-the-difference-450g', "Sainsbury's Kashmiri Chicken Korma with Pilau Rice, Taste the Difference 400g (Serves 1)", '£4.00', '£10.00 / kg')
('https://www.sainsburys.co.uk/shop/gb/groceries/product/details/meals-for-tonight/sfc-chicken-crispy-mini-fillets-300g', 'SFC Chicken Crispy Mini Fillets 300g', '£1.75', '£5.84 / kg')
('https://www.sainsburys.co.uk/shop/gb/groceries/product/details/meals-for-tonight/sainsburys-crispy-seaweed-50g', "Sainsbury's Crispy Seaweed 50g", '£1.35', '£27.00 / kg')
('https://www.sainsburys.co.uk/shop/gb/groceries/product/details/meals-for-tonight/magnum-classic-x4-440ml', 'Magnum Ice Cream Classic Chocolate 4x110ml', '£2.00', '46p / 100ml')
('https://www.sainsburys.co.uk/shop/gb/groceries/product/details/meals-for-tonight/sainsburys-maris-piper-mash--taste-the-difference-450g', "Sainsbury's British Maris Piper Mashed Potato, Taste the Difference 400g (Serves 2)", '£1.80', '£4.50 / kg')
('https://www.sainsburys.co.uk/shop/gb/groceries/product/details/meals-for-tonight/aunt-bessies-homestyle-chips-16kg', "Aunt Bessie's Homestyle Chips 1.5kg", '£2.50', '£1.67 / kg')
('https://www.sainsburys.co.uk/shop/gb/groceries/product/details/meals-for-tonight/youngs-scampi-220g', "Young's Scampi 220g", '£2.50', '£11.36 / kg')
('https://www.sainsburys.co.uk/shop/gb/groceries/product/details/meals-for-tonight/chicago-town-the-deep-dish-four-cheese-pizzas-2x155g', 'Chicago Town Deep Dish Four Cheese Pizzas x2 (310g)', '£2.00', '£6.45 / kg')
('https://www.sainsburys.co.uk/shop/gb/groceries/product/details/meals-for-tonight/youngs-breaded-cod-fillets-x4-480g', "Young's Breaded Cod Fillets x4 440g", '£4.50', '£10.23 / kg')
('https://www.sainsburys.co.uk/shop/gb/groceries/product/details/meals-for-tonight/dr-oetker-ristorante-pizza-pepperoni-salame-320g', 'Dr. Oetker Ristorante Pepperoni-Salame Pizza 320g', '£2.50', '£7.81 / kg')
('https://www.sainsburys.co.uk/shop/gb/groceries/product/details/meals-for-tonight/birds-eye-harry-ramsden-simply-cod-in-batter-x4-480g', 'Birds Eye Large Battered Cod Fillets x4 440g', '£4.80', '£10.91 / kg')
('https://www.sainsburys.co.uk/shop/gb/groceries/product/details/meals-for-tonight/charlie-bighams-cottage-pie-650g', "Charlie Bigham's Cottage Pie 650g (Serves 2)", '£7.75', '£11.92 / kg')
('https://www.sainsburys.co.uk/shop/gb/groceries/product/details/meals-for-tonight/birds-eye-chicken-nuggets-x36-720g', 'Birds Eye Chicken Nuggets x50 790g', '£4.00', '£5.06 / kg')
('https://www.sainsburys.co.uk/shop/gb/groceries/product/details/meals-for-tonight/sainsburys-cooked---peeled-jumbo-king-prawns--taste-the-difference-225g', "Sainsbury's Cooked & Peeled Jumbo King Prawns, Taste the Difference 225g", '£4.50', '£20.00 / kg')
('https://www.sainsburys.co.uk/shop/gb/groceries/product/details/meals-for-tonight/sainsburys-crispy-chicken-with-lemon-sauce-340g', "Sainsbury's Crispy Chicken With Lemon Sauce 350g (Serves 2)", '£3.50', '£10.00 / kg')
('https://www.sainsburys.co.uk/shop/gb/groceries/product/details/meals-for-tonight/sainsburys-sticky-toffee-pudding-400g', "Sainsbury's Sticky Toffee Pudding Dessert 400g", '£2.80', '70p / 100g')
('https://www.sainsburys.co.uk/shop/gb/groceries/product/details/curry-night/sainsburys-lime-pickle-200g', "Sainsbury's Hot Lime Pickle 200g", '£1.10', '58p / 100g')
('https://www.sainsburys.co.uk/shop/gb/groceries/product/details/chocolate-and-sweets-/terrys-milk-chocolate-orange-175g', "Terry's Chocolate Orange Milk Ball 157g", '£1.95', '£1.24 / 100g')
('https://www.sainsburys.co.uk/shop/gb/groceries/product/details/chocolate-and-sweets-/green-blacks-organic-85-dark-chocolate-bar-90g', "Green & Black's Organic 85% Dark Chocolate Bar 90g", '£2.00', '£2.22 / 100g')
('https://www.sainsburys.co.uk/shop/gb/groceries/product/details/chocolate-and-sweets-/sainsburys-no-added-sugar-milk-chocolate-100g', "Sainsbury's No Added Sugar Milk Chocolate 100g", '85p', '85p / 100g')
('https://www.sainsburys.co.uk/shop/gb/groceries/product/details/chocolate-and-sweets-/lindt-milk-hazelnut-150g', 'Lindt Les Grandes Milk Chocolate Hazelnut Bar 150g', '£3.00', '£2.00 / 100g')
('https://www.sainsburys.co.uk/shop/gb/groceries/product/details/chocolate-and-sweets-/green-blacks-organic-70-dark-chocolate-bar-90g', "Green & Black's Organic 70% Dark Chocolate Bar 90g", '£2.00', '£2.22 / 100g')
('https://www.sainsburys.co.uk/shop/gb/groceries/product/details/chocolate-and-sweets-/youre-a-star-message-bottle-400g', 'You are a Star Limited Edition Sweets Bottle 360g', '£3.00', '83p / 100g')
('https://www.sainsburys.co.uk/shop/gb/groceries/product/details/chocolate-and-sweets-/cocoa-co-teardrop-box-220g', 'Cocoa & Co. The Ultimate Favourites Chocolate Collection 220g', '£8.00', '£3.64 / 100g')
('https://www.sainsburys.co.uk/shop/gb/groceries/product/details/chocolate-and-sweets-/monty-bojangles-choccy-trinket-135g', 'Monty Bojangles Choccy Scoffy 135g', '£3.00', '£2.22 / 100g')
('https://www.sainsburys.co.uk/shop/gb/groceries/product/details/chocolate-and-sweets-/cadbury-dairy-milk-chocolate-bar-360g', 'Cadbury Dairy Milk Chocolate Bar 360g', '£3.00', '83p / 100g')
('https://www.sainsburys.co.uk/shop/gb/groceries/product/details/chocolate-and-sweets-/maltesers-teasers-chocolate-gift-box-275g', 'Maltesers Teasers Chocolate Gift Box 275g', '£3.00', '£1.09 / 100g')
('https://www.sainsburys.co.uk/shop/gb/groceries/product/details/chocolate-and-sweets-/montezumas-absolute-black-100-cocoa-solids-with-orange-cocoa-nibs-dark-chocolate-bar-90g', "Montezuma's Absolute Black 100% Cocoa Solids with Orange & Cocoa Nibs Dark Chocolate Bar 90g", '£2.00', '£2.22 / 100g')
('https://www.sainsburys.co.uk/shop/gb/groceries/product/details/chocolate-and-sweets-/godiva-masterpieces-caramel-lion-with-belgian-milk-chocolate-193g', 'Godiva Masterpieces Caramel Lion with Belgian Milk Chocolate 193g', '£4.00', '£2.07 / 100g')
('https://www.sainsburys.co.uk/shop/gb/groceries/product/details/chocolate-and-sweets-/godiva-pure-72-cocoa-belgian-dark-chocolate-bar-90g', 'Godiva Pure 72% Cocoa Belgian Dark Chocolate Bar 90g', '£2.00', '£2.22 / 100g')
('https://www.sainsburys.co.uk/shop/gb/groceries/product/details/chocolate-and-sweets-/buttermilk-crumbly-vanilla-fudge-150g', 'Buttermilk Crumbly Vanilla Fudge 150g', '£3.95', '£2.63 / 100g')
('https://www.sainsburys.co.uk/shop/gb/groceries/product/details/chocolate-and-sweets-/lindor-milk-orange-cornet-200g', 'Lindt Lindor Milk Orange Chocolate Truffles Box 200g', '£4.00', '£2.00 / 100g')
('https://www.sainsburys.co.uk/shop/gb/groceries/product/details/chocolate-and-sweets-/black-magic-classic-chocolate-favourites-188g', 'Black Magic Classic Chocolate Favourites Box 174g', '£3.00', '£1.73 / 100g')
('https://www.sainsburys.co.uk/shop/gb/groceries/product/details/chocolate-and-sweets-/lindt-lindor-milk-chocolate-200g', 'Lindt Lindor Milk Chocolate Truffles Box 200g', '£4.00', '£2.00 / 100g')
('https://www.sainsburys.co.uk/shop/gb/groceries/product/details/chocolate-and-sweets-/green---blacks-organic-ginger-dark-chocolate-100g', "Green & Black's Organic Ginger Dark Chocolate Bar 90g", '£2.00', '£2.22 / 100g')
('https://www.sainsburys.co.uk/shop/gb/groceries/product/details/chocolate-and-sweets-/sainsburys-no-added-sugar-dark-chocolate-100g', "Sainsbury's No Added Sugar Dark Chocolate 100g", '85p', '85p / 100g')
('https://www.sainsburys.co.uk/shop/gb/groceries/product/details/chocolate-and-sweets-/green---blacks-organic-white-chocolate-100g', "Green & Black's Organic White Chocolate Bar 90g", '£2.00', '£2.22 / 100g')
('https://www.sainsburys.co.uk/shop/gb/groceries/product/details/chocolate-and-sweets-/lindt-excellence-bar--creamy-milk-chocolate-100g', 'Lindt Excellence Milk Extra Creamy Chocolate Bar 100g', '£1.50', '£1.50 / 100g')
('https://www.sainsburys.co.uk/shop/gb/groceries/product/details/chocolate-and-sweets-/raffaello-230g', 'Raffaello Coconut and Almond Pralines Gift Box 230g', '£4.00', '£1.74 / 100g')
('https://www.sainsburys.co.uk/shop/gb/groceries/product/details/chocolate-and-sweets-/luv-ya-message-bottle-350g', 'Luv Ya! Heart Gummy Sweets 320g', '£3.00', '94p / 100g')
('https://www.sainsburys.co.uk/shop/gb/groceries/product/details/chocolate-and-sweets-/vegan-hearts-bottle-400g', 'Vegan Heart Gummy Sweets 400g', '£3.00', '75p / 100g')
('https://www.sainsburys.co.uk/shop/gb/groceries/product/details/chocolate-and-sweets-/cocoa-co-caramel-box-130g', 'Cocoa & Co. The Caramel Chocolate Collection 130g', '£6.00', '£4.62 / 100g')
('https://www.sainsburys.co.uk/shop/gb/groceries/product/details/chocolate-and-sweets-/seed-and-bean-organic-single-origin-coconut-raspberry-dark-chocolate-85g', 'Seed & Bean Fairtrade Organic Single Origin Coconut & Raspberry Dark Chocolate 85g', '£2.35', '£2.76 / 100g')
('https://www.sainsburys.co.uk/shop/gb/groceries/product/details/chocolate-and-sweets-/pico-fairtrade-organic-hazelnut-milk-chocolate-bar-80g', 'Pico Fairtrade Organic Hazelnut Milk Chocolate Bar 80g', '£2.95', '£3.69 / 100g')
('https://www.sainsburys.co.uk/shop/gb/groceries/product/details/chocolate-and-sweets-/lindt-lindor-salted-caramel-200g', 'Lindt Lindor Salted Caramel Chocolate Truffles Box 200g', '£4.00', '£2.00 / 100g')
('https://www.sainsburys.co.uk/shop/gb/groceries/product/details/chocolate-and-sweets-/lindt-lindor-mint-chocolate-limited-edition-200g', 'Lindt Lindor Mint Chocolate, Limited Edition 200g', '£4.00', '£2.00 / 100g')
('https://www.sainsburys.co.uk/shop/gb/groceries/product/details/chocolate-and-sweets-/cadbury-roses-chocolate-carton-321g', 'Cadbury Roses Chocolate Carton 290g', '£2.00', '69p / 100g')
('https://www.sainsburys.co.uk/shop/gb/groceries/product/details/chocolate-and-sweets-/lily-obriens-dessert-collection-230g', "Lily O'Brien's Desserts Collection 230g", '£5.00', '£2.17 / 100g')
('https://www.sainsburys.co.uk/shop/gb/groceries/product/details/chocolate-and-sweets-/guylian-belgian-seahorses-46g', 'Guylian Belgian Seahorses 42g', '£1.00', '£2.38 / 100g')
('https://www.sainsburys.co.uk/shop/gb/groceries/product/details/chocolate-and-sweets-/sainsburys-assorted-chocs---toffees--basics-1kg', "Sainsbury's Assorted Chocs & Toffees, Basics 1kg", '£4.00', '40p / 100g')
('https://www.sainsburys.co.uk/shop/gb/groceries/product/details/chocolate-and-sweets-/lindt-lindor-white-200g', 'Lindt Lindor White Chocolate Truffles Box 200g', '£4.00', '£2.00 / 100g')
('https://www.sainsburys.co.uk/shop/gb/groceries/product/details/chocolate-and-sweets-/cadbury-chocolate-milk-tray-360g', 'Cadbury Milk Tray Chocolate Box 360g', '£6.00', '£1.67 / 100g')
('https://www.sainsburys.co.uk/shop/gb/groceries/product/details/chocolate-and-sweets-/lindt-lindor-milk-chocolate-50g', 'Lindt Lindor Milk Chocolate Truffles Box 37g', '£1.00', '£2.70 / 100g')
('https://www.sainsburys.co.uk/shop/gb/groceries/product/details/chocolate-and-sweets-/quality-street--matchmakers-zingy-orange-chocolate-box-130g-6000483-p', 'Quality Street Matchmakers Zingy Orange Chocolate Box 120g', '£1.75', '£1.46 / 100g')
('https://www.sainsburys.co.uk/shop/gb/groceries/product/details/special-offers-/sanctuary-spa-wet-skin-moisture-miracle-200ml-7968638-p', 'Sanctuary Spa Wet Skin Moisture Miracle 200ml', '£6.00', '£3.00 / 100ml')
('https://www.sainsburys.co.uk/shop/gb/groceries/product/details/special-offers-/sainsburys-blueberries-300g', "Sainsbury's Blueberries 300g", '£2.50', '£8.33 / kg')
('https://www.sainsburys.co.uk/shop/gb/groceries/product/details/special-offers-/drury-173-rhubarb-ginger-gin-liqueur-50cl', 'Drury 173 Rhubarb & Ginger Gin Liqueur 50cl', '£9.00', '£18.00 / ltr')
('https://www.sainsburys.co.uk/shop/gb/groceries/product/details/top-rated-44/purina-dentalife-small-dog-115g', 'Purina Dentalife Small Dog Dental Chew X 7 115g', '£1.30', '£11.30 / kg')
('https://www.sainsburys.co.uk/shop/gb/groceries/product/details/top-rated-44/sainsburys-butterflied-seabass-255g', "Sainsbury's Butterflied Sea Bass 255g", '£4.75', '£18.63 / kg')
('https://www.sainsburys.co.uk/shop/gb/groceries/product/details/top-rated-44/ecover-concentrated-laundry-bio-15l', 'Ecover Bio Concentrated Laundry Liquid 1.5L (42 washes)', '£9.00', '£6.00 / ltr')
('https://www.sainsburys.co.uk/shop/gb/groceries/product/details/top-rated-44/sainsburys-sirloin-steak--taste-the-difference-225g-7809846-p-44', "Sainsbury's 30 Day Matured Sirloin Steak, Taste the Difference 225g", '£4.50', '£20.00 / kg')
('https://www.sainsburys.co.uk/shop/gb/groceries/product/details/top-rated-44/mam-anti-colic-bottle-x2-260ml', 'Mam Anti-Colic Bottle x2 260ml', '£12.50', '£6.25 / ea')
('https://www.sainsburys.co.uk/shop/gb/groceries/product/details/top-rated-44/schwartz-slow-cookers-chicken-curry-mix-33g', 'Schwartz Slow Cookers Chicken Curry Mix 33g', '80p', '£2.42 / 100g')
('https://www.sainsburys.co.uk/shop/gb/groceries/product/details/top-rated-44/littles-french-vanilla-infused-instant-coffee-50g', "Little's French Vanilla Infused Instant Coffee 50g", '£3.00', '£6.00 / 100g')
('https://www.sainsburys.co.uk/shop/gb/groceries/product/details/top-rated-44/quorn-meat-free-vegan-hot---spicy-burgers-x4-264g', 'Quorn Vegan Hot & Spicy Burgers 246g', '£2.00', '£7.58 / kg')
('https://www.sainsburys.co.uk/shop/gb/groceries/product/details/top-rated-44/collective-passionfruit-yogurt-450g', 'The Collective Passion Fruit Gourmet Live Yogurt 450g', '£1.30', '29p / 100g')
('https://www.sainsburys.co.uk/shop/gb/groceries/product/details/top-rated-44/maybelline-ss24hr-lip-pinking-of-you-130', 'Maybelline SuperStay 24hr Dual Lipstick 130 Pink of You', '£10.00', '£100.00 / 10ml')
('https://www.sainsburys.co.uk/shop/gb/groceries/product/details/top-rated-44/modern-standard-colombia-aromas-del-sur-coffee-227g', 'Modern Standard Colombia Aromas Del Sur Ground Coffee 227g', '£4.50', '£1.98 / 100g')
('https://www.sainsburys.co.uk/shop/gb/groceries/product/details/top-rated-44/loreal-revitalift-mattifying-day-cream-50ml', "L'Oreal Paris Revitalift Light Texture Day Cream 50ml", '£6.00', '£12.00 / 100ml')
('https://www.sainsburys.co.uk/shop/gb/groceries/product/details/top-rated-44/wollemi-chardonnay-75cl-7772023-p-44', 'Wollemi Chardonnay 75cl', '£4.60', '£4.60 / 75cl')
('https://www.sainsburys.co.uk/shop/gb/groceries/product/details/top-rated-44/ben---jerrys-half-baked-ice-cream-500ml-3676950-p-44', "Ben & Jerry's Half Baked Ice Cream 465ml", '£3.00', '65p / 100ml')
('https://www.sainsburys.co.uk/shop/gb/groceries/product/details/top-rated-44/kiddyum-cheesy-peasy-pasta-200g', "Kiddyum Kids' Ready Meal Cheesy Peasy Pasta 200g", '£1.75', '£8.75 / kg')
('https://www.sainsburys.co.uk/shop/gb/groceries/product/details/top-rated-44/airwick-pure-cherry-blossom', 'Air Wick Pure Cherry Blossom Air Freshener 250ml', '£2.00', '£8.00 / ltr')
('https://www.sainsburys.co.uk/shop/gb/groceries/product/details/top-rated-44/felix-as-good-as-it-looks-cat-food-meat-selection-12-x-100g-7745935-p', 'Felix As Good As It Looks Cat Food Meat Selection 12 X 100g', '£3.50', '£2.92 / kg')
('https://www.sainsburys.co.uk/shop/gb/groceries/product/details/top-rated-44/smooze!-fruit-ice-pops-coconut--mango-5x65ml', 'Smooze! Fruit Ice Pops Coconut + Mango 5x65ml', '£2.50', '71p / 100g')
('https://www.sainsburys.co.uk/shop/gb/groceries/product/details/top-rated-44/wsword-intuition-moisture-razor', 'Wilkinson Sword Intuition Moisture Razor', '£7.00', '£7.00 / ea')
('https://www.sainsburys.co.uk/shop/gb/groceries/product/details/top-rated-44/maybelline-suprstay-lip-colour---plum-seduction-24', 'Maybelline SuperStay 24hr Dual Lipstick 240 Plum Seduction', '£10.00', '£10.00 / ea')
('https://www.sainsburys.co.uk/shop/gb/groceries/product/details/top-rated-44/warburtons-crumpets-x9', 'Warburtons Crumpets x9', '£1.25', '14p / ea')
('https://www.sainsburys.co.uk/shop/gb/groceries/product/details/top-rated-44/kleenex-balsam-pocket-tissues-8-pack-7720097-p', 'Kleenex Balsam Pocket Tissues 8 Pack', '£2.00', '£2.78 / 100sht')
('https://www.sainsburys.co.uk/shop/gb/groceries/product/details/top-rated-44/post-grape-nuts-581g', 'Grape Nuts Cereal 580g', '£3.30', '57p / 100g')
('https://www.sainsburys.co.uk/shop/gb/groceries/product/details/top-rated-44/mam-night-soother-with-steriliser---travel-box--12-months', 'Mam Night Soother with Steriliser & Travel Box, 12+ Months x2', '£6.15', '£3.08 / ea')
('https://www.sainsburys.co.uk/shop/gb/groceries/product/details/top-rated-44/genius-gluten-free-chocolate-cupcakes-126g', 'Genius Gluten Free Chocolate Cupcakes x2', '£1.75', '£1.39 / 100g')
('https://www.sainsburys.co.uk/shop/gb/groceries/product/details/top-rated-44/felix-as-good-as-it-looks-doubly-delicious-senior-cat-food-meat-12-x-100g-7648481-p', 'Felix As Good As It Looks Doubly Delicious Senior Cat Food Meat 12 X 100g', '£3.50', '£2.92 / kg')
('https://www.sainsburys.co.uk/shop/gb/groceries/product/details/top-rated-44/tea-india-masala-chai-40-teabags-100g-7626653-p-44', 'Tea India Masala Chai Teabags x40', '£2.20', '£2.20 / 100g')
('https://www.sainsburys.co.uk/shop/gb/groceries/product/details/top-rated-44/spice-tailor-tikka-masala-sauce-300g', 'The Spice Tailor Tikka Masala Sauce 300g', '£2.90', '97p / 100g')
('https://www.sainsburys.co.uk/shop/gb/groceries/product/details/top-rated-44/sainsburys-hot-smoked-sweet-chilli-salmon-180g', "Sainsbury's Sweet Chilli Roast Salmon Fillets x2 180g (Ready to eat)", '£4.75', '£2.64 / 100g')
('https://www.sainsburys.co.uk/shop/gb/groceries/product/details/top-rated-44/sainsburys-scottish-salmon-fishcakes-x2-270g', "Sainsbury's Fishcakes Scottish Salmon x2 270g", '£1.45', '£5.37 / kg')
('https://www.sainsburys.co.uk/shop/gb/groceries/product/details/top-rated-44/sainsburys-british-pork-shoulder-steaks-x6-840g', "Sainsbury's British Pork Shoulder Steaks x6 900g", '£4.25', '£4.72 / kg')
('https://www.sainsburys.co.uk/shop/gb/groceries/product/details/top-rated-44/gressingham-plum---hoisin-sauce-320g', 'Gressingham Plum & Hoisin Sauce 320g', '£2.65', '£8.28 / kg')
('https://www.sainsburys.co.uk/shop/gb/groceries/product/details/top-rated-44/sainsburys-sea-bass-fillets-with-ginger---lime-butter-230g', "Sainsbury's Sea Bass Fillets With Ginger & Lime Butter x2 210g", '£4.00', '£20.00 / kg')
('https://www.sainsburys.co.uk/shop/gb/groceries/product/details/top-rated-44/sainsburys-west-country-cheddar-coleslaw--taste-the-difference-300g', "Sainsbury's Mature Cheddar Coleslaw, Taste the Difference 300g", '£1.80', '60p / 100g')
('https://www.sainsburys.co.uk/shop/gb/groceries/product/details/top-rated-44/petits-filous-strawberry--apricot-4x100g', 'Petits Filous Apricot & Strawberry Fromage Frais 4x85g', '£1.50', '44p / 100g')
('https://www.sainsburys.co.uk/shop/gb/groceries/product/details/top-rated-44/cadbury-dairy-milk-giant-buttons-119g', 'Cadbury Dairy Milk Giant Chocolate Buttons Bag 119g', '£1.50', '£1.26 / 100g')
('https://www.sainsburys.co.uk/shop/gb/groceries/product/details/top-rated-44/sainsburys-low-fat-natural-yogurt--basics-500g', "Mary Ann's Dairy Low Fat Natural Yogurt 500g", '45p', '9p / 100g')
('https://www.sainsburys.co.uk/shop/gb/groceries/product/details/top-rated-44/st-helens-farm-natural-goats-milk-yogurt-450g', "St Helen's Farm Goat's Milk Natural Yogurt 450g", '£2.40', '53p / 100g')
('https://www.sainsburys.co.uk/shop/gb/groceries/product/details/top-rated-44/sainsburys-amarone--taste-the-difference-75cl', "Sainsbury's Amarone, Taste the Difference 75cl", '£16.50', '£16.50 / 75cl')
('https://www.sainsburys.co.uk/shop/gb/groceries/product/details/top-rated-44/dove-invisible-dry-roll-on-anti-perspirant-deodorant-50ml', 'Dove Invisible Dry Roll-On Anti-Perspirant Deodorant 50ml', '£1.50', '£3.00 / 100ml')
('https://www.sainsburys.co.uk/shop/gb/groceries/product/details/top-rated-44/loreal-men-expert-hydra-moisturiser-50ml', "L'Oreal Men Expert Hydra Energetic Anti-Fatigue Moisturiser 50ml", '£5.00', '£10.00 / 100ml')
('https://www.sainsburys.co.uk/shop/gb/groceries/product/details/latest-information--/sainsburys-british-whole-milk-568ml-1-pint-', "Sainsbury's British Whole Milk 568ml (1 pint)", '55p', '97p / ltr')
('https://www.sainsburys.co.uk/shop/gb/groceries/product/details/all-easter-/ferrero-collection-175g', 'Ferrero Rocher Collection 172.2g', '£5.00', '£2.91 / 100g')
('https://www.sainsburys.co.uk/shop/gb/groceries/product/details/all-easter-/fever-tree-light-tonic-water-500ml', 'Fever Tree Refreshingly Light Indian Tonic Water 500ml', '£1.80', '36p / 100ml')
('https://www.sainsburys.co.uk/shop/gb/groceries/product/details/all-easter-/tyrrells-cider-vinegar---salt-crisps-150g', 'Tyrrells Cider Vinegar & Salt Sharing Crisps 150g', '£2.30', '£1.53 / 100g')
('https://www.sainsburys.co.uk/shop/gb/groceries/product/details/all-easter-/sainsburys-cherry-madeira-cake', "Sainsbury's Cherry Madeira Cake (Serves 8)", '£1.25', '47p / 100g')
('https://www.sainsburys.co.uk/shop/gb/groceries/product/details/all-easter-/sainsburys-victoria-sponge-cake--taste-the-difference-5', "Sainsbury's Victoria Sponge Cake, Taste the Difference 345g (Serves 6)", '£2.00', '58p / 100g')
('https://www.sainsburys.co.uk/shop/gb/groceries/product/details/all-easter-/guylian-belgian-chocolate-seashells-x22-250g', 'Guylian Belgian Chocolate Seashells x22 250g', '£3.75', '£1.50 / 100g')
('https://www.sainsburys.co.uk/shop/gb/groceries/product/details/all-easter-/sainsburys-fruit-loaf-388g', "Sainsbury's Fruit Loaf 388g", '£1.00', '26p / 100g')
('https://www.sainsburys.co.uk/shop/gb/groceries/product/details/all-easter-/sainsburys-garlic-baguette-210g', "Sainsbury's Garlic Baguette 210g", '95p', '45p / 100g')
('https://www.sainsburys.co.uk/shop/gb/groceries/product/details/all-easter-/fentimans-rose-lemonade275ml', 'Fentimans Rose Lemonade 275ml (Sugar levy applied)', '£1.00', '36p / 100ml')
('https://www.sainsburys.co.uk/shop/gb/groceries/product/details/all-easter-/sainsburys-sicilian-lemonade--sparkling--taste-the-difference-75cl', "Sainsbury's Sicilian Lemonade, Sparkling, Taste the Difference 75cl (Sugar levy applied)", '£2.00', '27p / 100ml')
('https://www.sainsburys.co.uk/shop/gb/groceries/product/details/all-easter-/sainsburys-caramelised-onion-chutney--taste-the-difference-285g', "Sainsbury's Chutney Caramelised Onion, Taste the Difference 285g", '£1.90', '67p / 100g')
('https://www.sainsburys.co.uk/shop/gb/groceries/product/details/all-easter-/sainsburys-bread-yeast--fast-action--dried-56g', "Sainsbury's Fast Action Dried Yeast Sachets x8 56g", '90p', '£16.07 / kg')
('https://www.sainsburys.co.uk/shop/gb/groceries/product/details/all-easter-/sainsburys-walnuts--pieces-200g', "Sainsbury's Walnuts, Pieces 200g", '£2.75', '£1.38 / 100g')
('https://www.sainsburys.co.uk/shop/gb/groceries/product/details/all-easter-/sainsburys-pecan-nuts-200g', "Sainsbury's Pecan Nuts 200g", '£3.30', '£1.65 / 100g')
('https://www.sainsburys.co.uk/shop/gb/groceries/product/details/all-easter-/buttermilk-zingy-orange-crisp-chocolate-egg-soldier-165g', 'Buttermilk Zingy Orange Crisp Choccy Egg 165g', '£6.00', '£2.68 / 100g')
('https://www.sainsburys.co.uk/shop/gb/groceries/product/details/all-easter-/nomo-vegan-free-from-caramel-sea-salt-egg-bar-148g-8044608-p-44', 'NOMO Vegan & Free From Fruit & Crunch Egg & Bar 207g', '£6.00', '£2.90 / 100g')
('https://www.sainsburys.co.uk/shop/gb/groceries/product/details/all-easter-/nomo-vegan-free-from-creamy-chocolate-egg-bar-148g', 'Nomo Vegan & Free From Creamy Chocolate Egg & Bar 148g', '£6.00', '£4.05 / 100g')
('https://www.sainsburys.co.uk/shop/gb/groceries/product/details/all-easter-/buttermilk-salted-caramel-crunch-chocolate-egg-soldier-165g', 'Buttermilk Salted Caramel Crunch Choccy Egg 165g', '£6.00', '£2.68 / 100g')
('https://www.sainsburys.co.uk/shop/gb/groceries/product/details/all-easter-/cadbury-dairy-milk-fruit-and-nut-chocolate-egg-302g', 'Cadbury Dairy Milk Fruit and Nut Chocolate Egg 302g', '£6.00', '£1.99 / 100g')
('https://www.sainsburys.co.uk/shop/gb/groceries/product/details/all-easter-/galaxy-caramel-chocolate-easter-mini-eggs-80g', 'Galaxy Caramel Chocolate Easter Mini Eggs 80g', '£1.00', '£1.25 / 100g')
('https://www.sainsburys.co.uk/shop/gb/groceries/product/details/all-easter-/soreen-banana-loaf-260g', 'Soreen Banana Loaf 260g', '£1.30', '50p / 100g')
('https://www.sainsburys.co.uk/shop/gb/groceries/product/details/all-easter-/sainsburys-indian-selection-354g', "Sainsbury's Indian Selection 354g", '£2.50', '£7.06 / kg')
('https://www.sainsburys.co.uk/shop/gb/groceries/product/details/all-easter-/sainsburys-vegan-gravy-taste-the-difference-350g', "Sainsbury's Vegan Gravy, Taste the Difference 350g", '£1.50', '43p / 100g')
('https://www.sainsburys.co.uk/shop/gb/groceries/product/details/all-easter-/sainsburys-blueberry-pancakes-taste-the-difference-x4-240g', "Sainsbury's Blueberry Pancakes, Taste the Difference x4 240g", '£1.25', '31p / ea')
('https://www.sainsburys.co.uk/shop/gb/groceries/product/details/all-easter-/sainsburys-dark-chocolate-selection-120g', "Sainsbury's Dark Chocolate Selection 120g", '£2.50', '£2.08 / 100g')
('https://www.sainsburys.co.uk/shop/gb/groceries/product/details/all-easter-/bisto-best-beef-gravy-250g', 'Bisto Best Beef Gravy 250g', '£2.90', '£1.16 / 100g')
('https://www.sainsburys.co.uk/shop/gb/groceries/product/details/all-easter-/pastel-easter-eggs-card', 'Pastel Easter Eggs Card', '£2.75', '£2.75 / ea')
('https://www.sainsburys.co.uk/shop/gb/groceries/product/details/all-easter-/kit-kat-milk-chocolate-filled-mini-eggs-pouch-81g', 'Kit Kat Milk Chocolate Filled Mini Eggs Pouch 81g', '£1.00', '£1.23 / 100g')
('https://www.sainsburys.co.uk/shop/gb/groceries/product/details/all-easter-/peppa-pig-gift-set-250g', 'Kinnerton Peppa Pig Easter Gift Set 45g', '£5.00', '£11.11 / 100g')
('https://www.sainsburys.co.uk/shop/gb/groceries/product/details/all-easter-/lindt-gold-bunny-egg-115g', 'Lindt Gold Bunny Easter Egg Milk Chocolate 115g', '£5.00', '£4.35 / 100g')
('https://www.sainsburys.co.uk/shop/gb/groceries/product/details/all-easter-/lindt-gold-bunny-egg-195g', 'Lindt Gold Bunny Milk Chocolate 195g', '£10.00', '£5.13 / 100g')
('https://www.sainsburys.co.uk/shop/gb/groceries/product/details/all-easter-/sainsburys-deep-fill-fish-pie-500g', "Sainsbury's Classics Deep Filled Fish Pie 500g", '£3.30', '£6.60 / kg')
('https://www.sainsburys.co.uk/shop/gb/groceries/product/details/all-easter-/fentimans-light-raspberry-250ml', 'Fentimans Light Sparkling Raspberry 250ml', '£1.25', '50p / 100ml')
('https://www.sainsburys.co.uk/shop/gb/groceries/product/details/all-easter-/outdoor-reindeer-novelty', "Sainsbury's Outdoor Animal Novelty", '£7.00', '£7.00 / ea')
('https://www.sainsburys.co.uk/shop/gb/groceries/product/details/all-easter-/sainsburys-floral-scalloped-edge-card-7941747-p', 'Floral Scalloped Edge Easter Card', '£1.50', '£1.50 / ea')
('https://www.sainsburys.co.uk/shop/gb/groceries/product/details/all-easter-/cadbury-creme-egg-large-easter-egg-258g-check-your-local-store-for-available-range-', 'Cadbury Creme Egg with Large Easter Egg 233g', '£3.00', '£1.29 / 100g')
('https://www.sainsburys.co.uk/shop/gb/groceries/product/details/all-easter-/cadbury-dairy-milk-egg-n-spoon-chocolate-mousse-eggs-x4-136g', "Cadbury Dairy Milk Egg 'n' Spoon Chocolate 136g", '£2.00', '£1.47 / 100g')
('https://www.sainsburys.co.uk/shop/gb/groceries/product/details/all-easter-/cadbury-easter-egg-hunt-pack-176g', 'Cadbury Easter Egg Hunt Pack 176g', '£3.00', '£1.70 / 100g')
('https://www.sainsburys.co.uk/shop/gb/groceries/product/details/all-easter-/thorntons-milk-chocolate-unicorn-easter-egg-151g', 'Thorntons Milk Chocolate Unicorn Easter Egg 151g', '£3.50', '£2.35 / 100g')
('https://www.sainsburys.co.uk/shop/gb/groceries/product/details/all-easter-/sainsburys-easter-simnel-cake-bar-400g', "Sainsbury's Simnel Cake 400g", '£3.50', '88p / 100g')
('https://www.sainsburys.co.uk/shop/gb/groceries/product/details/all-easter-/soreen-large-fruit-loaf-260g', 'Soreen Malt Loaf 260g', '£1.30', '50p / 100g')
('https://www.sainsburys.co.uk/shop/gb/groceries/product/details/all-easter-/sainsburys-buttermilk-pancakes-x8', "Sainsbury's Buttermilk Pancakes x8", '£1.20', '15p / ea')
('https://www.sainsburys.co.uk/shop/gb/groceries/product/details/price-lock-toiletries-and-health/right-guard-xtreme-cool-impact-antiperspirant-deodorant-150ml', 'Right Guard Xtreme, Anti-Perspirant Deodorant, Cool 150ml', '£1.00', '67p / 100ml')
('https://www.sainsburys.co.uk/shop/gb/groceries/product/details/price-lock-toiletries-and-health/nivea-for-men-sport-shower-gel-250ml', 'Nivea Men Shower Gel Sport 250ml', '£1.00', '40p / 100ml')
('https://www.sainsburys.co.uk/shop/gb/groceries/product/details/price-lock-toiletries-and-health/beecham-powders-x10', 'Beechams Powders, Cold & Flu Aspirin & Caffeine Sachets x10', '£2.60', '26p / ea')
('https://www.sainsburys.co.uk/shop/gb/groceries/product/details/price-lock-toiletries-and-health/dove-rich-nourishing-cream-400ml', 'Dove Essential Nourishing Lotion 400ml', '£3.00', '75p / 100ml')
('https://www.sainsburys.co.uk/shop/gb/groceries/product/details/price-lock-toiletries-and-health/nivea-skin-lotion--mild-care-for-normal-skin-250ml', 'Nivea Body Lotion, Light Moisturising & Cleansing 250ml', '£2.35', '94p / 100ml')
('https://www.sainsburys.co.uk/shop/gb/groceries/product/details/price-lock-toiletries-and-health/johnsons-make-up-gone-refreshing-facial-wipes--normal-skin-x25', "Johnson's Make Up Be Gone Facial Wipes, Refreshing x25", '£1.50', '6p / wipe')
('https://www.sainsburys.co.uk/shop/gb/groceries/product/details/price-lock-toiletries-and-health/dove-cream-wash-250ml', 'Dove Beauty Cream Caring Hand Wash 250ml', '£1.00', '40p / 100ml')
('https://www.sainsburys.co.uk/shop/gb/groceries/product/details/price-lock-toiletries-and-health/cuticura-original-anti-bacterial-hand-gel-200ml', 'Cuticura Original Anti Bacterial Hand Gel 200ml', '£1.50', '75p / 100ml')
('https://www.sainsburys.co.uk/shop/gb/groceries/product/details/price-lock-toiletries-and-health/carex-fun-edition-love-hearts-hand-cleansing-gel-300ml', 'Carex Fun Edition Love Hearts Hand Cleansing Gel 300ml', '£3.50', '£1.17 / 100ml')
('https://www.sainsburys.co.uk/shop/gb/groceries/product/details/price-lock-toiletries-and-health/carex-antibacterial-bar-soap-original-100g', 'Carex Antibacterial Bar Soap Original 100g', '75p', '75p / 100g')
('https://www.sainsburys.co.uk/shop/gb/groceries/product/details/price-lock-toiletries-and-health/sanex-dermo-kids-bodywash-750ml', 'Sanex Dermo Kids Body Wash & Foam Bath, for Body & Hair 750ml', '£3.50', '47p / 100ml')
('https://www.sainsburys.co.uk/shop/gb/groceries/product/details/price-lock-toiletries-and-health/nivea-men-energy-shower-gel-400ml', 'Nivea Men Energy Shower Gel 400ml', '£1.65', '41p / 100ml')
('https://www.sainsburys.co.uk/shop/gb/groceries/product/details/price-lock-toiletries-and-health/radox-feel-awake-shower-gel-500ml', 'Radox 2-in-1 Shampoo and Shower Gel Feel Awake 500ml', '£1.50', '30p / 100ml')
('https://www.sainsburys.co.uk/shop/gb/groceries/product/details/price-lock-toiletries-and-health/carex-moisture-eco-refill-handwash-1l', 'Carex Dermacare Moisture Eco Refill Antibacterial Hand Wash 1L', '£2.85', '29p / 100ml')
('https://www.sainsburys.co.uk/shop/gb/groceries/product/details/price-lock-toiletries-and-health/imperial-leather-original-soap-x-2-100g', 'Imperial Leather Original Soap x2 100g', '70p', '35p / 100g')
('https://www.sainsburys.co.uk/shop/gb/groceries/product/details/price-lock-toiletries-and-health/palmolvie-coconut-shower-gel-500ml', 'Palmolive Naturals Coconut Shower Gel 500ml', '£1.50', '30p / 100ml')
('https://www.sainsburys.co.uk/shop/gb/groceries/product/details/price-lock-toiletries-and-health/sanex-zero-sensitive-bath-foam-650ml', 'Sanex Zero% Sensitive Skin Bubble Bath Cream 650ml', '£2.50', '38p / 100ml')
('https://www.sainsburys.co.uk/shop/gb/groceries/product/details/price-lock-toiletries-and-health/sanex-dermo-sensitive-bath-650ml', 'Sanex Dermo Sensitive Bubble Bath Cream 650ml', '£2.50', '38p / 100ml')
('https://www.sainsburys.co.uk/shop/gb/groceries/product/details/price-lock-toiletries-and-health/dove-pro-age-nourishing-body-care-body-lotion-400-ml-7970982-p', 'Dove Pro Age Nourishing Body Care Body Lotion 400 ml', '£3.15', '79p / 100ml')
('https://www.sainsburys.co.uk/shop/gb/groceries/product/details/price-lock-toiletries-and-health/radox-handwash-protect-replenish-500ml', 'Radox Antibacterial Handwash Protect & Replenish 500ml', '£1.50', '30p / 100ml')
('https://www.sainsburys.co.uk/shop/gb/groceries/product/details/price-lock-toiletries-and-health/sainsburys-comfort-fit-for-her-discreet-ultra-thin-normal-womens-liners-x24', "Sainsbury's Comfort Fit for Her Discreet Ultra Thin Normal Women's Liners x24", '£1.50', '6p / ea')
('https://www.sainsburys.co.uk/shop/gb/groceries/product/details/price-lock-toiletries-and-health/sainsburys-comfort-fit-for-her-discreet-underwear-pants-super-large-x10', "Sainsbury's Comfort Fit for Her Discreet Underwear Pants Super Large x10", '£7.00', '70p / ea')
('https://www.sainsburys.co.uk/shop/gb/groceries/product/details/price-lock-toiletries-and-health/sainsburys-comfort-fit-for-her-8-discreet-maxi-night-womens-pads-x8', "Sainsbury's Comfort Fit for Her 8 Discreet Maxi/Night Women's Pads x8", '£1.50', '19p / ea')
('https://www.sainsburys.co.uk/shop/gb/groceries/product/details/price-lock-toiletries-and-health/sainsburys-comfort-fit-for-her-discreet-underwear-pants-plus-medium-x12', "Sainsbury's Comfort Fit for Her Discreet Underwear Pants Plus Medium x12", '£6.00', '50p / ea')
('https://www.sainsburys.co.uk/shop/gb/groceries/product/details/price-lock-toiletries-and-health/sainsburys-comfort-fit-for-her-normal-womens-pads-x12', "Sainsbury's Comfort Fit for Her Normal Women's Pads x12", '£1.50', '13p / ea')
('https://www.sainsburys.co.uk/shop/gb/groceries/product/details/price-lock-toiletries-and-health/always-discreet-underwear-incontinence-pants-plus-l-x8', 'Always Discreet Underwear Incontinence Pants Plus Large x8', '£6.00', '75p / ea')
('https://www.sainsburys.co.uk/shop/gb/groceries/product/details/price-lock-toiletries-and-health/always-discreet-underwear-incontinence-pants-normal-l-x10', 'Always Discreet Underwear Incontinence Pants Normal Large x10', '£6.00', '60p / ea')
('https://www.sainsburys.co.uk/shop/gb/groceries/product/details/price-lock-toiletries-and-health/carex-limited-edition-unicorn-magic-antibacterial-hand-wash-250ml', 'Carex Fun Edition Unicorn Antibacterial Hand Wash 250ml', '£1.00', '40p / 100ml')
('https://www.sainsburys.co.uk/shop/gb/groceries/product/details/price-lock-toiletries-and-health/imperial-leather-limited-edition-cosmic-unicorn-fantasy-icons-shower-gel-250ml', 'Imperial Leather Limited Edition Cosmic Unicorn Fantasy Icons Shower Gel 250ml', '90p', '36p / 100ml')
('https://www.sainsburys.co.uk/shop/gb/groceries/product/details/price-lock-toiletries-and-health/johnsons-face-care-makeup-be-gone-extra-sensitive-wipes-25-wipes', "Johnson's Face Care MakeUp Be Gone Extra-Sensitive Wipes 25 Wipes", '£1.50', '6p / wipe')
('https://www.sainsburys.co.uk/shop/gb/groceries/product/details/price-lock-toiletries-and-health/radox-salts-muscle-relief-900g-pouch', 'Radox Bath Salts Muscle Relax 900g', '£2.25', '25p / 100g')
('https://www.sainsburys.co.uk/shop/gb/groceries/product/details/price-lock-toiletries-and-health/the-collection-mens-muscle-therapy-bath-soak-500ml', "The Collection Men's Muscle Therapy Bath Soak 500ml", '90p', '18p / 100ml')
('https://www.sainsburys.co.uk/shop/gb/groceries/product/details/price-lock-toiletries-and-health/sainsburys-ultra-towel-night-wings-x10', "Sainsbury's Ultra Towel Night Wings x10", '65p', '7p / ea')
('https://www.sainsburys.co.uk/shop/gb/groceries/product/details/price-lock-toiletries-and-health/colgate-cavity-protection-toothpaste-75ml', 'Colgate Cavity Protection Toothpaste 75ml', '80p', '£1.07 / 100ml')
('https://www.sainsburys.co.uk/shop/gb/groceries/product/details/price-lock-toiletries-and-health/original-source-coconut-shower-250ml', 'Original Source Coconut Shower 250ml', '£1.00', '40p / 100ml')
('https://www.sainsburys.co.uk/shop/gb/groceries/product/details/price-lock-toiletries-and-health/centrum-advance-multivitamin-50-x100', 'Centrum Advance Multivitamin 50+ x100', '£10.00', '10p / tblt')
('https://www.sainsburys.co.uk/shop/gb/groceries/product/details/price-lock-toiletries-and-health/aquafresh-complete-care-mouthwash-500ml', 'Aquafresh Complete Care Fresh Mint Mouthwash 500ml', '£1.75', '35p / 100ml')
('https://www.sainsburys.co.uk/shop/gb/groceries/product/details/dairy-eggs-special-offers/glenisk-go20-vanilla-yogurt-w-drk-choc', 'Glenisk Go20 Vanilla Yogurt with Granola, Seeds, Coconut & Dark Chocolate 170g', '£1.20', '71p / 100g')
('https://www.sainsburys.co.uk/shop/gb/groceries/product/details/dairy-eggs-special-offers/judes-chocolate-milkshake-250ml', "Jude's Chocolate Milkshake 250ml", '95p', '£3.80 / ltr')
('https://www.sainsburys.co.uk/shop/gb/groceries/product/details/dairy-eggs-special-offers/flora-plant-butter-salted-250g', 'Flora Plant B+tter Salted Vegan Alternative to Butter 250g', '£1.50', '£6.00 / kg')
('https://www.sainsburys.co.uk/shop/gb/groceries/product/details/dairy-eggs-special-offers/gü-sumptuous-salted-caramel-cheesecakes-2-x-92g', 'Gü Salted Caramel Cheesecake Desserts 2x92g', '£2.00', '£1.08 / 100g')
('https://www.sainsburys.co.uk/shop/gb/groceries/product/details/dairy-eggs-special-offers/rude-health-organic-ultimate-almond-drink-1l', 'Rude Health Organic Ultimate Almond Drink 1L', '£2.50', '£2.50 / ltr')
('https://www.sainsburys.co.uk/shop/gb/groceries/product/details/dairy-eggs-special-offers/the-collective-kefir-natural-cultured-drink-500ml', 'The Collective Kefir Natural Cultured Drink 500ml', '£1.50', '30p / 100ml')
('https://www.sainsburys.co.uk/shop/gb/groceries/product/details/dairy-eggs-special-offers/koko-dairy-free-plain-live-yogurt-cultures-500g', 'Koko Dairy Free Plain Live Yogurt Cultures 500g', '£1.50', '30p / 100g')
('https://www.sainsburys.co.uk/shop/gb/groceries/product/details/dairy-eggs-special-offers/frijj-chocolate-fudge-flavoured-milk-400ml', 'Frijj Chocolate Fudge Flavoured Milk 400ml', '75p', '19p / 100ml')
('https://www.sainsburys.co.uk/shop/gb/groceries/product/details/dairy-eggs-special-offers/bio-tiful-morello-cherry-kefir-250ml', 'Biotiful Kefir Morello Cherry 250ml', '£1.45', '£5.80 / ltr')
('https://www.sainsburys.co.uk/shop/gb/groceries/product/details/dairy-eggs-special-offers/alpro-oat-1l', 'Alpro Oat Chilled Drink 1L', '£1.00', '£1.00 / ltr')
('https://www.sainsburys.co.uk/shop/gb/groceries/product/details/dairy-eggs-special-offers/collective-passionfruit-yogurt-450g', 'The Collective Passion Fruit Gourmet Live Yogurt 450g', '£1.30', '29p / 100g')
('https://www.sainsburys.co.uk/shop/gb/groceries/product/details/dairy-eggs-special-offers/starbucks-skinny-latte-10x220ml', 'Starbucks Skinny Latte 220ml', '£1.00', '46p / 100ml')
('https://www.sainsburys.co.uk/shop/gb/groceries/product/details/dairy-eggs-special-offers/müller-light-greek-style-mango-yogurt-4x120g', 'Müller Light Mango Greek Style Yogurt 4x120g', '£1.00', '21p / 100g')
('https://www.sainsburys.co.uk/shop/gb/groceries/product/details/dairy-eggs-special-offers/for-goodness-shakes-protein-chocolate-475ml-x12', 'For Goodness Shakes High Protein Chocolate Shake 475ml', '£1.00', '£2.11 / ltr')
('https://www.sainsburys.co.uk/shop/gb/groceries/product/details/dairy-eggs-special-offers/yeo-valley-yogurt-lemon-curd-4x120g', 'Yeo Valley Organic Yogurt Lemon Curd 4x120g', '£1.50', '32p / 100g')
('https://www.sainsburys.co.uk/shop/gb/groceries/product/details/dairy-eggs-special-offers/president-brie-200g', 'President Brie Cheese 200g', '£1.50', '£7.50 / kg')
('https://www.sainsburys.co.uk/shop/gb/groceries/product/details/dairy-eggs-special-offers/davidstow-crackler-320g', 'Davidstow Cornish Extra Mature Cheddar Cheese 320g', '£3.00', '£9.38 / kg')
('https://www.sainsburys.co.uk/shop/gb/groceries/product/details/dairy-eggs-special-offers/actimel-yogurt-drink-01-fat-original-12x100g', 'Actimel Original Plain Fat Free No Added Sugar Yogurt Drinks 12x100g', '£3.00', '25p / 100g')
('https://www.sainsburys.co.uk/shop/gb/groceries/product/details/dairy-eggs-special-offers/muller-corner-peach-and-apricot-yogurt-143g-7553557-p', 'Muller Corner Peach and Apricot Yogurt 143g', '35p', '25p / 100g')
('https://www.sainsburys.co.uk/shop/gb/groceries/product/details/dairy-eggs-special-offers/muller-corner-red-cherry-yogurt-143g-7553444-p', 'Muller Corner Red Cherry Yogurt 143g', '35p', '23p / 100g')
('https://www.sainsburys.co.uk/shop/gb/groceries/product/details/dairy-eggs-special-offers/bertolli-light-500g', 'Bertolli Olive Oil Light Spread 500g', '£1.50', '£3.00 / kg')
('https://www.sainsburys.co.uk/shop/gb/groceries/product/details/dairy-eggs-special-offers/lurpak-lighter-slightly-salted-spreadable-500g', 'Lurpak Lighter Slightly Salted Spreadable 500g', '£2.75', '£5.50 / kg')
('https://www.sainsburys.co.uk/shop/gb/groceries/product/details/dairy-eggs-special-offers/golden-cow-easispread-500g', 'Golden Cow Easispread Spread 500g', '£1.50', '£3.00 / kg')
('https://www.sainsburys.co.uk/shop/gb/groceries/product/details/dairy-eggs-special-offers/bertolli-500g', 'Bertolli Olive Oil Spread 500g', '£1.50', '£3.00 / kg')
('https://www.sainsburys.co.uk/shop/gb/groceries/product/details/dairy-eggs-special-offers/for-goodness-shakes-chocolate-500g', 'For Goodness Shakes Recovery Chocolate Shake 475ml', '£1.70', '36p / 100ml')
('https://www.sainsburys.co.uk/shop/gb/groceries/product/details/dairy-eggs-special-offers/grahams-gold-jersey-full-cream-milk-1l', "Graham's Gold Jersey Full Cream Milk 1L", '£1.00', '£1.00 / ltr')
('https://www.sainsburys.co.uk/shop/gb/groceries/product/details/dairy-eggs-special-offers/yeo-valley-organic-yogurt-blueberry-450g', 'Yeo Valley Organic Blueberry & Lime Yogurt 450g', '£1.00', '22p / 100g')
('https://www.sainsburys.co.uk/shop/gb/groceries/product/details/dairy-eggs-special-offers/cravendale-skimmed-milk-2l', 'Cravendale Purefilter Skimmed Milk 2L', '£1.60', '80p / ltr')
('https://www.sainsburys.co.uk/shop/gb/groceries/product/details/dairy-eggs-special-offers/alpro-junior-1-soya-milk-alternative-1l', 'Alpro Soya Growing Up Long Life Drink 1L', '£1.20', '£1.20 / ltr')
('https://www.sainsburys.co.uk/shop/gb/groceries/product/details/dairy-eggs-special-offers/alpro-light-long-life-soya-milk-alternative-1l', 'Alpro Soya Light Long Life Drink 1L', '£1.20', '£1.20 / ltr')
('https://www.sainsburys.co.uk/shop/gb/groceries/product/details/dairy-eggs-special-offers/actimel-no-added-sugar-0-fat-strawberry-yogurt-drink-12x100g', 'Actimel No Added Sugar 0% Fat Strawberry Yogurt Drink 12x100g', '£3.00', '25p / 100g')
('https://www.sainsburys.co.uk/shop/gb/groceries/product/details/all-ready-meals-/sainsburys-my-goodness!-red-thai-vegetable-curry-350g', "Sainsbury's Red Thai Vegetable Curry & Rice 350g (Serves 1)", '£2.50', '£7.14 / kg')
('https://www.sainsburys.co.uk/shop/gb/groceries/product/details/all-ready-meals-/sainsburys-wiltshire-ham-gratin--taste-the-difference-bistro-800g', "Sainsbury's Wiltshire Ham Gratin, Taste the Difference 800g (Serves 2)", '£6.00', '£7.50 / kg')
('https://www.sainsburys.co.uk/shop/gb/groceries/product/details/all-ready-meals-/rustlers-microwave-chicken-sandwich-150g', 'Rustlers Microwave Chicken Sandwich 150g (Serves 1)', '£2.00', '£1.33 / 100g')
('https://www.sainsburys.co.uk/shop/gb/groceries/product/details/all-ready-meals-/annabel-karmel-chicken---potato-pie-200g', 'Annabel Karmel Chicken & Potato Pie Toddler Meal 200g 12 Month+', '£2.50', '£12.50 / kg')
('https://www.sainsburys.co.uk/shop/gb/groceries/product/details/all-ready-meals-/mash-direct-mash-potato-400g', 'Mash Direct Mash Potato 400g', '£1.50', '£3.75 / kg')
('https://www.sainsburys.co.uk/shop/gb/groceries/product/details/all-ready-meals-/cloughbane-chicken--ham---leek-pie-650g', 'Cloughbane Chicken, Ham & Leek Pie 650g', '£3.00', '46p / 100g')
('https://www.sainsburys.co.uk/shop/gb/groceries/product/details/all-ready-meals-/sainsburys-beef-in-black-bean---rice-450g', "Sainsbury's Beef In Black Bean & Rice 400g (Serves 1)", '£2.75', '£6.88 / kg')
('https://www.sainsburys.co.uk/shop/gb/groceries/product/details/all-ready-meals-/dicksons-family-steak-pie-770g', 'Dicksons Family Steak Pie 770g', '£3.30', '46p / 100g')
('https://www.sainsburys.co.uk/shop/gb/groceries/product/details/all-ready-meals-/floristan-spanish-potato-omelette-500g', 'Floristan Spanish Potato Omelette 500g', '£2.00', '40p / 100g')
('https://www.sainsburys.co.uk/shop/gb/groceries/product/details/all-ready-meals-/sharwoods-mango-spreadable-chutney-360g', "Sharwood's Mango Spreadable Chutney 360g", '£1.80', '50p / 100g')
('https://www.sainsburys.co.uk/shop/gb/groceries/product/details/flowers---seeds/rose-lily-bouquet', 'Rose & Lily Bouquet', '1p', '1p / ea')
('https://www.sainsburys.co.uk/shop/gb/groceries/product/details/flowers---seeds/sainsburys-alstroemeria-abundance', "Sainsbury's Alstroemeria Abundance Bouquet", '£5.00', '£5.00 / ea')
('https://www.sainsburys.co.uk/shop/gb/groceries/product/details/flowers---seeds/tulip---hyacinth-bouquet', "Sainsbury's Tulip & Hyacinth Bouquet", '£5.00', '£5.00 / ea')
('https://www.sainsburys.co.uk/shop/gb/groceries/product/details/flowers---seeds/sainsburys-pinecones', "Sainsbury's Pinecones", '1p', '1p / ea')
('https://www.sainsburys.co.uk/shop/gb/groceries/product/details/flowers---seeds/sainsburys-longiflorum-lilies', "Sainsbury's Longiflorum Lilies Bouquet", '£3.50', '£3.50 / ea')
('https://www.sainsburys.co.uk/shop/gb/groceries/product/details/flowers---seeds/kelly-flowers-tulip-mix', 'Kelly Flowers Tulip Mix', '£3.00', '£3.00 / ea')
('https://www.sainsburys.co.uk/shop/gb/groceries/product/details/flowers---seeds/kelly-flowers-seasonal-bouquet', 'Kelly Flowers Seasonal Bouquet', '£8.00', '£8.00 / ea')
('https://www.sainsburys.co.uk/shop/gb/groceries/product/details/flowers---seeds/rose-stocks', 'Rose & Stocks', '£6.00', '£6.00 / ea')
('https://www.sainsburys.co.uk/shop/gb/groceries/product/details/flowers---seeds/kelly-flowers-occasions-perfection-bouquet', 'Kelly Flowers Occasions Perfection Bouquet', '£7.00', '£7.00 / ea')
('https://www.sainsburys.co.uk/shop/gb/groceries/product/details/flowers---seeds/sainsburys-white-spider-lillies-x3', "Sainsbury's White Spider Lillies x3", '£2.75', '£2.75 / ea')
('https://www.sainsburys.co.uk/shop/gb/groceries/product/details/flowers---seeds/luxury-ilex', 'Luxury Ilex', '1p', '1p / ea')
('https://www.sainsburys.co.uk/shop/gb/groceries/product/details/flowers---seeds/bloom-wild-the-country-garden-blooms', 'Bloom & Wild The Country Garden Blooms', '£15.00', '£15.00 / ea')
('https://www.sainsburys.co.uk/shop/gb/groceries/product/details/flowers---seeds/sainsburys-ballerina-tulips-bulbs-x10', "Sainsbury's Ballerina Tulips Bulbs x10", '1p', '1p / ea')
('https://www.sainsburys.co.uk/shop/gb/groceries/product/details/flowers---seeds/sainsburys-astrantia-x1', "Sainsbury's Astrantia x1", '£2.75', '£2.75 / ea')
('https://www.sainsburys.co.uk/shop/gb/groceries/product/details/flowers---seeds/rose-lily-bouquet-8017186-p-44', "Sainsbury's Rose & Lily Bouquet", '1p', '1p / ea')
('https://www.sainsburys.co.uk/shop/gb/groceries/product/details/flowers---seeds/blue-moon-bouquet', "Sainsbury's Blue Moon Bouquet", '1p', '1p / ea')
('https://www.sainsburys.co.uk/shop/gb/groceries/product/details/flowers---seeds/sainsburys-rainbow-roses-bouquet', "Sainsbury's Rainbow Roses Bouquet", '1p', '1p / ea')
('https://www.sainsburys.co.uk/shop/gb/groceries/product/details/flowers---seeds/summer-brights-collection', "Sainsbury's Bulbs Summer Bright x30", '£5.00', '£5.00 / ea')
('https://www.sainsburys.co.uk/shop/gb/groceries/product/details/flowers---seeds/scented-christmas-foliage', 'Scented Christmas Foliage', '1p', '1p / ea')
('https://www.sainsburys.co.uk/shop/gb/groceries/product/details/flowers---seeds/painted-foliage', 'Painted Foliage', '1p', '1p / ea')
('https://www.sainsburys.co.uk/shop/gb/groceries/product/details/flowers---seeds/outdoor-reindeer-novelty', "Sainsbury's Outdoor Animal Novelty", '£7.00', '£7.00 / ea')
('https://www.sainsburys.co.uk/shop/gb/groceries/product/details/flowers---seeds/sainsburys-oval-zinc-hyacinth-pink', "Sainsbury's Scented Pink Hyacinth Planter", '1p', '1p / ea')
('https://www.sainsburys.co.uk/shop/gb/groceries/product/details/flowers---seeds/sainsburys-harlequin-rose-7961034-p-44', "Sainsbury's Harlequin Rose", '£3.00', '£3.00 / ea')
('https://www.sainsburys.co.uk/shop/gb/groceries/product/details/flowers---seeds/sainsburys-blue-moon-bouquet', "Sainsbury's Blue Moon Bouquet", '£10.00', '£10.00 / ea')
('https://www.sainsburys.co.uk/shop/gb/groceries/product/details/flowers---seeds/sainsburys-roses-with-love-boquet', "Sainsbury's Roses With Love Boquet", '1p', '1p / ea')
('https://www.sainsburys.co.uk/shop/gb/groceries/product/details/flowers---seeds/sainsburys-spray-rose-stocks-bouquet', "Sainsbury's Spray Rose & Stocks Bouquet", '£8.50', '£8.50 / ea')
('https://www.sainsburys.co.uk/shop/gb/groceries/product/details/flowers---seeds/sainsburys-blackcurrent-bon-bon-bouquet', "Sainsbury's Blackcurrant & Bon Bon Bouquet", '1p', '1p / ea')
('https://www.sainsburys.co.uk/shop/gb/groceries/product/details/flowers---seeds/sainsburys-sweet-scented-spring-bouquet', "Sainsbury's Sweet Scented Spring Bouquet", '£20.00', '£20.00 / ea')
('https://www.sainsburys.co.uk/shop/gb/groceries/product/details/flowers---seeds/sainsburys-mini-hydrangea-zinc', "Sainsbury's Mini Hydrangea Zinc Pot", '£6.00', '£6.00 / ea')
('https://www.sainsburys.co.uk/shop/gb/groceries/product/details/flowers---seeds/sainsburys-easy-to-grow-sunflowers', "Sainsbury's Easy To Grow Sunflowers", '£10.00', '£10.00 / ea')
('https://www.sainsburys.co.uk/shop/gb/groceries/product/details/flowers---seeds/habitat-closed-system-terrarium', 'Habitat Closed System Terrarium', '£12.00', '£12.00 / ea')
('https://www.sainsburys.co.uk/shop/gb/groceries/product/details/flowers---seeds/grow-your-own-sunflower-bucket', "Sainsbury's Dwarf Sunflower", '£7.00', '£7.00 / ea')
('https://www.sainsburys.co.uk/shop/gb/groceries/product/details/flowers---seeds/bee-attracting-metal-planter', "Sainsbury's Bee Friendly Planter", '£10.00', '£10.00 / ea')
('https://www.sainsburys.co.uk/shop/gb/groceries/product/details/flowers---seeds/sainsburys-premium-red-freedom-roses-bouquet', "Sainsbury's Premium Red Freedom Roses Bouquet", '£14.00', '£14.00 / ea')
('https://www.sainsburys.co.uk/shop/gb/groceries/product/details/flowers---seeds/mixed-rose-posy', "Sainsbury's Mixed Rose Posy", '£5.00', '£5.00 / ea')
('https://www.sainsburys.co.uk/shop/gb/groceries/product/details/flowers---seeds/deck-the-halls-bouquet', 'Deck The Halls Bouquet', '1p', '1p / ea')
('https://www.sainsburys.co.uk/shop/gb/groceries/product/details/flowers---seeds/pretty-tulips', 'Pretty Tulips', '£8.00', '£8.00 / ea')
('https://www.sainsburys.co.uk/shop/gb/groceries/product/details/flowers---seeds/sainsburys-harrogate-bouquet', "Sainsbury's Harrogate Bouquet", '£22.00', '£22.00 / ea')
('https://www.sainsburys.co.uk/shop/gb/groceries/product/details/flowers---seeds/sainsburys-merlot-rose-bouquet', "Sainsbury's Merlot & Rose Bouquet", '£8.00', '£8.00 / ea')
('https://www.sainsburys.co.uk/shop/gb/groceries/product/details/flowers---seeds/succulent-heart', "Sainsbury's Succulent in Stone Pot", '1p', '1p / ea')
('https://www.sainsburys.co.uk/shop/gb/groceries/product/details/flowers---seeds/sainsburys-country-house-lilies-bouquet', "Sainsbury's Country House Lilies Bouquet", '1p', '1p / ea')
('https://www.sainsburys.co.uk/shop/gb/groceries/product/details/flowers---seeds/sainsburys-dazzle-bouquet', "Sainsbury's Dazzle Bouquet", '£10.00', '£10.00 / ea')
('https://www.sainsburys.co.uk/shop/gb/groceries/product/details/flowers---seeds/sainsburys-berry-burst', "Sainsbury's Rose Berry Burst Bouquet", '£10.00', '£10.00 / ea')
('https://www.sainsburys.co.uk/shop/gb/groceries/product/details/flowers---seeds/sainsburys-narcissi-lantern', "Sainsbury's Narcissi Lantern", '1p', '1p / ea')
('https://www.sainsburys.co.uk/shop/gb/groceries/product/details/flowers---seeds/persian-buttercups', "Sainsbury's Bulbs Ranunculus x12", '£2.75', '£2.75 / ea')
('https://www.sainsburys.co.uk/shop/gb/groceries/product/details/flowers---seeds/30-sword-lily', "Sainsbury's Sword Lily x30", '£2.75', '£2.75 / ea')
('https://www.sainsburys.co.uk/shop/gb/groceries/product/details/flowers---seeds/sizzling-spring', "Sainsbury's Sizzling Spring Bouquet", '£12.00', '£12.00 / ea')
('https://www.sainsburys.co.uk/shop/gb/groceries/product/details/flowers---seeds/sainsburys-rainbow-fun-bouquet', "Sainsbury's Rainbow Fun Bouquet", '£10.00', '£10.00 / ea')
('https://www.sainsburys.co.uk/shop/gb/groceries/product/details/flowers---seeds/sainsburys-pretty-spray-carnations-bouquet', "Sainsbury's Pretty Spray Carnations Bouquet", '£3.00', '£3.00 / ea')
('https://www.sainsburys.co.uk/shop/gb/groceries/product/details/special-offers-462352-44/heck-vegan-italia-300g', 'Heck Vegan Italia Chipolatas x10 300g', '£1.75', '£5.84 / kg')
('https://www.sainsburys.co.uk/shop/gb/groceries/product/details/special-offers-462352-44/moving-mountains-plant-based-sausage-burgers-x2-227g', 'Moving Mountains Plant-Based Sausage Burgers x2 227g', '£3.00', '£13.22 / kg')
('https://www.sainsburys.co.uk/shop/gb/groceries/product/details/special-offers-462352-44/moving-mountains®-hot-dog-4x60g', 'Moving Mountains Plant-Based Hot Dogs x4 240g', '£3.00', '£12.50 / kg')
('https://www.sainsburys.co.uk/shop/gb/groceries/product/details/special-offers-462352-44/rude-health-oat-barista-drink-1l', 'Rude Health Organic Barista Oat 1L', '£2.00', '£2.00 / ltr')
('https://www.sainsburys.co.uk/shop/gb/groceries/product/details/special-offers-462352-44/starbucks-fairtrade-almond-plant-based-iced-coffee-220ml', 'Starbucks Fairtrade Almond Plant-Based Iced Coffee 220ml', '£1.00', '46p / 100ml')
('https://www.sainsburys.co.uk/shop/gb/groceries/product/details/special-offers-462352-44/sainsburys-tomato---basil-sauce-350g-7077056-p-44', "Sainsbury's Tomato & Basil Sauce 350g", '£1.25', '36p / 100g')
('https://www.sainsburys.co.uk/shop/gb/groceries/product/details/special-offers-462352-44/metcalfes-cinema-sweet-popcorn-6x11g', "Metcalfe's Cinema Sweet Popcorn Multipack 6x11g", '£1.25', '£1.90 / 100g')
('https://www.sainsburys.co.uk/shop/gb/groceries/product/details/special-offers-462352-44/kettle-chips-lightly-salted-150g', 'Kettle Chips Lightly Salted Sharing Crisps 150g', '£1.00', '67p / 100g')
('https://www.sainsburys.co.uk/shop/gb/groceries/product/details/special-offers-462352-44/alpro-long-life-soya-milk-alternative--original-1l', 'Alpro Soya Long Life Drink 1L', '£1.20', '£1.20 / ltr')
('https://www.sainsburys.co.uk/shop/gb/groceries/product/details/special-offers-462352-44/deliciously-ella-pb-oat-bar-150g', 'Deliciously Ella Peanut Oat Bars 3x50g', '£2.00', '£1.34 / 100g')
('https://www.sainsburys.co.uk/shop/gb/groceries/product/details/special-offers-462352-44/lo-bros-gut-shot-beet-boost-organic-60ml', 'Lo Bros Organic Kombucha Gut Shot Beetroot 60ml', '£1.75', '£2.92 / 100ml')
('https://www.sainsburys.co.uk/shop/gb/groceries/product/details/special-offers-462352-44/birds-eye-gc-meatfree-swedish-balls-280g', 'Birds Eye Green Cuisine Meat-Free Meatballs 280g', '£1.50', '£5.36 / kg')
('https://www.sainsburys.co.uk/shop/gb/groceries/product/details/special-offers-462352-44/glorious!-indian-tumeric--cauliflower---lentil-soup-600g', 'Glorious! Indian Sweet Potato and Coconut Daal Soup 600g', '£1.50', '25p / 100g')
('https://www.sainsburys.co.uk/shop/gb/groceries/product/details/special-offers-462352-44/sainsburys-chargrilled-vegetable-sauce-350g', "Sainsbury's Chargrilled Vegetable Sauce 350g", '£1.25', '36p / 100g')
('https://www.sainsburys.co.uk/shop/gb/groceries/product/details/special-offers-462352-44/tofoo-naked-tofu--organic-280g', 'Tofoo Naked Tofu, Organic 280g', '£1.70', '£6.07 / kg')
('https://www.sainsburys.co.uk/shop/gb/groceries/product/details/special-offers-462352-44/nakd-peanut-delight-fruit---nut-bar-35g-7819805-p', 'Nakd Peanut Delight Fruit & Nut Bar 35g', '60p', '£1.71 / 100g')
('https://www.sainsburys.co.uk/shop/gb/groceries/product/details/special-offers-462352-44/great-food-tuscan-bites-300g', 'Great Food Tuscan Bites 300g', '£2.00', '66p / 100g')
('https://www.sainsburys.co.uk/shop/gb/groceries/product/details/special-offers-462352-44/metcalfes-sweet---salty-popcorn-25g', "Metcalfe's Skinny Popcorn Sweet & Salt 20g", '90p', '£4.50 / 100g')
('https://www.sainsburys.co.uk/shop/gb/groceries/product/details/vegetarian-food/plant-pioneers-no-prawns-tempura-160g', 'Plant Pioneers No Prawns Tempura 160g', '£3.00', '£18.75 / kg')
('https://www.sainsburys.co.uk/shop/gb/groceries/product/details/vegetarian-food/lazy-day-foods-free-from-celebration-chocolate-cake-650g-serves-10-', 'Lazy Day Free From Chocolate Celebration Cake 650g', '£6.50', '£1.00 / 100g')
('https://www.sainsburys.co.uk/shop/gb/groceries/product/details/vegetarian-food/pukka-vegan-chicken-mushroom', 'Pukka Vegan Chicken & Mushroom Pie 210g', '£1.00', '£4.76 / kg')
('https://www.sainsburys.co.uk/shop/gb/groceries/product/details/vegetarian-food/califia-farms-oat-drink-1l', 'Califia Farms Oat Drink 1L', '£2.00', '£2.00 / ltr')
('https://www.sainsburys.co.uk/shop/gb/groceries/product/details/vegetarian-food/rebel-kitchen-whole-mylk-1l', 'Rebel Kitchen 100% Dairy Free Organic Whole Mylk 1L', '£2.00', '£2.00 / ltr')
('https://www.sainsburys.co.uk/shop/gb/groceries/product/details/vegetarian-food/squeaky-bean-r2e-pastrami-style-90g', 'Squeaky Bean Vegan Pastrami Style Sandwich Slices Ready To Eat 90g', '£2.50', '£27.78 / kg')
('https://www.sainsburys.co.uk/shop/gb/groceries/product/details/vegetarian-food/plant-pioneers-no-pork-belly-200g', 'Plant Pioneers No Pork Belly 200g', '£4.00', '£20.00 / kg')
('https://www.sainsburys.co.uk/shop/gb/groceries/product/details/vegetarian-food/lyv!-butternut-squash-steaks-380gx4', "Sainsbury's Love Your Veg! Vegan Sri Lankan Style Roasted Butternut Squash 380g (Serves 2)", '£3.50', '£9.21 / kg')
('https://www.sainsburys.co.uk/shop/gb/groceries/product/details/vegetarian-food/p-pioneer-roast-chicken-style-piece-160g', 'Plant Pioneers Roast Chicken Style Pieces 150g', '£2.75', '£18.33 / kg')
('https://www.sainsburys.co.uk/shop/gb/groceries/product/details/vegetarian-food/vivera-plant-garlic-kiev', 'Vivera Plant Garlic Kiev 200g', '£2.50', '£12.50 / kg')
('https://www.sainsburys.co.uk/shop/gb/groceries/product/details/vegetarian-food/aioli-mac-no-cheese-bites', 'Leon Aioli Mac And No Cheese Bites 180g', '£3.00', '£16.67 / kg')
('https://www.sainsburys.co.uk/shop/gb/groceries/product/details/vegetarian-food/leon-harissa-aioli-240g', 'LEON Aioli with Harissa & Sun-Dried Tomatoes 240g', '£2.50', '£1.04 / 100g')
('https://www.sainsburys.co.uk/shop/gb/groceries/product/details/vegetarian-food/squeaky-bean-potato-onion-tortilla-250g', 'Squeaky Bean Potato&onion Tortilla 250g', '£1.75', '£7.00 / kg')
('https://www.sainsburys.co.uk/shop/gb/groceries/product/details/vegetarian-food/pizza-express-vegan-dressing-235g', 'Pizza Express Vegan House Light Dressing 235ml', '£2.00', '85p / 100g')
('https://www.sainsburys.co.uk/shop/gb/groceries/product/details/vegetarian-food/gü-free-from-spanish-lemon-cheesecake-desserts-2x92g', 'Gü Free From Spanish Lemon Cheesecake Vegan & Gluten Free Desserts 2x92g', '£3.50', '£1.90 / 100g')
('https://www.sainsburys.co.uk/shop/gb/groceries/product/details/vegetarian-food/good-earth-lemon-turmeric-tb-15s-39g', 'Good Earth Turmeric Lemon Tea Bags x15', '£2.75', '£7.05 / 100g')
('https://www.sainsburys.co.uk/shop/gb/groceries/product/details/vegetarian-food/schär-gluten-free-curvies-bbq-170g', 'Schär Gluten Free Curvies BBQ 170g', '£2.50', '£1.47 / 100g')
('https://www.sainsburys.co.uk/shop/gb/groceries/product/details/vegetarian-food/pico-fairtrade-organic-salted-caramel-chocolate-bar-80g', 'Pico Fairtrade Organic Salted Caramel Chocolate Bar 80g', '£2.95', '£3.69 / 100g')
('https://www.sainsburys.co.uk/shop/gb/groceries/product/details/vegetarian-food/deliciously-ella-alm-salted-caramel-cups', 'Deliciously Ella Almond Butter & Salted Caramel Cups 36g', '£1.50', '£4.17 / 100g')
('https://www.sainsburys.co.uk/shop/gb/groceries/product/details/vegetarian-food/quorn-southern-fried-poppers-60g', 'Quorn Southern Fried Poppers 60g', '£1.30', '£21.67 / kg')
('https://www.sainsburys.co.uk/shop/gb/groceries/product/details/vegetarian-food/plant-pioneer-hotnspicy-goujons-210g', 'Plant Pioneer Hotnspicy Goujons 210g', '£2.50', '£11.91 / kg')
('https://www.sainsburys.co.uk/shop/gb/groceries/product/details/vegetarian-food/naked-glory-no-meat-balls-x12-288g', 'Naked Glory Meat Free Vegan Meatballs x12 288g', '£2.75', '£9.55 / kg')
('https://www.sainsburys.co.uk/shop/gb/groceries/product/details/vegetarian-food/plant-pioneers-banana-blossom-in-water-400g', 'Plant Pioneers Banana Blossom in Water 400g', '£1.50', '£3.75 / kg')
('https://www.sainsburys.co.uk/shop/gb/groceries/product/details/vegetarian-food/plant-pioneers-sweet-smoky-bbq-jackfruit-150g', 'Plant Pioneers Sweet & Smoky BBQ Jackfruit 150g', '£2.00', '£13.33 / kg')
('https://www.sainsburys.co.uk/shop/gb/groceries/product/details/discover-build-a-roast/sainsburys-sugar-snap-peas-200g', "Sainsbury's Sugar Snap Peas 200g", '£1.10', '£5.50 / kg')
('https://www.sainsburys.co.uk/shop/gb/groceries/product/details/taste-the-difference-meat-fish/sainsburys-tuna-steaks--taste-the-difference-240g', "Sainsbury's Tuna Steaks, Taste the Difference x2 240g", '£7.00', '£29.17 / kg')
('https://www.sainsburys.co.uk/shop/gb/groceries/product/details/taste-the-difference-meat-fish/sainsburys-kipper-fillets-taste-the-difference-approx-280g-', "Sainsbury's Kipper Fillets, Taste the Difference (approx. 245g)", '£3.20', '£1.00 / 100g')
('https://www.sainsburys.co.uk/shop/gb/groceries/product/details/taste-the-difference-meat-fish/sainsburys-finocchiona--taste-the-difference-70g', "Sainsbury's Italian Salami with Fennel, Taste the Difference 70g", '£2.50', '£3.57 / 100g')
('https://www.sainsburys.co.uk/shop/gb/groceries/product/details/taste-the-difference-meat-fish/sainsburys-ultimate-parma-ham--taste-the-difference-100g', "Sainsbury's Prosciutto di Parma, Taste the Difference 80g", '£4.50', '£4.50 / 80g')
('https://www.sainsburys.co.uk/shop/gb/groceries/product/details/taste-the-difference-meat-fish/sainsburys-salmon---ginger-fishcakes-x2-300g', "Sainsbury's Fishcakes Salmon & Ginger, Taste the Difference x2 290g", '£2.50', '£8.62 / kg')
('https://www.sainsburys.co.uk/shop/gb/groceries/product/details/taste-the-difference-meat-fish/sainsburys-stuffing-topped-roast-chicken--taste-the-difference-135g', "Sainsbury's Roast Chicken Stuffing Topped, Taste the Difference 135g", '£2.75', '£2.04 / 100g')
('https://www.sainsburys.co.uk/shop/gb/groceries/product/details/taste-the-difference-meat-fish/sainsburys-breaded-chunky-cod--taste-the-difference-x2-350g', "Sainsbury's Breaded Chunky Cod, Taste the Difference x2 350g", '£3.50', '£10.00 / kg')
('https://www.sainsburys.co.uk/shop/gb/groceries/product/details/taste-the-difference-meat-fish/sainsburys-british-free-range-whole-chicken--taste-the-difference-900g---22kg', "Sainsbury's Free Range British Whole Chicken, Taste the Difference (approx.1.7kg)", '£9.74', '£5.50 / kg')
('https://www.sainsburys.co.uk/shop/gb/groceries/product/details/taste-the-difference-meat-fish/sainsburys-lincolnshire-pork-sausages--taste-the-difference-x6-400g', "Sainsbury's Lincolnshire Pork Sausages, Taste the Difference x6 400g", '£2.00', '£5.00 / kg')
('https://www.sainsburys.co.uk/shop/gb/groceries/product/details/taste-the-difference-meat-fish/sainsburys-british-beef-sirloin-steaks-taste-the-difference-470g', "Sainsbury's British Beef Sirloin Steaks, Taste the Difference 470g", '£7.50', '£15.96 / kg')
('https://www.sainsburys.co.uk/shop/gb/groceries/product/details/taste-the-difference-meat-fish/sainsburys-pork---red-onion-sausage--taste-the-difference-400g', "Sainsbury's Pork & Red Onion Sausage, Taste the Difference 400g", '£2.75', '£6.88 / kg')
('https://www.sainsburys.co.uk/shop/gb/groceries/product/details/taste-the-difference-meat-fish/sainsburys-corn-fed-free-range-norfolk-black-chicken-thigh-fillets-approx-360g-', "Sainsbury's Corn Fed Free Range British Chicken Thigh Fillets, Norfolk Black (approx. 360g)", '£4.36', '£1.21 / 100g')
('https://www.sainsburys.co.uk/shop/gb/groceries/product/details/taste-the-difference-meat-fish/sainsburys-mini-beef-roasting-joint--taste-the-difference-500g-7875793-p-44', "Sainsbury's 30 Day Matured Mini Beef Roasting Joint, Taste the Difference 500g", '£6.50', '£13.00 / kg')
('https://www.sainsburys.co.uk/shop/gb/groceries/product/details/taste-the-difference-meat-fish/sainsburys-mini-beef-roasting-joint--taste-the-difference-500g', "Sainsbury's 30 Day Matured Mini Beef Roasting Joint, Taste the Difference 500g", '£6.50', '£13.00 / kg')
('https://www.sainsburys.co.uk/shop/gb/groceries/product/details/taste-the-difference-meat-fish/sainsburys-free-range-chicken-breast-fillets-taste-the-difference-x2-approx-310g-', "Sainsbury's Free Range Chicken Breast Fillets, Taste the Difference x2 (approx. 310g)", '£15.85 / kg', '£15.85 / kg')
('https://www.sainsburys.co.uk/shop/gb/groceries/product/details/taste-the-difference-meat-fish/sainsburys-free-range-chicken-thigh-drumsticks-taste-the-difference-approx-340g-', "Sainsbury's Free Range British Chicken Thigh & Drumsticks, Taste the Difference (approx.590g)", '£4.10', '70p / 100g')
('https://www.sainsburys.co.uk/shop/gb/groceries/product/details/taste-the-difference-meat-fish/sainsburys-king-prawn---lemongrass-fishcakes--taste-the-difference-x2-300g', "Sainsbury's Fishcakes King Prawn & Lemongrass, Taste the Difference x2 300g", '£2.00', '£6.90 / kg')
('https://www.sainsburys.co.uk/shop/gb/groceries/product/details/taste-the-difference-meat-fish/sainsburys-breaded-air-dried-ham-finely-sliced--taste-the-difference-120g', "Sainsbury's Air Dried Breaded Finely Sliced Ham, Taste the Difference 120g", '£2.75', '£2.29 / 100g')
('https://www.sainsburys.co.uk/shop/gb/groceries/product/details/taste-the-difference-meat-fish/sainsburys-roast-topside-beef-finely-sliced--taste-the-difference-110g', "Sainsbury's Roast Beef Topside Sliced, Taste the Difference 110g", '£2.75', '£2.50 / 100g')
('https://www.sainsburys.co.uk/shop/gb/groceries/product/details/taste-the-difference-meat-fish/sainsburys-melting-middle-smoked-haddock-with-cheddar---leek-fishcakes--taste-the-difference-x2-290g', "Sainsbury's Fishcakes Melting Middle Smoked Haddock with Cheddar & Leek Taste the Difference x2 290g", '£2.50', '£8.62 / kg')
('https://www.sainsburys.co.uk/shop/gb/groceries/product/details/taste-the-difference-meat-fish/sainsburys-melting-middle-cod---parsley-sauce-fishcakes--taste-the-difference-x2-290g', "Sainsbury's Fishcakes Melting Middle Cod & Parsley Sauce Fishcakes Taste the Difference x2 290g", '£2.00', '£6.90 / kg')
('https://www.sainsburys.co.uk/shop/gb/groceries/product/details/taste-the-difference-meat-fish/sainsburys-british-smoked-boneless-mackerel-taste-the-difference-approx-140g-', "Sainsbury's British Smoked Boneless Mackerel, Taste the Difference (approx. 165g)", '£4.00', '£2.00 / 100g')
('https://www.sainsburys.co.uk/shop/gb/groceries/product/details/taste-the-difference-meat-fish/sainsburys-outdoor-bred-british-pork-tenderloin-fillet-taste-the-difference', "Sainsbury's Outdoor Bred British Pork Tenderloin Fillet, Taste The Difference (Approx. 475G)", '£4.38', '£1.25 / 100g')
('https://www.sainsburys.co.uk/shop/gb/groceries/product/details/taste-the-difference-meat-fish/sainsburys-salmon-fillet--lightly-smoked--taste-the-difference-x2-240g', "Sainsbury's Salmon Fillet, Lightly Smoked, Taste the Difference x2 240g", '£5.25', '£21.88 / kg')
('https://www.sainsburys.co.uk/shop/gb/groceries/product/details/taste-the-difference-meat-fish/sainsburys-wiltshire-ham-joint-with-orange---cranberry--taste-the-difference-1kg-6487476-p-44', "Sainsbury's Wiltshire Ham Joint with Orange & Cranberry, Taste the Difference 900g", '£16.00', '£1.78 / 100g')
('https://www.sainsburys.co.uk/shop/gb/groceries/product/details/taste-the-difference-meat-fish/sainsburys-smoked-applewood-s-cure-bcn--taste-the-difference-220g', "Sainsbury's Smoked Applewood Sweet Cure Bacon, Taste the Difference x6 220g", '£2.75', '£12.50 / kg')
('https://www.sainsburys.co.uk/shop/gb/groceries/product/details/taste-the-difference-meat-fish/sainsburys-whole-pheasant--taste-the-difference-500g-6449668-p-44', "Sainsbury's Whole Pheasant, Taste the Difference 500g", '£6.00', '£12.00 / kg')
('https://www.sainsburys.co.uk/shop/gb/groceries/product/details/taste-the-difference-meat-fish/sainsburys-venison-burgers--taste-the-difference-340g', "Sainsbury's Venison Burgers, Taste the Difference x2 340g", '£3.50', '£10.29 / kg')
('https://www.sainsburys.co.uk/shop/gb/groceries/product/details/taste-the-difference-meat-fish/sainsburys-scallop---prawn-bisque--taste-the-difference-240g', "Sainsbury's Scallop & Prawn Bisque, Taste the Difference 240g", '£4.50', '£1.88 / 100g')
('https://www.sainsburys.co.uk/shop/gb/groceries/product/details/taste-the-difference-meat-fish/sainsburys-sirloin-steak--taste-the-difference-225g', "Sainsbury's 30 Day Matured Sirloin Steak, Taste the Difference 225g", '£4.50', '£20.00 / kg')
('https://www.sainsburys.co.uk/shop/gb/groceries/product/details/home-and-toys/sainsburys-home-boxed-candle-lavender-geranium', "Sainsbury's Home Boxed Candle Lavender & Geranium", '£4.00', '£4.00 / ea')
('https://www.sainsburys.co.uk/shop/gb/groceries/product/details/home-and-toys/sainsburys-home-jar-candle-lavender-geranium', "Sainsbury's Home Jar Candle Lavender & Geranium", '£5.00', '£5.00 / ea')
('https://www.sainsburys.co.uk/shop/gb/groceries/product/details/home-and-toys/sainsburys-home-tapered-candle-seasalt-cedar', "Sainsbury's Home Tapered Candle Seasalt & Cedar", '£3.00', '£3.00 / ea')
('https://www.sainsburys.co.uk/shop/gb/groceries/product/details/home-and-toys/sainsburys-home-24pk-tealights-patchouli-amber', "Sainsbury's Home 24pk Tealights Patchouli & Amber", '£4.00', '£4.00 / ea')
('https://www.sainsburys.co.uk/shop/gb/groceries/product/details/home-and-toys/sainsburys-home-large-pillar-ginger-white-pomelo', "Sainsbury's Home Large Pillar Ginger & White Pomelo", '£4.50', '£4.50 / ea')
('https://www.sainsburys.co.uk/shop/gb/groceries/product/details/home-and-toys/sainsburys-home-large-pillar-lavender-geranium', "Sainsbury's Home Large Pillar Lavender & Geranium", '£4.50', '£4.50 / ea')
('https://www.sainsburys.co.uk/shop/gb/groceries/product/details/home-and-toys/sainsburys-home-large-pillar-jasmine-pineapple-flower', "Sainsbury's Home Large Pillar Jasmine & Pineapple Flower", '£4.50', '£4.50 / ea')
('https://www.sainsburys.co.uk/shop/gb/groceries/product/details/home-and-toys/sainsburys-home-room-spray-ginger-white-pomelo', "Sainsbury's Home Room Spray Ginger & White Pomelo", '£3.00', '£3.00 / ea')
('https://www.sainsburys.co.uk/shop/gb/groceries/product/details/home-and-toys/sainsburys-home-room-spray-seasalt-cedar', "Sainsbury's Home Room Spray Seasalt & Cedar", '£3.00', '£3.00 / ea')
('https://www.sainsburys.co.uk/shop/gb/groceries/product/details/home-and-toys/sainsburys-home-multi-wick-candle-rhubarb-elderflower', "Sainsbury's Home Multi Wick Candle Rhubarb & Elderflower", '£7.00', '£7.00 / ea')
('https://www.sainsburys.co.uk/shop/gb/groceries/product/details/home-and-toys/sku-yankee-diffuser-cherry-vanilla', 'Yankee Diffuser Cherry Vanilla', '£13.00', '£13.00 / ea')
('https://www.sainsburys.co.uk/shop/gb/groceries/product/details/home-and-toys/sku-yankee-small-jar-sugared-blossom', 'Yankee Small Jar Sugared Blossom Candle', '£5.00', '£5.00 / ea')
('https://www.sainsburys.co.uk/shop/gb/groceries/product/details/home-and-toys/the-chateau-by-angel-strawbridge-diffuser-pretty-peony', 'The Chateau By Angel Strawbridge Diffuser Pretty Peony', '£10.00', '£10.00 / ea')
('https://www.sainsburys.co.uk/shop/gb/groceries/product/details/home-and-toys/the-chateau-by-angel-strawbridge-diffuser-opulent-tuberose', 'The Chateau By Angel Strawbridge Diffuser Opulent Tuberose', '£10.00', '£10.00 / ea')
('https://www.sainsburys.co.uk/shop/gb/groceries/product/details/home-and-toys/the-chateau-by-angel-strawbridge-diffuser-jasmine-flower', 'The Chateau By Angel Strawbridge Diffuser Jasmine Flower', '£10.00', '£10.00 / ea')
('https://www.sainsburys.co.uk/shop/gb/groceries/product/details/home-and-toys/the-chateau-by-angel-strawbridge-boxed-candle-delicate-sweet-pea', 'The Chateau By Angel Strawbridge Boxed Candle Delicate Sweet Pea', '£6.00', '£6.00 / ea')
('https://www.sainsburys.co.uk/shop/gb/groceries/product/details/home-and-toys/yankee-large-jar-citrus-bark-134770596-p', 'Yankee Large Jar Citrus Bark Candle', '£14.00', '£14.00 / ea')
('https://www.sainsburys.co.uk/shop/gb/groceries/product/details/home-and-toys/sainsburys-home-multi-wick-candle-patchouli-amber', "Sainsbury's Home Multi Wick Candle Patchouli & Amber", '£7.00', '£7.00 / ea')
('https://www.sainsburys.co.uk/shop/gb/groceries/product/details/home-and-toys/sainsburys-home-multi-wick-candle-jasmine-pineapple-flower', "Sainsbury's Home Multi Wick Candle Jasmine & Pineapple Flower", '£7.00', '£7.00 / ea')
('https://www.sainsburys.co.uk/shop/gb/groceries/product/details/home-and-toys/sku-yankee-diffuser-white-linen', 'Yankee Diffuser White Linen And Lace', '£13.00', '£13.00 / ea')
('https://www.sainsburys.co.uk/shop/gb/groceries/product/details/home-and-toys/sainsburys-home-jar-candle-jasmine-pineapple-flower', "Sainsbury's Home Jar Candle Jasmine & Pineapple Flower", '£5.00', '£5.00 / ea')
('https://www.sainsburys.co.uk/shop/gb/groceries/product/details/home-and-toys/lego-city-ice-cream-truck-60253', 'Lego City Ice-Cream Truck 60253', '£18.00', '£18.00 / ea')
('https://www.sainsburys.co.uk/shop/gb/groceries/product/details/home-and-toys/lego-creator-monster-truck-31101', 'Lego Creator Monster Truck 31101', '£13.00', '£13.00 / ea')
('https://www.sainsburys.co.uk/shop/gb/groceries/product/details/home-and-toys/the-chateau-by-angel-strawbridge-blossom-bedding-set', 'The Chateau By Angel Strawbridge Blossom Bedding Set', '£60.00', '£60.00 / ea')
('https://www.sainsburys.co.uk/shop/gb/groceries/product/details/home-and-toys/the-chateau-by-angel-strawbridge-boxed-candle-pretty-peony', 'The Chateau By Angel Strawbridge Boxed Candle Pretty Peony', '£6.00', '£6.00 / ea')
('https://www.sainsburys.co.uk/shop/gb/groceries/product/details/home-and-toys/the-chateau-by-angel-strawbridge-boxed-candle-opulent-tuberose', 'The Chateau By Angel Strawbridge Boxed Candle Opulent Tuberose', '£6.00', '£6.00 / ea')
('https://www.sainsburys.co.uk/shop/gb/groceries/product/details/home-and-toys/the-chateau-by-angel-strawbridge-deco-heron-bedding-set', 'The Chateau By Angel Strawbridge Deco Heron Bedding Set', '£60.00', '£60.00 / ea')
('https://www.sainsburys.co.uk/shop/gb/groceries/product/details/home-and-toys/yankee-small-jar-cherry-vanilla-134769739-p', 'Yankee Small Jar Cherry Vanilla Candle', '£5.00', '£5.00 / ea')
('https://www.sainsburys.co.uk/shop/gb/groceries/product/details/home-and-toys/yankee-medium-jar-white-hammock-134771425-p', 'Yankee Medium Jar White Hammock', '£10.00', '£10.00 / ea')
('https://www.sainsburys.co.uk/shop/gb/groceries/product/details/gifting-special-offers/thorntons-milk-dark-white-classic-collection-chocolate-box-262g', 'Thorntons Milk, Dark, White Classic Collection Chocolate Box 262g', '£4.50', '£1.72 / 100g')
('https://www.sainsburys.co.uk/shop/gb/groceries/product/details/gifting-special-offers/sanctuary-spa-little-luxuries-gift-set-7969398-p', 'Sanctuary Spa Me Time Minis Gift Set', '£6.50', '£6.50 / ea')
('https://www.sainsburys.co.uk/shop/gb/groceries/product/details/gifting-special-offers/sanctuary-spa-shower-burst-200ml-7968750-p', 'Sanctuary Spa Shower Burst 200ml', '£5.50', '£2.75 / 100ml')
('https://www.sainsburys.co.uk/shop/gb/groceries/product/details/gifting-special-offers/sanctuary-spa-diamond-dust-refining-scrub-mask-75ml', 'Sanctuary Spa Diamond Dust Refining Scrub Mask 75ml', '£6.00', '£8.00 / 100ml')
('https://www.sainsburys.co.uk/shop/gb/groceries/product/details/gifting-special-offers/journeys-end-bluegum-merlot-75cl', 'Journeys End Bluegum Merlot 75cl', '£10.00', '£10.00 / 75cl')
('https://www.sainsburys.co.uk/shop/gb/groceries/product/details/gifting-special-offers/lindt-lindor-strawberries---cream-200g', 'Lindt Lindor Strawberries & Cream Chocolate Truffles Box 200g', '£4.00', '£2.00 / 100g')
('https://www.sainsburys.co.uk/shop/gb/groceries/product/details/gifting-special-offers/maltesers-box-120g', 'Maltesers Chocolate Box 110g', '£1.25', '£1.13 / 100g')
('https://www.sainsburys.co.uk/shop/gb/groceries/product/details/gifting-special-offers/lindt-lindor-extra-dark-chocolate-truffles-box-200g', 'Lindt Lindor Extra Dark Chocolate Truffles Box 200g', '£4.00', '£2.00 / 100g')
('https://www.sainsburys.co.uk/shop/gb/groceries/product/details/gifting-special-offers/galaxy-traybake-694g', 'Galaxy Traybake 694g (Serves 15)', '£6.50', '£6.50 / ea')
('https://www.sainsburys.co.uk/shop/gb/groceries/product/details/gifting-special-offers/dirty-works-fragrance-rollerballs-3-x-10ml', 'Dirty Works Fragrance Rollerballs 3 x 10ml', '£5.00', '£5.00 / ea')
('https://www.sainsburys.co.uk/shop/gb/groceries/product/details/gifting-special-offers/balance-me-radiance-face-oil-30ml', 'Balance Me Radiance Face Oil 30ml', '£20.00', '£66.67 / 100ml')
('https://www.sainsburys.co.uk/shop/gb/groceries/product/details/top-rated-44/yellow-tail-shiraz-75cl', 'Yellow Tail Shiraz 75cl', '£7.00', '£7.00 / 75cl')
('https://www.sainsburys.co.uk/shop/gb/groceries/product/details/top-rated-44/lindt-lindor-chocolate--assorted-200g', 'Lindt Lindor Assorted Chocolate Truffles Box 200g', '£4.00', '£2.00 / 100g')
('https://www.sainsburys.co.uk/shop/gb/groceries/product/details/top-rated-44/loreal-age-perfect-cleanser-200ml', "L'Oreal Paris Age Perfect Cleansing Milk 200ml", '£2.50', '£1.25 / 100ml')
('https://www.sainsburys.co.uk/shop/gb/groceries/product/details/top-rated-44/westons-vintage-cider-500ml', 'Henry Westons Vintage Cider 500ml', '£2.00', '£4.00 / ltr')
('https://www.sainsburys.co.uk/shop/gb/groceries/product/details/top-rated-44/tunnocks-milk-chocolate-teacakes-biscuits-x10', "Tunnock's Milk Chocolate Teacakes Biscuits x10", '£1.80', '18p / unit')
('https://www.sainsburys.co.uk/shop/gb/groceries/product/details/top-rated-44/evian-mineral-water-6x15l', 'Evian Natural Mineral Water 6x1.5L', '£3.50', '4p / 100ml')
('https://www.sainsburys.co.uk/shop/gb/groceries/product/details/top-rated-44/north-staffordshire-oatcakes-x6', 'North Staffordshire Oatcakes x6', '£1.00', '17p / ea')
('https://www.sainsburys.co.uk/shop/gb/groceries/product/details/top-rated-44/sainsburys-poppy---sesame-biscuit-150g', "Sainsbury's Poppy & Sesame Biscuit 150g", '£1.00', '67p / 100g')
('https://www.sainsburys.co.uk/shop/gb/groceries/product/details/top-rated-44/sainsburys-high-juice-summer-fruits-drink-1l', "Sainsbury's High Juice Summer Fruits Squash 1L", '£2.45', '25p / 100ml')
('https://www.sainsburys.co.uk/shop/gb/groceries/product/details/top-rated-44/barefoot-merlot-75cl', 'Barefoot Merlot 75cl', '£6.75', '£6.75 / 75cl')
('https://www.sainsburys.co.uk/shop/gb/groceries/product/details/top-rated-44/lindt-excellence-sea-salt-dark-100g', 'Lindt Excellence Dark Sea Salt Chocolate Bar 100g', '£1.50', '£1.50 / 100g')
('https://www.sainsburys.co.uk/shop/gb/groceries/product/details/top-rated-44/pukka-organic-three-mint--peppermint--spearmint---fieldmint-herbal-tea-bags-x20', 'Pukka Organic Mint, Peppermint, Spearmint & Fieldmint Tea Bags x20', '£3.00', '£9.38 / 100g')
('https://www.sainsburys.co.uk/shop/gb/groceries/product/details/top-rated-44/felix-as-good-as-it-looks--meat-selection-in-jelly-12x100g', 'Felix As Good As It Looks Cat Food Meat Selection 12x100g', '£3.50', '£2.92 / kg')
('https://www.sainsburys.co.uk/shop/gb/groceries/product/details/top-rated-44/nairns-wheat-free--ginger-biscuits-200g', "Nairn's Wheat Free, Ginger Biscuits 200g", '£1.40', '70p / 100g')
('https://www.sainsburys.co.uk/shop/gb/groceries/product/details/top-rated-44/rachels-organic-live-wholemilk-greek-yogurt-with-honey-450g', "Rachel's Organic Greek Style Honey Yogurt 450g", '£2.00', '44p / 100g')
('https://www.sainsburys.co.uk/shop/gb/groceries/product/details/top-rated-44/lindt-excellence-dark-70-cocoa-chocolate-bar-100g', 'Lindt Excellence Dark 70% Cocoa Chocolate Bar 100g', '£1.50', '£1.50 / 100g')
('https://www.sainsburys.co.uk/shop/gb/groceries/product/details/top-rated-44/cadbury-drinking-chocolate-500g', 'Cadbury Drinking Chocolate 500g', '£3.00', '60p / 100g')
('https://www.sainsburys.co.uk/shop/gb/groceries/product/details/top-rated-44/russian-standard-vodka-70cl', 'Russian Standard Vodka 70cl', '£13.00', '£18.57 / ltr')
('https://www.sainsburys.co.uk/shop/gb/groceries/product/details/top-rated-44/garnier-summer-body-deep-400ml', 'Garnier Summer Body Deep 400ml', '£8.50', '£2.13 / 100ml')
('https://www.sainsburys.co.uk/shop/gb/groceries/product/details/top-rated-44/lactofree-long-life-milk--semi-skimmed-1l', 'Arla Lactofree Long Life Semi-Skimmed Dairy Drink 1L', '£1.45', '£1.45 / ltr')
('https://www.sainsburys.co.uk/shop/gb/groceries/product/details/top-rated-44/sainsburys-ready-to-eat-apricots--organic-250g', "Sainsbury's Soft Apricots, SO Organic 250g", '£3.65', '£1.46 / 100g')
('https://www.sainsburys.co.uk/shop/gb/groceries/product/details/top-rated-44/organix-12m-goodies-raspberry---apple-soft-oaty-bars-6x30g', 'Organix Raspberry & Apple Soft Oaty Bars 6x30g', '£2.20', '£1.22 / 100g')
('https://www.sainsburys.co.uk/shop/gb/groceries/product/details/top-rated-44/organix-12m-goodies-apple---orange-soft-oaty-bars-6x30g', 'Organix Apple & Orange Soft Oaty Bars 6x30g', '£2.20', '£1.22 / 100g')
('https://www.sainsburys.co.uk/shop/gb/groceries/product/details/top-rated-44/hardys-varietal-chardonnay-75cl', 'Hardys Varietal Chardonnay 75cl', '£5.30', '£5.30 / 75cl')
('https://www.sainsburys.co.uk/shop/gb/groceries/product/details/top-rated-44/weetabix-crunchy-bran-375g', 'Weetabix Crunchy Bran Cereal 375g', '£2.30', '61p / 100g')
('https://www.sainsburys.co.uk/shop/gb/groceries/product/details/top-rated-44/lavazza-qualita-rossa-ground-coffee-twin-pack-espresso-x2-250g', 'Lavazza Qualita Rossa Ground Coffee 2x250g', '£5.80', '£1.16 / 100g')
('https://www.sainsburys.co.uk/shop/gb/groceries/product/details/top-rated-44/sainsburys-blackcurrant-conserve--taste-the-difference-340g', "Sainsbury's Blackcurrant Conserve, Taste the Difference 340g", '£1.25', '37p / 100g')
('https://www.sainsburys.co.uk/shop/gb/groceries/product/details/top-rated-44/tiptree-orange-marmalade--tawny-orange-454g', 'Tiptree Orange Marmalade, Tawny Orange 454g', '£2.30', '51p / 100g')
('https://www.sainsburys.co.uk/shop/gb/groceries/product/details/top-rated-44/sainsburys-sardines--in-olive-oil-120g', "Sainsbury's Sardines in Olive Oil 120g (90g*)", '40p', '44p / 100g')
('https://www.sainsburys.co.uk/shop/gb/groceries/product/details/rednoseday-/rnd21-myo-garden-adventure-kit', 'Red Nose Day 2021 MYO Garden Adventure Kit', '£3.00', '£3.00 / ea')
('https://www.sainsburys.co.uk/shop/gb/groceries/product/details/rednoseday-/jac-mini-cheds-nacho-cheese-jalapeno-6pk', "Jacob's Mini Cheddars Nacho Cheese & Jalapeno Flavour x6 150g", '£1.00', '67p / 100g')
('https://www.sainsburys.co.uk/shop/gb/groceries/product/details/rednoseday-/doritos-flaming-hot-180g', "Doritos Flamin' Hot Tangy Cheese Sharing Tortilla Chips 180g", '£2.00', '£1.11 / 100g')
('https://www.sainsburys.co.uk/shop/gb/groceries/product/details/rednoseday-/oss-big-bowl-golden-syrup-6x496g', 'Quaker Oat So Simple Big Bowl Golden Syrup Porridge Sachets 6x49.6g', '£1.25', '36p / 100g')
('https://www.sainsburys.co.uk/shop/gb/groceries/product/details/rednoseday-/robinsons-fruit-creations-zesty-orange---mango-squash-1l', 'Robinsons Fruit Creations Zesty Orange & Mango Squash 1L', '£1.50', '15p / 100ml')
('https://www.sainsburys.co.uk/shop/gb/groceries/product/details/rednoseday-/walkers-sensations-poppadoms-mango---chutney-snacks-825g', 'Sensations Mango & Chilli Chutney Poppadoms 82.5g', '£1.00', '£1.21 / 100g')
('https://www.sainsburys.co.uk/shop/gb/groceries/product/details/rednoseday-/quaker-oats-oat-so-simple-pot-strawberry-jam-53g', 'Quaker Oat So Simple Strawberry Jam Porridge Pot 53g', '90p', '£1.70 / 100g')
('https://www.sainsburys.co.uk/shop/gb/groceries/product/details/rednoseday-/sensations-thai-sweet-chilli-175g', 'Sensations Thai Sweet Chilli Sharing Crisps 150g', '£1.00', '67p / 100g')
('https://www.sainsburys.co.uk/shop/gb/groceries/product/details/rednoseday-/robinsons-double-concentrate-orange-squash--no-added-sugar-175l', 'Robinsons Double Concentrate Orange Squash, No Added Sugar 1.75L', '£2.50', '14p / 100ml')
('https://www.sainsburys.co.uk/shop/gb/groceries/product/details/rednoseday-/doritos-dip-nacho-cheese-300g', 'Doritos Nacho Cheese Dip 300g', '£1.25', '42p / 100g')
('https://www.sainsburys.co.uk/shop/gb/groceries/product/details/rednoseday-/walkers-variety-crisps-6x25g', 'Walkers Classic Variety Multipack Crisps 6x25g', '£1.70', '£1.13 / 100g')
('https://www.sainsburys.co.uk/shop/gb/groceries/product/details/rednoseday-/mcvities-jaffa-cakes-x12-141g', "McVitie's Jaffa Cakes x10 122g", '75p', '61p / 100g')
('https://www.sainsburys.co.uk/shop/gb/groceries/product/details/rednoseday-/quaker-oats-oat-so-simple-strawberry--raspberry---cranberry-flavour-porridge-10x339g', 'Quaker Oat So Simple Strawberry, Raspberry & Cranberry Porridge Sachets 10x33.9g', '£2.75', '81p / 100g')
('https://www.sainsburys.co.uk/shop/gb/groceries/product/details/special-offers-/i-love-my-mummy-mini-succulent', "Sainsbury's Plant in Novelty Ceramic", '£3.50', '£3.50 / ea')
('https://www.sainsburys.co.uk/shop/gb/groceries/product/details/special-offers-/rose-gift-bag', 'Habitat Rose Gift Box', '£5.00', '£5.00 / ea')
('https://www.sainsburys.co.uk/shop/gb/groceries/product/details/special-offers-/bantam-beans-fairtrade-uganda-wholebean-coffee-200g', 'Bantam Beans Fairtrade Rwanda Wholebean Coffee 200g', '£3.50', '£1.75 / 100g')
('https://www.sainsburys.co.uk/shop/gb/groceries/product/details/special-offers-/trivento-malbec-reserve-75cl-7953670-p', 'Trivento Malbec Reserve 75cl', '£6.00', '£6.00 / 75cl')
('https://www.sainsburys.co.uk/shop/gb/groceries/product/details/special-offers-/nivea-q10-power-anti-ageing-face-cream-with-anti-wrinkle-firming-power-50ml', 'Nivea Q10 Power Anti-Ageing Face Cream with Anti-Wrinkle Firming Power 50ml', '£5.50', '£11.00 / 100ml')
('https://www.sainsburys.co.uk/shop/gb/groceries/product/details/special-offers-/nivea-q10-power-anti-ageing-night-cream-with-anti-wrinkle-firming-power-50ml', 'Nivea Q10 Power Anti-Ageing Night Cream with Anti-Wrinkle Firming Power 50ml', '£5.50', '£11.00 / 100ml')
('https://www.sainsburys.co.uk/shop/gb/groceries/product/details/special-offers-/elizabeth-arden-sunflowers-eau-de-toilette-spray-30ml', 'Elizabeth Arden Sunflowers Eau de Toilette Spray 30ml', '£8.00', '£26.67 / 100ml')
('https://www.sainsburys.co.uk/shop/gb/groceries/product/details/special-offers-/freixenet-italian-sparkling-rose-extra-dry-wine-75cl', 'Freixenet Italian Sparkling Rose Extra Dry Wine 75cl', '£9.00', '£9.00 / 75cl')
('https://www.sainsburys.co.uk/shop/gb/groceries/product/details/special-offers-/nosecco-alcohol-free-sparkling-wine-75cl', 'Nosecco Alcohol Free Sparkling Wine 75cl', '£3.75', '£3.75 / 75cl')
('https://www.sainsburys.co.uk/shop/gb/groceries/product/details/special-offers-/sainsburys-northern-irish-pork-loin-joint-1kg-18kg', "Sainsbury's Northern Irish Pork Boneless Crackling Loin Joint (Approx. 1.45Kg)", '£6.82', '55p / 100g')
('https://www.sainsburys.co.uk/shop/gb/groceries/product/details/special-offers-/sainsburys-wilthsire-smoked-back-bacon--taste-the-difference-240g', "Sainsbury's Oak Smoked Wiltshire Cured Back Bacon, Taste the Difference x8 240g", '£2.75', '£11.46 / kg')
('https://www.sainsburys.co.uk/shop/gb/groceries/product/details/special-offers-/twinings-of-london-strand-earl-grey-loose-tea-100g', 'Twinings of London Earl Grey London Strand Tea', '£8.50', '£8.50 / 100g')
('https://www.sainsburys.co.uk/shop/gb/groceries/product/details/special-offers-/sainsburys-brighton-beauty-bouquet', "Sainsbury's Brighton Beauty Bouquet", '£20.00', '£20.00 / ea')
('https://www.sainsburys.co.uk/shop/gb/groceries/product/details/special-offers-/sainsburys-freefrom-triple-chocolate-cookies-150g', 'Taste the Difference Free From Triple Chocolate Cookies 150g', '£1.80', '£1.20 / 100g')
('https://www.sainsburys.co.uk/shop/gb/groceries/product/details/special-offers-/sainsburys-white-baton--taste-the-difference-7758918-p-44', "Sainsbury's Stonebaked White Baton, Taste the Difference", '65p', '65p / ea')
('https://www.sainsburys.co.uk/shop/gb/groceries/product/details/special-offers-/sainsburys-azalea-tree-ceramic', "Sainsbury's Azalea Tree Ceramic", '£10.00', '£10.00 / ea')
('https://www.sainsburys.co.uk/shop/gb/groceries/product/details/special-offers-/cape-bouquet', 'Cape Bouquet', '£10.00', '£10.00 / ea')
('https://www.sainsburys.co.uk/shop/gb/groceries/product/details/special-offers-/lindt-lindor-strawberries---cream-200g', 'Lindt Lindor Strawberries & Cream Chocolate Truffles Box 200g', '£4.00', '£2.00 / 100g')
('https://www.sainsburys.co.uk/shop/gb/groceries/product/details/special-offers-/bonne-maman-chocolate-madeleines-210g', 'Bonne Maman Chocolate Madeleines 210g', '£2.00', '95p / 100g')
('https://www.sainsburys.co.uk/shop/gb/groceries/product/details/special-offers-/teapigs-english-breakfast-tea-x15', 'Teapigs English Breakfast Tea Bags x15', '£4.15', '£8.30 / 100g')
('https://www.sainsburys.co.uk/shop/gb/groceries/product/details/special-offers-/sainsburys-21-day-matured-northern-irish-unfatted-beef-joint-1kg-18kg', "Sainsbury's 21 day Matured Unfatted Top side/ Top Rump Northern Irish Beef Roasting Joint (approx. 1.4kg)", '£11.16', '£9.00 / kg')
('https://www.sainsburys.co.uk/shop/gb/groceries/product/details/special-offers-/mumm-cordon-rouge-champagne-brut-nv-75cl-3045565-p-44', 'Mumm Cordon Rouge Champagne Brut, Non Vintage 75cl', '£23.00', '£23.00 / 75cl')
('https://www.sainsburys.co.uk/shop/gb/groceries/product/details/special-offers-/sainsburys-closed-cup-white-mushrooms-300g', "Sainsbury's Closed Cup White Mushrooms 300g", '75p', '£2.50 / kg')
('https://www.sainsburys.co.uk/shop/gb/groceries/product/details/special-offers-/gressingham-foods-duck-breasts-in-plum-sauce-400g', 'Gressingham Duck Breasts In Plum Sauce 400g (Serves 2)', '£6.10', '£15.25 / kg')
('https://www.sainsburys.co.uk/shop/gb/groceries/product/details/special-offers-/sainsburys-hash-browns-700g', "Sainsbury's Hash Browns 700g", '£1.25', '£1.79 / kg')
('https://www.sainsburys.co.uk/shop/gb/groceries/product/details/special-offers-/alpro-fresh-almond-unsweetened-1l', 'Alpro Almond No Sugars Chilled Drink 1L', '£1.00', '£1.00 / ltr')
('https://www.sainsburys.co.uk/shop/gb/groceries/product/details/special-offers-/innocent-smooth-orange-juice-135l', 'Innocent Orange Juice Smooth 1.35L', '£2.00', '15p / 100ml')
('https://www.sainsburys.co.uk/shop/gb/groceries/product/details/special-offers-/fage-total-natural-greek-recipe-strained-yogurt-170g', 'FAGE Total Natural Greek Recipe Strained Yogurt 170g', '£1.15', '68p / 100g')
('https://www.sainsburys.co.uk/shop/gb/groceries/product/details/special-offers-/sainsburys-jersey-double-cream--taste-the-difference-284ml', "Sainsbury's Jersey Double Cream, Taste the Difference 284ml", '£1.85', '65p / 100ml')
('https://www.sainsburys.co.uk/shop/gb/groceries/product/details/special-offers-/sainsburys-orange-juice--freshly-squeezed-smooth--taste-the-difference-1l', "Sainsbury's Freshly Squeezed Smooth Orange Juice, Taste the Difference 1L", '£2.50', '25p / 100ml')
('https://www.sainsburys.co.uk/shop/gb/groceries/product/details/special-offers-/sainsburys-sweet-pancakes-375g', "Sainsbury's Sweet Pancakes x6 375g", '£1.50', '40p / 100g')
('https://www.sainsburys.co.uk/shop/gb/groceries/product/details/special-offers-/maltesers-box-120g', 'Maltesers Chocolate Box 110g', '£1.25', '£1.13 / 100g')
('https://www.sainsburys.co.uk/shop/gb/groceries/product/details/special-offers-/sainsburys-brioche-bread---butter-pud--taste-the-difference-535g', "Sainsbury's Brioche Bread & Butter Pudding Dessert, Taste the Difference 535g", '£4.00', '75p / 100g')
('https://www.sainsburys.co.uk/shop/gb/groceries/product/details/special-offers-/sainsburys-multigrain---rye-bloomer-taste-the-difference-400g-6542212-p', "Sainsbury's Multigrain & Rye Bloomer Taste the Difference 400g", '£1.70', '43p / 100g')
('https://www.sainsburys.co.uk/shop/gb/groceries/product/details/special-offers-/lindt-lindor-extra-dark-chocolate-truffles-box-200g', 'Lindt Lindor Extra Dark Chocolate Truffles Box 200g', '£4.00', '£2.00 / 100g')
('https://www.sainsburys.co.uk/shop/gb/groceries/product/details/special-offers-/mr-kipling-viennese-whirls-x6', 'Mr Kipling Viennese Whirls x6', '£1.60', '27p / ea')
('https://www.sainsburys.co.uk/shop/gb/groceries/product/details/special-offers-/mr-kipling-french-fancies-x8', 'Mr Kipling French Fancies x8', '£1.50', '19p / ea')
('https://www.sainsburys.co.uk/shop/gb/groceries/product/details/special-offers-/sainsburys-bc-sage---onion-stuffing-balls-360g', "Sainsbury's British Pork Sage & Onion Stuffing Balls, Butchers Choice x12 360g", '£2.50', '69p / 100g')
('https://www.sainsburys.co.uk/shop/gb/groceries/product/details/special-offers-/baylis---harding-royale-bouquet-limited-edition-luxury-soap-set-3x100g', 'Baylis & Harding Royale Bouquet Limited Edition Luxury Soap Set 3x100g', '£4.00', '£1.33 / ea')
('https://www.sainsburys.co.uk/shop/gb/groceries/product/details/special-offers-/the-jolly-hog-proper-porker-sausages-400g', 'The Jolly Hog Proper Porker Sausages 400g', '£2.50', '£6.25 / kg')
('https://www.sainsburys.co.uk/shop/gb/groceries/product/details/curry-night/sainsburys-fragrant-tikka-curry-paste-200g', "Sainsbury's Fragrant Tikka Curry Paste 200g", '£1.35', '68p / 100g')
('https://www.sainsburys.co.uk/shop/gb/groceries/product/details/curry-night/sainsburys-prawn-makhani---rice-450g', "Sainsbury's Indian King Prawn Makhani with Pilau Rice 400g (Serves 1)", '£3.25', '£8.13 / kg')
('https://www.sainsburys.co.uk/shop/gb/groceries/product/details/curry-night/sainsburys-beef-madras---rice--taste-the-difference-450g', "Sainsbury's Aromatic Beef Madras & Rice, Taste the Difference 450g (Serves 1)", '£4.00', '£8.89 / kg')
('https://www.sainsburys.co.uk/shop/gb/groceries/product/details/curry-night/sainsburys-fresh-galangal-100g', "Sainsbury's Fresh Galangal 100g", '£2.00', '£2.00 / 100g')
('https://www.sainsburys.co.uk/shop/gb/groceries/product/details/curry-night/sainsburys-brown-rice-250g', "Sainsbury's Microwave Rice Brown 250g", '45p', '£1.80 / kg')
('https://www.sainsburys.co.uk/shop/gb/groceries/product/details/curry-night/sainsburys-red-chillies-60g', "Sainsbury's Red Chillies 60g", '65p', '£1.08 / 100g')
('https://www.sainsburys.co.uk/shop/gb/groceries/product/details/curry-night/sainsburys-maris-piper-potatoes-25kg-1308228-p-44', "Sainsbury's Maris Piper Potatoes 2.5kg", '£1.39', '56p / kg')
('https://www.sainsburys.co.uk/shop/gb/groceries/product/details/curry-night/sainsburys-garlic-x4', "Sainsbury's Garlic x4", '£1.00', '25p / ea')
('https://www.sainsburys.co.uk/shop/gb/groceries/product/details/curry-night/sainsburys-microwaveable-long-grain-rice-250g', "Sainsbury's Microwave Rice Long Grain White 250g", '45p', '£1.80 / kg')
('https://www.sainsburys.co.uk/shop/gb/groceries/product/details/curry-night/thai-taste-red-curry-paste-200g', 'Thai Taste Red Curry Paste 200g', '£2.10', '£1.05 / 100g')
('https://www.sainsburys.co.uk/shop/gb/groceries/product/details/curry-night/san-miguel-lager-660ml', 'San Miguel Premium Lager Beer Bottle 660ml', '£1.90', '£2.88 / ltr')
('https://www.sainsburys.co.uk/shop/gb/groceries/product/details/curry-night/sainsburys-indian-bombay-potato-300g-serves-2-', "Sainsbury's Indian Bombay Potato 300g (Serves 2)", '£2.00', '£6.67 / kg')
('https://www.sainsburys.co.uk/shop/gb/groceries/product/details/curry-night/royal-gulabjam-500g', 'Royal Gulabjam 500g', '£3.00', '60p / 100g')
('https://www.sainsburys.co.uk/shop/gb/groceries/product/details/curry-night/yalumba-y-series-viognier-75cl', 'Yalumba Y Series Viognier 75cl', '£8.50', '£8.50 / 75cl')
('https://www.sainsburys.co.uk/shop/gb/groceries/product/details/curry-night/Sainsburys-Mangalorean-Chicken-Curry-Tastethe-Difference-400g', "Sainsbury's Mangalorean Chicken Curry, Taste the Difference 400g", '£4.00', '£10.00 / kg')
('https://www.sainsburys.co.uk/shop/gb/groceries/product/details/curry-night/sainsburys-ultimate-samosas-taste-the-difference-x2-160g', "Sainsbury's Ultimate Samosas, Taste the Difference x2 160g", '£2.00', '£12.50 / kg')
('https://www.sainsburys.co.uk/shop/gb/groceries/product/details/curry-night/walkers-sensations-poppadoms-mango---chutney-snacks-825g', 'Sensations Mango & Chilli Chutney Poppadoms 82.5g', '£1.00', '£1.21 / 100g')
('https://www.sainsburys.co.uk/shop/gb/groceries/product/details/curry-night/sainsburys-chicken-saag-masala-400g', "Sainsbury's Indian Chicken Saag Masala 400g (Serves 2)", '£3.50', '£8.75 / kg')
('https://www.sainsburys.co.uk/shop/gb/groceries/product/details/curry-night/sainsburys-chicken-jalfrezi--taste-the-difference-450g-7803879-p-44', "Sainsbury's Chicken Jalfrezi with Pilau Rice, Taste the Difference 400g (Serves 1)", '£4.00', '£10.00 / kg')
('https://www.sainsburys.co.uk/shop/gb/groceries/product/details/curry-night/sainsburys-kashmiri-chicken-korma---rice--taste-the-difference-450g', "Sainsbury's Kashmiri Chicken Korma with Pilau Rice, Taste the Difference 400g (Serves 1)", '£4.00', '£10.00 / kg')
('https://www.sainsburys.co.uk/shop/gb/groceries/product/details/curry-night/spice-tailor-classic-butter-chicken-sauce-300g', 'The Spice Tailor Classic Butter Chicken Sauce 300g', '£2.90', '97p / 100g')
('https://www.sainsburys.co.uk/shop/gb/groceries/product/details/curry-night/sainsburys-garlic-paste-75g', "Sainsbury's Garlic Paste 75g", '£1.45', '£1.71 / 100g')
('https://www.sainsburys.co.uk/shop/gb/groceries/product/details/curry-night/sainsburys-peshwari-naan-x2-260g', "Sainsbury's Peshwari Naan x2 260g", '95p', '37p / 100g')
('https://www.sainsburys.co.uk/shop/gb/groceries/product/details/curry-night/sainsburys-garlic---coriander-mini-naan-x4-188g', "Sainsbury's Garlic & Coriander Mini Naan x4 188g", '90p', '48p / 100g')
('https://www.sainsburys.co.uk/shop/gb/groceries/product/details/curry-night/sainsburys-fresh-turmeric-100g', "Sainsbury's Fresh Turmeric 100g", '£1.50', '£1.50 / 100g')
('https://www.sainsburys.co.uk/shop/gb/groceries/product/details/curry-night/spice-tailor-tikka-masala-sauce-300g', 'The Spice Tailor Tikka Masala Sauce 300g', '£2.90', '97p / 100g')
('https://www.sainsburys.co.uk/shop/gb/groceries/product/details/curry-night/sainsburys-finger-chillies-80g', "Sainsbury's Finger Chillies 80g", '90p', '£1.13 / 100g')
('https://www.sainsburys.co.uk/shop/gb/groceries/product/details/curry-night/pepsi-max-2l-7576096-p-44', 'Pepsi Max 2L', '£1.50', '8p / 100ml')
('https://www.sainsburys.co.uk/shop/gb/groceries/product/details/curry-night/pataks-tikka-masala-sauce-450g', "Patak's Tikka Masala Sauce 450g", '£1.25', '28p / 100g')
('https://www.sainsburys.co.uk/shop/gb/groceries/product/details/curry-night/singha-thai-lager-beer-630ml', 'Singha Premium Thai Lager 630ml', '£1.90', '£3.02 / ltr')
('https://www.sainsburys.co.uk/shop/gb/groceries/product/details/curry-night/tiger-beer-640ml', 'Tiger Beer 640ml', '£1.80', '£2.81 / ltr')
('https://www.sainsburys.co.uk/shop/gb/groceries/product/details/curry-night/sainsburys-plain-naan-260g', "Sainsbury's Indian Plain Naan x2 260g", '80p', '30p / 100g')
('https://www.sainsburys.co.uk/shop/gb/groceries/product/details/curry-night/sainsburys-garlic---coriander-naan-260g', "Sainsbury's Indian Garlic & Coriander Naan 260g", '80p', '30p / 100g')
('https://www.sainsburys.co.uk/shop/gb/groceries/product/details/curry-night/sainsburys-garlic---coriander-naan-130g', "Sainsbury's Indian Garlic & Coriander Naan 130g", '65p', '50p / 100g')
('https://www.sainsburys.co.uk/shop/gb/groceries/product/details/curry-night/sainsburys-indian-chicken-vindaloo-400g-serves-2-', "Sainsbury's Indian Chicken Vindaloo 400g (Serves 2)", '£3.50', '£8.75 / kg')
('https://www.sainsburys.co.uk/shop/gb/groceries/product/details/curry-night/sainsburys-chicken-tikka-masala-400g-1190847-p-44', "Sainsbury's Indian Chicken Tikka Masala 400g (Serves 2)", '£3.50', '£8.75 / kg')
('https://www.sainsburys.co.uk/shop/gb/groceries/product/details/curry-night/sainsburys-alsace-gewurztraminer--taste-the-difference-75cl', "Sainsbury's Alsace Gewurztraminer, Taste the Difference 75cl", '£9.00', '£9.00 / 75cl')
('https://www.sainsburys.co.uk/shop/gb/groceries/product/details/curry-night/sainsburys-fenugreek-spiced-roti-140g', "Sainsbury's Fenugreek Spiced Roti 140g", '75p', '£1.88 / 100g')
('https://www.sainsburys.co.uk/shop/gb/groceries/product/details/simple-meals/sainsburys-fully-loaded-meat-feast-pasta-575g', "Sainsbury's Fully Loaded Meat Feast Pasta 575g", '£3.50', '£6.09 / kg')
('https://www.sainsburys.co.uk/shop/gb/groceries/product/details/simple-meals/strong-roots-pumpkin-spinach-burger-375g', 'Strong Roots Pumpkin & Spinach Burger 375g', '£3.00', '£8.00 / kg')
('https://www.sainsburys.co.uk/shop/gb/groceries/product/details/simple-meals/sainsburys-stuffed-crust-pepperoni-passion-pizza-640g', "Sainsbury's Stuffed Crust Pepperoni Delight Pizza 620g", '£3.50', '£5.65 / kg')
('https://www.sainsburys.co.uk/shop/gb/groceries/product/details/simple-meals/sainsburys-cauliflower-cheese--taste-the-difference-400g-6002597-p-44', "Sainsbury's Cauliflower Cheese, Taste the Difference 400g (Serves 2)", '£2.70', '£6.75 / kg')
('https://www.sainsburys.co.uk/shop/gb/groceries/product/details/simple-meals/cauldron-original-tofu-396g', 'Cauldron Vegan Tofu Block 396g', '£2.00', '£5.05 / kg')
('https://www.sainsburys.co.uk/shop/gb/groceries/product/details/all-easter-/sainsburys-thai-sweet-chilli-crisps--taste-the-difference-150g', "Sainsbury's Thai Sweet Chilli Crisps, Taste The Difference 150g", '£1.00', '67p / 100g')
('https://www.sainsburys.co.uk/shop/gb/groceries/product/details/all-easter-/sainsburys-danish-cinnamon-whirl-x2', "Sainsbury's Danish Pastry Cinnamon Whirls x2", '£1.20', '60p / ea')
('https://www.sainsburys.co.uk/shop/gb/groceries/product/details/all-easter-/sainsburys-cheddar-cheese-crispies--taste-the-difference-100g', "Sainsbury's Cheddar Cheese Crispies, Taste the Difference 100g", '£1.70', '£1.70 / 100g')
('https://www.sainsburys.co.uk/shop/gb/groceries/product/details/all-easter-/sainsburys-gruyere-poppy-seed-twists--taste-the-difference-125g', "Sainsbury's Gruyere Poppy Seed Twists, Taste the Difference 125g", '£1.80', '£1.44 / 100g')
('https://www.sainsburys.co.uk/shop/gb/groceries/product/details/all-easter-/lindt-lindor-assorted-chocolate-truffles-337g', 'Lindt Lindor Assorted Chocolate Truffles Box 337g', '£6.00', '£1.78 / 100g')
('https://www.sainsburys.co.uk/shop/gb/groceries/product/details/all-easter-/warburtons-teacakes-x4', 'Warburtons Teacakes x4', '80p', '20p / ea')
('https://www.sainsburys.co.uk/shop/gb/groceries/product/details/all-easter-/soreen-fruity-malt-loaf--sliced-350g', 'Soreen Sliced Malt Loaf 290g', '£1.30', '46p / 100g')
('https://www.sainsburys.co.uk/shop/gb/groceries/product/details/all-easter-/casillero-del-diablo-cabernet-sauvignon-75cl', 'Casillero Del Diablo Cabernet Sauvignon 75cl', '£6.50', '£6.50 / 75cl')
('https://www.sainsburys.co.uk/shop/gb/groceries/product/details/all-easter-/bendicks-bittermints-200g', 'Bendicks Bittermints 200g', '£4.00', '£2.00 / 100g')
('https://www.sainsburys.co.uk/shop/gb/groceries/product/details/all-easter-/terrys-plain-chocolate-orange-175g', "Terry's Chocolate Orange Dark Ball 157g", '£1.95', '£1.24 / 100g')
('https://www.sainsburys.co.uk/shop/gb/groceries/product/details/all-easter-/sainsburys-sun-dried-tomato-antipasto-oil-280g', "Sainsbury's Sun Dried Tomato Antipasto Oil 280g (150g*)", '£1.75', '£1.17 / 100g')
('https://www.sainsburys.co.uk/shop/gb/groceries/product/details/all-easter-/sainsburys-belgian-dark-chips--taste-the-difference-150g', "Sainsbury's Belgian Dark Chips, Taste The Difference 150g", '£2.00', '£1.33 / 100g')
('https://www.sainsburys.co.uk/shop/gb/groceries/product/details/all-easter-/sainsburys-strawberry-trifle-600g', "Sainsbury's Strawberry Trifle Dessert 600g", '£2.50', '42p / 100g')
('https://www.sainsburys.co.uk/shop/gb/groceries/product/details/all-easter-/cocoa-co-belgian-white-chocolate-bunny-405g', 'Cocoa & Co. Belgian White Chocolate Bunny 405g', '£8.00', '£1.98 / 100g')
('https://www.sainsburys.co.uk/shop/gb/groceries/product/details/all-easter-/sainsburys-topside-joint-wrapped-in-bacon-taste-the-difference-165kg-7989003-p-44', "Sainsbury's Topside Joint Wrapped In Bacon, Taste the Difference 1.65kg", '£25.00', '£15.15 / kg')
('https://www.sainsburys.co.uk/shop/gb/groceries/product/details/all-easter-/sainsburys-hot-cross-buns-x6-7730659-p-44', "Sainsbury's Hot Cross Buns x6", '75p', '12p / ea')
('https://www.sainsburys.co.uk/shop/gb/groceries/product/details/all-easter-/nomo-vegan-free-from-caramel-sea-salt-egg-bar-148g', 'Nomo Vegan & Free From Caramel & Sea Salt Egg & Bar 148g', '£6.00', '£4.05 / 100g')
('https://www.sainsburys.co.uk/shop/gb/groceries/product/details/all-easter-/happy-easter-floral-cross-card', 'Happy Easter Floral Cross Card', '£2.75', '£2.75 / ea')
('https://www.sainsburys.co.uk/shop/gb/groceries/product/details/all-easter-/m-ms-chocolate-moulded-easter-eggs-200g', "M&M's Chocolate Moulded Easter Eggs 200g", '£3.50', '£1.75 / 100g')
('https://www.sainsburys.co.uk/shop/gb/groceries/product/details/all-easter-/terrys-chocolate-orange-mini-eggs-80g', "Terry's Chocolate Orange Mini Eggs 80g", '75p', '94p / 100g')
('https://www.sainsburys.co.uk/shop/gb/groceries/product/details/all-easter-/kitkat-chunky-cookie-dough-milk-chocolate-incredible-egg-516g', 'KitKat Chunky Cookie Dough Milk Chocolate Incredible Egg 516g', '£10.00', '£1.94 / 100g')
('https://www.sainsburys.co.uk/shop/gb/groceries/product/details/all-easter-/aero-milk-chocolate-mini-eggs-pouch-70g', 'Aero Milk Chocolate Mini Eggs Pouch 70g', '£1.00', '£1.43 / 100g')
('https://www.sainsburys.co.uk/shop/gb/groceries/product/details/all-easter-/cadbury-white-oreo-peter-rabbit-hollow-bunny-100g', 'Cadbury White Oreo Peter Rabbit Hollow Bunny 100g', '£2.50', '£2.50 / 100g')
('https://www.sainsburys.co.uk/shop/gb/groceries/product/details/all-easter-/sainsburys-deliciously-free-from-strawberry-white-chocolate-bunny-bar-35g', "Sainsbury's Deliciously Free From Strawberry & White Chocolate Bunny Bar 35g", '£1.00', '£2.86 / 100g')
('https://www.sainsburys.co.uk/shop/gb/groceries/product/details/all-easter-/sainsburys-deliciously-free-from-white-chocolate-bunny-bar-35g', "Sainsbury's Deliciously Free From White Chocolate Bunny Bar 35g", '£1.00', '£2.86 / 100g')
('https://www.sainsburys.co.uk/shop/gb/groceries/product/details/all-easter-/kalanchoe-in-gift-bag', 'Kalanchoe In Gift Bag', '1p', '1p / ea')
('https://www.sainsburys.co.uk/shop/gb/groceries/product/details/all-easter-/galaxy-minstrels-large-egg-262g', 'Galaxy Minstrels Chocolate Large Easter Egg 262g', '£3.00', '£1.15 / 100g')
('https://www.sainsburys.co.uk/shop/gb/groceries/product/details/all-easter-/lindt-gold-bunny-flower-milk-100g', 'Lindt Special Edition Gold Bunny Milk 100g', '£3.00', '£3.00 / 100g')
('https://www.sainsburys.co.uk/shop/gb/groceries/product/details/all-easter-/cadburys-dairy-milk-chunk-egg-71g', 'Cadbury Dairy Milk Chocolate Chunk & Easter Egg 71g', '£1.00', '£1.41 / 100g')
('https://www.sainsburys.co.uk/shop/gb/groceries/product/details/all-easter-/toffifee-x12-100g', 'Toffifee x12 100g', '£1.00', '£1.00 / 100g')
('https://www.sainsburys.co.uk/shop/gb/groceries/product/details/all-easter-/lindt-nuxor-milk-165g', 'Lindt Nuxor with Milk Chocolate 165g', '£5.00', '£3.03 / 100g')
('https://www.sainsburys.co.uk/shop/gb/groceries/product/details/all-easter-/fentimans-light-rose-lemonade-250ml', 'Fentimans Light Rose Lemonade 250ml', '£1.25', '50p / 100ml')
('https://www.sainsburys.co.uk/shop/gb/groceries/product/details/all-easter-/ferrero-collection-box-of-chocolate-24-pieces-269g', 'Ferrero Collection Box of Chocolate 24 Pieces 269g', '£6.50', '£2.42 / 100g')
('https://www.sainsburys.co.uk/shop/gb/groceries/product/details/all-easter-/leon-aioli-245ml', 'LEON Garlic Aioli 245g', '£2.50', '£1.02 / 100ml')
('https://www.sainsburys.co.uk/shop/gb/groceries/product/details/all-easter-/sainsburys-baby-cauliflower--taste-the-difference-x2', "Sainsbury's Baby Cauliflower, Taste the Difference x2", '£1.80', '90p / ea')
('https://www.sainsburys.co.uk/shop/gb/groceries/product/details/all-easter-/sainsburys-mashed-potato-400g', "Sainsbury's Mashed Potato 400g", '£1.00', '£2.50 / kg')
('https://www.sainsburys.co.uk/shop/gb/groceries/product/details/all-easter-/innocent-orange-juice-with-bits-135l', 'Innocent Orange Juice With Bits 1.35L', '£2.00', '15p / 100ml')
('https://www.sainsburys.co.uk/shop/gb/groceries/product/details/all-easter-/fage-total-0-natural-fat-free-greek-recipe-strained-yogurt-500g', 'FAGE Total 0% Natural Fat Free Greek Recipe Strained Yogurt 500g', '£2.00', '40p / 100g')
('https://www.sainsburys.co.uk/shop/gb/groceries/product/details/all-easter-/sainsburys-british-whole-chicken-with-sage---onion-stuffing-145kg', "ainsbury's Roast in the Bag British Whole Fresh Chicken with Pork & Sage & Onion Stuffing 1.35kg", '£4.00', '£2.85 / kg')
('https://www.sainsburys.co.uk/shop/gb/groceries/product/details/all-easter-/tropicana-smooth-orange-juice-950ml-2537443-p', 'Tropicana Smooth Orange Juice 950ml', '£1.50', '16p / 100ml')
('https://www.sainsburys.co.uk/shop/gb/groceries/product/details/all-easter-/sainsburys-mini-sausage-rolls-x22-220g', "Sainsbury's Share Sausage Mini Sausage Rolls x20 200g", '£1.75', '88p / 100g')
('https://www.sainsburys.co.uk/shop/gb/groceries/product/details/all-easter-/sainsburys-pork-cocktail-sausages-x20-200g', "Sainsbury's Pork Cocktail Sausages x20 200g", '£1.00', '50p / 100g')
('https://www.sainsburys.co.uk/shop/gb/groceries/product/details/all-ready-meals-/vale-of-mowbray-family-pork-pie-440g', 'Vale Of Mowbray Family Pork Pie 440g', '£2.10', '48p / 100g')
('https://www.sainsburys.co.uk/shop/gb/groceries/product/details/all-ready-meals-/sainsburys-mini-garlic-baguette--be-good-to-yourself-105g', "Sainsbury's Mini Garlic Baguette, Be Good To Yourself 105g", '65p', '62p / 100g')
('https://www.sainsburys.co.uk/shop/gb/groceries/product/details/all-ready-meals-/sainsburys-garlic---coriander-naan-bread-x2--taste-the-difference', "Sainsbury's Aromatic Garlic & Coriander Naans, Taste Difference x2 280g", '£1.25', '45p / 100g')
('https://www.sainsburys.co.uk/shop/gb/groceries/product/details/all-ready-meals-/sainsburys-indian-butter-chicken-400g-serves-2-', "Sainsbury's Indian Butter Chicken 400g (Serves 2)", '£3.50', '£8.75 / kg')
('https://www.sainsburys.co.uk/shop/gb/groceries/product/details/all-ready-meals-/sainsburys-classic-minced-beef-cobbler-450g', "Sainsbury's Classic Minced Beef Cobbler 450g (Serves 1)", '£2.00', '£4.44 / kg')
('https://www.sainsburys.co.uk/shop/gb/groceries/product/details/all-ready-meals-/chicken-broccoli-bake-600g', 'Chicken & Broccoli Bake 600g', '£3.65', '£6.08 / kg')
('https://www.sainsburys.co.uk/shop/gb/groceries/product/details/all-ready-meals-/pasta-bolognese-bake-450g', 'Pasta Bolognese Bake 450g', '£3.65', '£8.11 / kg')
('https://www.sainsburys.co.uk/shop/gb/groceries/product/details/all-ready-meals-/sainsburys-my-goodness!-american-bbq-style-chicken-with-rice-380g', "Sainsbury's My Goodness! American BBQ Style Chicken with Rice 380g", '£3.00', '£7.89 / kg')
('https://www.sainsburys.co.uk/shop/gb/groceries/product/details/all-ready-meals-/sainsburys-beef-bourguignon-casserole-taste-the-difference-500g', "Sainsbury's Beef Bourguignon Casserole, Taste the Difference 500g", '£8.00', '£16.00 / kg')
('https://www.sainsburys.co.uk/shop/gb/groceries/product/details/all-ready-meals-/rana-tagliatelle-bolognese-408g', 'La Famiglia Rana Recipe Kit Tagliatelle Bolognese 408g', '£4.00', '£9.80 / kg')
('https://www.sainsburys.co.uk/shop/gb/groceries/product/details/all-ready-meals-/plant-pioneers-no-prawn-toast-123g', 'Plant Pioneers No Prawn Toast x4 123g', '£2.25', '£18.29 / kg')
('https://www.sainsburys.co.uk/shop/gb/groceries/product/details/all-ready-meals-/plant-pioneers-no-prawns-tempura-160g', 'Plant Pioneers No Prawns Tempura 160g', '£3.00', '£18.75 / kg')
('https://www.sainsburys.co.uk/shop/gb/groceries/product/details/all-ready-meals-/sainsburys-slow-cook-sweet-bbq-ribs-676g', "Sainsbury's Slow Cook British Pork Ribs With a Sweet Honey Glaze 676g (Serves 2)", '£5.00', '£7.40 / kg')
('https://www.sainsburys.co.uk/shop/gb/groceries/product/details/all-ready-meals-/sainsburys-indonesian-beef-rendang-380g', 'Global Eats Indonesian Beef Rendang 380g', '£3.50', '£9.21 / kg')
('https://www.sainsburys.co.uk/shop/gb/groceries/product/details/all-ready-meals-/cloughbane-spicy-lentil-vegetable-casserole', 'Cloughbane Veggi Spicy Lentil & Root Vegetable Casserole 400g', '£2.50', '£6.25 / kg')
('https://www.sainsburys.co.uk/shop/gb/groceries/product/details/all-ready-meals-/sainsburys-beef-chianti-red-wine-stew-taste-the-difference-800g', "Sainsbury's Steak Casserole & Dumplings, Taste the Difference 800g", '£6.00', '£7.50 / kg')
('https://www.sainsburys.co.uk/shop/gb/groceries/product/details/all-ready-meals-/charlie-bighams-fish-pie-for-1-340g', "Charlie Bigham's Fish Pie For 1 340g", '£5.00', '£14.71 / kg')
('https://www.sainsburys.co.uk/shop/gb/groceries/product/details/all-ready-meals-/wasabi-katsu-curry-meal-for-2-1220g', 'Wasabi Katsu Curry Meal For 2 1220g', '£10.00', '£8.53 / kg')
('https://www.sainsburys.co.uk/shop/gb/groceries/product/details/all-ready-meals-/wasabi-katsu-finger-sriricha-mayo-170g', 'Wasabi Chicken Katsu Fingers & Sriracha Mayo 170g', '£3.00', '£18.75 / kg')
('https://www.sainsburys.co.uk/shop/gb/groceries/product/details/all-ready-meals-/sainsburys-thai-style-green-curry-be-good-to-yourself-380g', "Sainsbury's Thai Style Green Curry, Be Good To Yourself 380g", '£3.00', '£7.89 / kg')
('https://www.sainsburys.co.uk/shop/gb/groceries/product/details/all-ready-meals-/sainsburys-fully-loaded-macaroni-cheese-550g', "Sainsbury's Fully Loaded Mac Cheese & Bacon 550g", '£3.50', '£6.36 / kg')
('https://www.sainsburys.co.uk/shop/gb/groceries/product/details/all-ready-meals-/mccain-home-chips-straight-400g', 'McCain Home Chips Straight 400g', '£2.00', '£5.00 / kg')
('https://www.sainsburys.co.uk/shop/gb/groceries/product/details/all-ready-meals-/sainsburys-teriyaki-chicken-noodles-400g', "Sainsbury's Teriyaki Chicken Noodles 400g", '£2.75', '£6.88 / kg')
('https://www.sainsburys.co.uk/shop/gb/groceries/product/details/all-ready-meals-/yo!-chicken-katsu-bites', 'YO! Chicken Katsu Bites 90g', '£2.25', '£2.45 / 100g')
('https://www.sainsburys.co.uk/shop/gb/groceries/product/details/all-ready-meals-/el-loco-cantina-chilli-beef-bad-boy-burrito-380g', "El Loco Cantina Chilli Beef Bad' Boy Burrito 380g", '£3.00', '£7.89 / kg')
('https://www.sainsburys.co.uk/shop/gb/groceries/product/details/all-ready-meals-/sainsburys-deep-fill-cottage-pie-500g', "Sainsbury's Deep Fill Cottage Pie 500g", '£2.80', '£5.60 / kg')
('https://www.sainsburys.co.uk/shop/gb/groceries/product/details/all-ready-meals-/sainsburys-chicken-mushroom-pie-400g', "Sainsbury's Classics Chicken & Mushroom Potato Topped Pie 400g (Serves 1)", '£2.50', '£6.25 / kg')
('https://www.sainsburys.co.uk/shop/gb/groceries/product/details/all-ready-meals-/sainsburys-chicken-ham-bake-400g', "Sainsbury's Classics Chicken & Ham Bake 400g (Serves 1)", '£3.00', '£7.50 / kg')
('https://www.sainsburys.co.uk/shop/gb/groceries/product/details/all-ready-meals-/sainsburys-ham-honey-mustard-sauce-400g', "Sainsbury's Classics Ham with Honey & Mustard Sauce 400g (Serves 1)", '£2.80', '£7.00 / kg')
('https://www.sainsburys.co.uk/shop/gb/groceries/product/details/all-ready-meals-/sainsburys-just-cook-garlic-herb-stack-300g', "Sainsbury's Just Cook Garlic & Herb Stack 300g", '£3.75', '£9.87 / kg')
('https://www.sainsburys.co.uk/shop/gb/groceries/product/details/all-ready-meals-/sainsburys-poppadoms-plain-80g', "Sainsbury's Poppadoms Plain 64g", '£1.40', '£2.19 / 100g')
('https://www.sainsburys.co.uk/shop/gb/groceries/product/details/all-ready-meals-/milgro-crispy-tobacco-onions-75g', 'Milgro Crispy Tobacco Onions 75g (Serves 2)', '£1.75', '£23.33 / kg')
('https://www.sainsburys.co.uk/shop/gb/groceries/product/details/all-ready-meals-/sainsburys-red-cabbage-300g', "Sainsbury's Red Cabbage with Apple and Redcurrant Jelly 300g", '£2.00', '£6.67 / kg')
('https://www.sainsburys.co.uk/shop/gb/groceries/product/details/all-ready-meals-/sainsburys-classic-buttery-mash-side-for-4-800g', "Sainsbury's British Mashed Potato Side 800g (Serves 4)", '£2.00', '£2.50 / kg')
('https://www.sainsburys.co.uk/shop/gb/groceries/product/details/all-ready-meals-/sainsburys-buttery-potato-mash-450g', "Sainsbury's Buttery Mashed Potato 400g (Serves 2)", '£1.25', '£2.78 / kg')
('https://www.sainsburys.co.uk/shop/gb/groceries/product/details/all-ready-meals-/sainsburys-chinese-chicken-curry---rice-450g', "Sainsbury's Chinese Chicken Curry & Rice 400g (Serves 1)", '£2.75', '£6.88 / kg')
('https://www.sainsburys.co.uk/shop/gb/groceries/product/details/all-ready-meals-/tasty-foods-creamy-chicken-pie-800g', 'Tasty Foods Creamy Chicken Pie 800g', '£4.30', '54p / 100g')
('https://www.sainsburys.co.uk/shop/gb/groceries/product/details/all-ready-meals-/malcolm-allan-steak-pie-380g', 'Malcolm Allan Steak Pie 380g (Serves 2)', '£3.80', '£1.00 / 100g')
('https://www.sainsburys.co.uk/shop/gb/groceries/product/details/all-ready-meals-/sainsburys-thai-red-curry---rice-450g', "Sainsbury's Thai Red Curry & Rice 400g (Serves 1)", '£3.00', '£7.50 / kg')
('https://www.sainsburys.co.uk/shop/gb/groceries/product/details/all-ready-meals-/malcolm-allan-braveheart-steak-pie-1kg', 'Malcolm Allan Braveheart Steak Pie 1kg (Serves 4)', '£7.00', '70p / 100g')
('https://www.sainsburys.co.uk/shop/gb/groceries/product/details/all-ready-meals-/malcolm-allan-steak-pie-700g', 'Malcolm Allan Steak Pie 700g (Serves 3)', '£5.00', '71p / 100g')
('https://www.sainsburys.co.uk/shop/gb/groceries/product/details/price-lock-toiletries-and-health/nivea-for-men-energy-shower-gel-250ml', 'Nivea Men Shower Gel Energy 250ml', '£1.00', '40p / 100ml')
('https://www.sainsburys.co.uk/shop/gb/groceries/product/details/price-lock-toiletries-and-health/nivea-happy-time-shower-cream-250ml', 'Nivea Shower Cream Gel Indulgent Moisture Orange 250ml', '£1.00', '40p / 100ml')
('https://www.sainsburys.co.uk/shop/gb/groceries/product/details/price-lock-toiletries-and-health/herbal-essences-hello-hydration-shampoo-400ml', 'Herbal Essences Hello Hydration Shampoo 400ml', '£2.00', '50p / 100ml')
('https://www.sainsburys.co.uk/shop/gb/groceries/product/details/price-lock-toiletries-and-health/olay-anti-wrinkle-day-lotion-100ml', 'Olay Anti-Wrinkle Moisturiser Day Lotion 100ml', '£6.00', '£6.00 / 100ml')
('https://www.sainsburys.co.uk/shop/gb/groceries/product/details/price-lock-toiletries-and-health/vaseline-intensive-care-hand---nail-75ml', 'Vaseline Hand Cream, Healthy Hands + Stronger Nails 75ml', '£2.00', '£2.67 / 100ml')
('https://www.sainsburys.co.uk/shop/gb/groceries/product/details/price-lock-toiletries-and-health/bodyform-so-slim-light-liners-34s', 'Bodyform Dailies So Slim Panty Liners x34', '£1.20', '4p / ea')
('https://www.sainsburys.co.uk/shop/gb/groceries/product/details/price-lock-toiletries-and-health/lemsip-max-cold---flu-blackcurrant-x10', 'Lemsip Max Cold & Flu Remedy Sachets, Blackcurrant x10', '£3.50', '35p / ea')
('https://www.sainsburys.co.uk/shop/gb/groceries/product/details/price-lock-toiletries-and-health/simple-shower-refreshing-shower-gel-250ml', 'Simple Kind to Skin Refreshing Shower Gel 250ml', '£1.00', '40p / 100ml')
('https://www.sainsburys.co.uk/shop/gb/groceries/product/details/price-lock-toiletries-and-health/bodyform-sanitary-towels--invisible--normal--non-winged-x16', 'Bodyform Ultra Normal Sanitary Towels x16', '£1.20', '8p / ea')
('https://www.sainsburys.co.uk/shop/gb/groceries/product/details/price-lock-toiletries-and-health/nivea-skin-lotion--for-dry-skin-250ml', 'Nivea Body Lotion for Dry Skin, Extra Rich Moisturising 250ml', '£2.35', '94p / 100ml')
('https://www.sainsburys.co.uk/shop/gb/groceries/product/details/price-lock-toiletries-and-health/cussons-mild-cream-bar-soap-4x90g', 'Cussons Mild Cream Bar Soap 4x90g', '£1.00', '28p / 100g')
('https://www.sainsburys.co.uk/shop/gb/groceries/product/details/price-lock-toiletries-and-health/simple-moisturising-handwash-250ml', 'Simple Kind to Skin Moisturising Handwash 250ml', '£1.00', '40p / 100ml')
('https://www.sainsburys.co.uk/shop/gb/groceries/product/details/price-lock-toiletries-and-health/palmolive-liquid-handwash-aquarium-300ml', 'Palmolive Aquarium Handwash 300ml', '90p', '30p / 100ml')
('https://www.sainsburys.co.uk/shop/gb/groceries/product/details/price-lock-baby-toddler/heinz-7-months-first-steps-oaty-banana-porridge-240g', 'Heinz 7+ Months First Steps Oaty Banana Porridge 240g', '£2.65', '£1.10 / 100g')
('https://www.sainsburys.co.uk/shop/gb/groceries/product/details/price-lock-baby-toddler/sainsburys-for-mum-maternity-maxi-towels-x12', "Sainsbury's For Mum Maternity Maxi Towels x12", '£1.00', '8p / ea')
('https://www.sainsburys.co.uk/shop/gb/groceries/product/details/price-lock-baby-toddler/sainsburys-little-ones-pants-size-4-x40', "Sainsbury's Little Ones Pants Size 4 x40", '£4.00', '10p / ea')
('https://www.sainsburys.co.uk/shop/gb/groceries/product/details/price-lock-baby-toddler/heinz-by-nature-sweet-potato-lean-beef-hotpot-12-months-230g', 'Heinz By Nature Sweet Potato & Lean Beef Hotpot 12+ Months 230g', '£1.35', '59p / 100g')
('https://www.sainsburys.co.uk/shop/gb/groceries/product/details/price-lock-baby-toddler/heinz-by-nature-cottage-pie-12-months-230g', 'Heinz By Nature Cottage Pie 12+ Months 230g', '£1.35', '59p / 100g')
('https://www.sainsburys.co.uk/shop/gb/groceries/product/details/price-lock-baby-toddler/hipp-organic-sweet-potato-chicken-230g-12-month', 'HiPP Organic Sweet Potato & Chicken 230g 12 Month+', '£1.75', '76p / 100g')
('https://www.sainsburys.co.uk/shop/gb/groceries/product/details/price-lock-baby-toddler/sainsburys-little-ones-dry-fit-size-5-jumbo-66-nappies', "Sainsbury's Little Ones Dry Fit Size 5+ Jumbo 66 Nappies", '£4.75', '7p / ea')
('https://www.sainsburys.co.uk/shop/gb/groceries/product/details/price-lock-baby-toddler/ellas-kitchen-cheeky-greek-y-veggie-moussaka-with-red-lentils--7-months-130g', "Ella's Kitchen Organic Veggie Moussaka Baby Pouch 7+ Months 130g", '£1.30', '£1.00 / 100g')
('https://www.sainsburys.co.uk/shop/gb/groceries/product/details/price-lock-baby-toddler/sainsburys-little-ones-dry-nappy--size-4--maxi-x52', "Sainsbury's Little Ones Dry Fit Size 4 Maxi 48 Nappies", '£3.00', '6p / napy')
('https://www.sainsburys.co.uk/shop/gb/groceries/product/details/price-lock-baby-toddler/pampers-sensitive-baby-wipes-12x52-pack', 'Pampers Sensitive Baby Wipes 12x52 Pack', '£8.75', '17p / ea')
('https://www.sainsburys.co.uk/shop/gb/groceries/product/details/price-lock-baby-toddler/cow-gate-apple-banana-frt-pot', 'Cow & Gate Apple & Banana Fruit Puree Pots 4x100g', '£1.45', '36p / 100g')
('https://www.sainsburys.co.uk/shop/gb/groceries/product/details/price-lock-baby-toddler/sainsburys-64-baby-wipes', "Sainsbury's Baby Wipes x64", '40p', '1p / ea')
('https://www.sainsburys.co.uk/shop/gb/groceries/product/details/price-lock-baby-toddler/heinz-so-yummy-carrot-straws-1-year-5x15g', 'Heinz So Yummy Carrot Straws 1 Year+ 5x15g', '£1.65', '£2.20 / 100g')
('https://www.sainsburys.co.uk/shop/gb/groceries/product/details/price-lock-baby-toddler/heinz-by-nature-veggies-with-lamb-12-months-230g', 'Heinz By Nature Veggies with Lamb 12+ Months 230g', '£1.35', '59p / 100g')
('https://www.sainsburys.co.uk/shop/gb/groceries/product/details/price-lock-baby-toddler/baby-dove-rich-moisture-head-to-toe-wash-400ml', 'Baby Dove Rich Moisture Head to Toe Wash 400ml', '£1.50', '38p / 100ml')
('https://www.sainsburys.co.uk/shop/gb/groceries/product/details/price-lock-baby-toddler/ellas-kitchen-carrots--peas--kale-from-4-months-120g', "Ella's Kitchen Organic Carrots, Peas and Kale Baby Pouch 4+ Months 120g", '£1.00', '83p / 100g')
('https://www.sainsburys.co.uk/shop/gb/groceries/product/details/price-lock-baby-toddler/heinz-blueberry-oaty-porridge-240g-7-month', 'Heinz Blueberry Oaty Porridge 240g 7 Month+', '£2.65', '£1.10 / 100g')
('https://www.sainsburys.co.uk/shop/gb/groceries/product/details/price-lock-baby-toddler/heinz-oat---apple-porridge-240g-4-month', 'Heinz Oat & Apple porridge 240g 4 Month+', '£2.65', '£1.10 / 100g')
('https://www.sainsburys.co.uk/shop/gb/groceries/product/details/price-lock-baby-toddler/pampers-change-mats-12-pack', 'Pampers Change Mats x12', '£5.00', '42p / ea')
('https://www.sainsburys.co.uk/shop/gb/groceries/product/details/price-lock-baby-toddler/pampers-baby-dry-pants-size-6-jumbo-58-pants', 'Pampers Baby-Dry Nappy Pants, Size 6, 15kg+ x52', '£9.00', '17p / ea')
('https://www.sainsburys.co.uk/shop/gb/groceries/product/details/price-lock-baby-toddler/organix-goodies--cocoa---raisin-soft-oaty-bars-6x30g', 'Organix Cocoa & Raisin Soft Oaty Bars 6x30g', '£2.20', '£1.22 / 100g')
('https://www.sainsburys.co.uk/shop/gb/groceries/product/details/price-lock-baby-toddler/nuby-flip--it-cup', 'Nuby Flip-It Cup', '£3.50', '£3.50 / ea')
('https://www.sainsburys.co.uk/shop/gb/groceries/product/details/price-lock-baby-toddler/tommee-tippee-soother-holders-x2', 'Tommee Tippee Soother Holders x2', '£4.00', '£2.00 / ea')
('https://www.sainsburys.co.uk/shop/gb/groceries/product/details/price-lock-baby-toddler/johnsons-baby-oil-300ml', "Johnson's Baby Oil 300ml", '£1.50', '50p / 100ml')
('https://www.sainsburys.co.uk/shop/gb/groceries/product/details/price-lock-baby-toddler/ellas-squished-squishy-fishy-cakes-stage-2-130g', "Ella's Kitchen Organic Fish Pie Baby Pouch 7+ Months 130g", '£1.30', '£1.00 / 100g')
('https://www.sainsburys.co.uk/shop/gb/groceries/product/details/price-lock-baby-toddler/hipp-organic-stage-1--banana--yoghurt-breakfast-125g', 'HiPP Organic Banana Yogurt Breakfast 125g', '60p', '48p / 100g')
('https://www.sainsburys.co.uk/shop/gb/groceries/product/details/price-lock-baby-toddler/ellas-lamb-roast-dinner-with-all-trimmings-stage-2-130g', "Ella's Kitchen Organic Lamb Roast Dinner Baby Pouch 7+ Months 130g", '£1.30', '£1.00 / 100g')
('https://www.sainsburys.co.uk/shop/gb/groceries/product/details/taste-the-difference-meat-fish/sainsburys-thick-cut-wiltshire-ham--taste-the-difference-120g', "Sainsbury's British Thick Cut Wiltshire Cured Ham, Taste the Difference 120g", '£2.75', '£2.29 / 100g')
('https://www.sainsburys.co.uk/shop/gb/groceries/product/details/taste-the-difference-meat-fish/sainsburys-prosciutto-di-speck--taste-the-difference-80g', "Sainsbury's Italian Prosciutto Di Speck, Taste the Difference 80g", '£2.75', '£3.44 / 100g')
('https://www.sainsburys.co.uk/shop/gb/groceries/product/details/taste-the-difference-meat-fish/sainsburys-northern-irish-beef-fillet-steak--taste-the-difference-x-2-cw', "Sainsbury's 30 day Matured Northern Irish Beef Fillet Steak x2, Taste the Difference (approx. 270g)", '£14.11', '£3.60 / 100g')
('https://www.sainsburys.co.uk/shop/gb/groceries/product/details/taste-the-difference-meat-fish/sainsburys-british-corned-beef--taste-the-difference-100g', "Sainsbury's British Corned Beef, Taste the Difference 100g", '£2.75', '£2.75 / 100g')
('https://www.sainsburys.co.uk/shop/gb/groceries/product/details/taste-the-difference-meat-fish/sainsburys-oak-smoked-air-dried-ham-finely-sliced--taste-the-difference-120g', "Sainsbury's Air Dried Oak Smoked Finely Sliced Ham, Taste the Difference 120g", '£2.75', '£2.29 / 100g')
('https://www.sainsburys.co.uk/shop/gb/groceries/product/details/taste-the-difference-meat-fish/sainsburys-wild-salmon-fillets--taste-the-difference-230g', "Sainsbury's Wild Salmon Fillets, Taste the Difference x2 230g", '£6.25', '£27.17 / kg')
('https://www.sainsburys.co.uk/shop/gb/groceries/product/details/taste-the-difference-meat-fish/sainsburys-iberico-bellota-selection--taste-the-difference-90g', "Sainsbury's Spanish Iberico Bellota Tapas Selection, Taste the Difference 90g", '£5.00', '£5.56 / 100g')
('https://www.sainsburys.co.uk/shop/gb/groceries/product/details/taste-the-difference-meat-fish/sainsburys-wiltshire-cured-ham--taste-the-difference-120g', "Sainsbury's British Wiltshire Cured Ham, Taste the Difference 120g", '£2.75', '£2.29 / 100g')
('https://www.sainsburys.co.uk/shop/gb/groceries/product/details/taste-the-difference-meat-fish/sainsburys-norfolk-black-corn-fed-free-range-chicken-fillets-approx-335g-', "Sainsbury's Corn Fed Free Range British Chicken Fillets, Norfolk Black (approx. 335g)", '£6.39', '£19.35 / kg')
('https://www.sainsburys.co.uk/shop/gb/groceries/product/details/taste-the-difference-meat-fish/sainsburys-beef-burgers-with-caramalised-onion--taste-the-difference-x2-340g', "Sainsbury's Beef Burgers With Caramelised Onion, Taste the Difference x2 340g", '£2.25', '£6.62 / kg')
('https://www.sainsburys.co.uk/shop/gb/groceries/product/details/discover-bbq/sainsburys-british-hot-smoked-peppered-mackerel-fillets-x2-approx-280g-', "Sainsbury's British Hot Smoked Peppered Mackerel Fillets x2 (approx. 280g)", '£3.08', '£1.10 / 100g')
('https://www.sainsburys.co.uk/shop/gb/groceries/product/details/discover-bbq/sainsburys-beef-burgers-with-caramalised-onion--taste-the-difference-x2-340g', "Sainsbury's Beef Burgers With Caramelised Onion, Taste the Difference x2 340g", '£2.25', '£6.62 / kg')
('https://www.sainsburys.co.uk/shop/gb/groceries/product/details/discover-bbq/sainsburys-butchers-choice-cumberland-pork-sausages-x8-454g', "Sainsbury's Butcher's Choice Cumberland Pork Sausages x8 454g", '£1.50', '£3.30 / kg')
('https://www.sainsburys.co.uk/shop/gb/groceries/product/details/discover-bbq/sainsburys-pork-bramley-apple-sausages-taste-the-difference-x6-400g', "Sainsbury's Pork & Bramley Apple Sausages, Taste the Difference x6 400g", '£2.75', '£6.88 / kg')
('https://www.sainsburys.co.uk/shop/gb/groceries/product/details/discover-bbq/simon-howie-the-scottish-butcher-classic-chicken-balmoral-395g', 'Simon Howie The Scottish Butcher Classic Chicken Balmoral 395g', '£4.50', '£11.39 / kg')
('https://www.sainsburys.co.uk/shop/gb/groceries/product/details/discover-bbq/the-jolly-hog-honey-chipolata-340g', 'The Jolly Hog Honey Chipolata 340g', '£3.00', '£8.82 / kg')
('https://www.sainsburys.co.uk/shop/gb/groceries/product/details/discover-bbq/sainsburys-british-sweet-chilli-chicken-thighs-700g', "Sainsbury's British Sweet Chilli Chicken Thighs 700g", '£3.00', '£4.29 / kg')
('https://www.sainsburys.co.uk/shop/gb/groceries/product/details/discover-bbq/beyond-burger-200g', 'Beyond Meat Plant-Based Burger Patties x2 226g', '£5.00', '£25.00 / kg')
('https://www.sainsburys.co.uk/shop/gb/groceries/product/details/discover-bbq/sainsburys-bacon-leek-sausages-taste-the-difference-400g', "Sainsbury's Leek & Bacon Sausages British Pork, Taste the Difference x6 400g", '£2.75', '£6.88 / kg')
('https://www.sainsburys.co.uk/shop/gb/groceries/product/details/discover-bbq/sedt-coconut-mango-sizzlers-315g', "Sainsbury's Coconut & Mango British Fresh Chicken Breast Sizzlers 315g", '£3.75', '£11.90 / kg')
('https://www.sainsburys.co.uk/shop/gb/groceries/product/details/discover-bbq/sedt-chicken-chorizo-kebab-284g', "Sainsbury's Chicken & Chorizo Kebab, Summer Edition 284g", '£3.75', '£13.20 / kg')
('https://www.sainsburys.co.uk/shop/gb/groceries/product/details/discover-bbq/sainsburys-british-fresh-turkey-drumstick', "Sainsbury's British Fresh Turkey Drumstick", '£3.05', '£3.05 / kg')
('https://www.sainsburys.co.uk/shop/gb/groceries/product/details/discover-bbq/the-jolly-hog-jolly-dogs-extra-long-smokey-flavour-pork-hot-dogs-x4-400g', 'The Jolly Hog Jolly Dogs Extra Long Smokey Flavour Pork Hot Dogs x4 400g', '£2.25', '£5.63 / kg')
('https://www.sainsburys.co.uk/shop/gb/groceries/product/details/discover-bbq/the-meatless-farm-co-meat-free-sausages-x6-300g', 'Meatless Farm Plant-Based Sausages x 6 300g', '£2.50', '£8.33 / kg')
('https://www.sainsburys.co.uk/shop/gb/groceries/product/details/discover-bbq/sainsbury’s-kansas-bbq-chicken-thighs-drumsticks-roast-in-the-bag-600g', 'Sainsbury’s Kansas BBQ Chicken Thighs & Drumsticks Roast In The Bag 600g', '£2.80', '£4.67 / kg')
('https://www.sainsburys.co.uk/shop/gb/groceries/product/details/discover-bbq/sainsburys-turkey-breast-mini-fillets-400g', "Sainsbury's Turkey Breast Mini Fillets 400g", '£3.50', '£8.75 / kg')
('https://www.sainsburys.co.uk/shop/gb/groceries/product/details/discover-bbq/sainsburys-21-day-matured-beef-fillet-steak-170g', "Sainsbury's 21 Day Matured Beef Fillet Steak 170g", '£4.50', '£26.47 / kg')
('https://www.sainsburys.co.uk/shop/gb/groceries/product/details/discover-bbq/sainsburys-21-day-matured-ribeye-steak-225g', "Sainsbury's 21 Day Matured Ribeye Steak 225g", '£4.00', '£17.78 / kg')
('https://www.sainsburys.co.uk/shop/gb/groceries/product/details/discover-bbq/sainsburys-bbq-chicken-drumsticks-350g', "Sainsbury's BBQ Chicken Drumsticks 350g", '£2.25', '64p / 100g')
('https://www.sainsburys.co.uk/shop/gb/groceries/product/details/discover-bbq/sainsburys-turkey-burgers-454g', "Sainsbury's Turkey Burgers 454g", '£3.00', '£6.61 / kg')
('https://www.sainsburys.co.uk/shop/gb/groceries/product/details/discover-bbq/sainsburys-just-cook-beef-steak-peppercorn-370g', "Sainsbury's Just Cook Beef Steak with Peppercorns 370g (Serves 2)", '£4.00', '£10.81 / kg')
('https://www.sainsburys.co.uk/shop/gb/groceries/product/details/discover-bbq/sainsburys-cooked---peeled-prawns--taste-the-difference-150g', "Sainsbury's Large King Prawns, Taste the Difference 150g", '£3.75', '£2.50 / 100g')
('https://www.sainsburys.co.uk/shop/gb/groceries/product/details/discover-bbq/sainsburys-steak-burgers--taste-the-difference-x4-680g', "Sainsbury's Beef Burgers, Taste the Difference x4 680g", '£4.00', '£5.88 / kg')
('https://www.sainsburys.co.uk/shop/gb/groceries/product/details/discover-bbq/sainsburys-scottish-hot-smoked-trout-fillets--taste-the-difference-125g', "Sainsbury's British Hot Smoked Trout Fillets 125g", '£3.75', '£3.00 / 100g')
('https://www.sainsburys.co.uk/shop/gb/groceries/product/details/discover-bbq/sainsburys-20-thick-pork-sausages-1kg', "Sainsbury's Thick Pork Sausages x20 900g", '£2.75', '£3.06 / kg')
('https://www.sainsburys.co.uk/shop/gb/groceries/product/details/discover-bbq/sainsburys-chilli---coriander-king-prawns-150g', "Sainsbury's Chilli & Coriander King Prawns 150g", '£3.50', '£2.33 / 100g')
('https://www.sainsburys.co.uk/shop/gb/groceries/product/details/flowers---seeds/sainsburys-fairtrade-glittered-roses', "Sainsbury's Fairtrade Glittered Roses Bouquet", '£8.50', '£8.50 / ea')
('https://www.sainsburys.co.uk/shop/gb/groceries/product/details/flowers---seeds/sainsburys-indulgence-bouquet', "Sainsbury's Indulgence Bouquet", '£12.00', '£12.00 / ea')
('https://www.sainsburys.co.uk/shop/gb/groceries/product/details/flowers---seeds/sainsburys-amethyst-bouquet', "Sainsbury's Amethyst Bouquet", '£5.00', '£5.00 / ea')
('https://www.sainsburys.co.uk/shop/gb/groceries/product/details/flowers---seeds/vibrant-tulips', "Sainsbury's Tulips Bouquet (Colour may vary)", '£2.50', '£2.50 / ea')
('https://www.sainsburys.co.uk/shop/gb/groceries/product/details/flowers---seeds/sainsburys-dozen-premium-red-freedom-roses-bouquet-1283099-p-44', "Sainsbury's Dozen Premium Red Freedom Roses Bouquet", '1p', '1p / ea')
('https://www.sainsburys.co.uk/shop/gb/groceries/product/details/flowers---seeds/sainsburys-vibrant-la-lilies', "Sainsbury's Vibrant La Lilies Bouquet", '£3.00', '£3.00 / ea')
('https://www.sainsburys.co.uk/shop/gb/groceries/product/details/flowers---seeds/sainsburys-printed-box-honeybells-bulbs', "Sainsbury's Honeybells Bulbs x8", '1p', '1p / ea')
('https://www.sainsburys.co.uk/shop/gb/groceries/product/details/flowers---seeds/10-pack-begonia', '10 Pack Begonia', '£3.00', '£3.00 / ea')
('https://www.sainsburys.co.uk/shop/gb/groceries/product/details/flowers---seeds/sainsburys-narcissus-thalia-bulbs', "Sainsbury's Narcissi Thalia Bulbs x10", '1p', '1p / ea')
('https://www.sainsburys.co.uk/shop/gb/groceries/product/details/flowers---seeds/kelly-flowers-chrysanthemum-mixed-colours', 'Kelly Flowers Chrysanthemum Mixed Colours', '£2.00', '£2.00 / ea')
('https://www.sainsburys.co.uk/shop/gb/groceries/product/details/flowers---seeds/a-dozen-red-roses', 'A Dozen Red Roses', '1p', '1p / ea')
('https://www.sainsburys.co.uk/shop/gb/groceries/product/details/flowers---seeds/by-sainsburys-green-chillies', "By Sainsbury's Green Chillies", '£7.00', '£7.00 / ea')
('https://www.sainsburys.co.uk/shop/gb/groceries/product/details/flowers---seeds/by-sainsburys-red-chillies', "By Sainsbury's Red Chillies", '£7.00', '£7.00 / ea')
('https://www.sainsburys.co.uk/shop/gb/groceries/product/details/flowers---seeds/valentines-dazzle-bouquet', 'Valentines Dazzle Bouquet', '1p', '1p / ea')
('https://www.sainsburys.co.uk/shop/gb/groceries/product/details/flowers---seeds/iris-dog', 'Iris Dog', '1p', '1p / ea')
('https://www.sainsburys.co.uk/shop/gb/groceries/product/details/flowers---seeds/novelty-cat-ceramic', 'Novelty Cat Ceramic', '£6.00', '£6.00 / ea')
('https://www.sainsburys.co.uk/shop/gb/groceries/product/details/flowers---seeds/novelty-outdoor-snowman', 'Novelty Outdoor Snowman', '1p', '1p / ea')
('https://www.sainsburys.co.uk/shop/gb/groceries/product/details/flowers---seeds/sainsburys-beautiful-mum-bouquet-8016378-p-44', "Sainsbury's Beautiful Mum Bouquet", '£25.00', '£25.00 / ea')
('https://www.sainsburys.co.uk/shop/gb/groceries/product/details/flowers---seeds/3x-hyacinth-bulbs', "Sainsbury's Hyacinth Basket Gift x3", '£5.00', '£5.00 / ea')
('https://www.sainsburys.co.uk/shop/gb/groceries/product/details/flowers---seeds/meadow-mix-planter', "Meadow Mix Planter by Sainsbury's", '£10.00', '£10.00 / ea')
('https://www.sainsburys.co.uk/shop/gb/groceries/product/details/flowers---seeds/sainsburys-dahlia-pastel-mix-bulbs', "Sainsbury's Dahlia Pastel Mix Bulbs", '£4.00', '£4.00 / ea')
('https://www.sainsburys.co.uk/shop/gb/groceries/product/details/flowers---seeds/sainsburys-mothers-day-toy-plant-gift-set', 'Toy & Kalanchoe Gift Box', '£5.00', '£5.00 / ea')
('https://www.sainsburys.co.uk/shop/gb/groceries/product/details/loose-produce/sainsburys-limes', "Sainsbury's Limes", '19p', '19p / ea')
('https://www.sainsburys.co.uk/shop/gb/groceries/product/details/loose-produce/sainsburys-spring-onions-bunch-100g', "Sainsbury's Spring Onions Bunch 100g", '37p', '37p / ea')
('https://www.sainsburys.co.uk/shop/gb/groceries/product/details/loose-produce/sainsburys-orange-pepper', "Sainsbury's Orange Pepper", '45p', '45p / ea')
('https://www.sainsburys.co.uk/shop/gb/groceries/product/details/loose-produce/sainsburys-cox-apples-loose', "Sainsbury's Cox Apples Loose", '£1.85 / kg', '£1.85 / kg')
('https://www.sainsburys.co.uk/shop/gb/groceries/product/details/loose-produce/sainsburys-brussels-sprouts-loose', "Sainsbury's Brussels Sprouts Loose", '£1.20 / kg', '£1.20 / kg')
('https://www.sainsburys.co.uk/shop/gb/groceries/product/details/loose-produce/sainsburys-red-cabbage-loose', "Sainsbury's Red Cabbage Loose", '80p / kg', '80p / kg')
('https://www.sainsburys.co.uk/shop/gb/groceries/product/details/loose-produce/sainsburys-mango-so-organic', "Sainsbury's Mango, SO Organic", '£1.50', '£1.50 / ea')
('https://www.sainsburys.co.uk/shop/gb/groceries/product/details/loose-produce/sainsburys-british-royal-gala-apple-single-c', "Sainsbury's Royal Gala Apple Single", '30p', '30p / ea')
('https://www.sainsburys.co.uk/shop/gb/groceries/product/details/loose-produce/sainsburys-aubergine', "Sainsbury's Aubergine", '60p', '60p / ea')
('https://www.sainsburys.co.uk/shop/gb/groceries/product/details/loose-produce/sainsburys-butternut-squash-loose', "Sainsbury's Butternut Squash Loose", '£1.50 / kg', '£1.50 / kg')
('https://www.sainsburys.co.uk/shop/gb/groceries/product/details/loose-produce/sainsburys-tomatoes-loose', "Sainsbury's Tomatoes Loose", '£1.75 / kg', '£1.75 / kg')
('https://www.sainsburys.co.uk/shop/gb/groceries/product/details/loose-produce/sainsburys-carrots-loose', "Sainsbury's Carrots Loose", '41p / kg', '41p / kg')
('https://www.sainsburys.co.uk/shop/gb/groceries/product/details/loose-produce/sainsburys-wholehead-cauliflower--basics', 'Imperfectly Tasty Cauliflower', '69p', '69p / ea')
('https://www.sainsburys.co.uk/shop/gb/groceries/product/details/loose-produce/sainsburys-loose-fresh-horseradish', "Sainsbury's Loose Fresh Horseradish", '£8.50 / kg', '£8.50 / kg')
('https://www.sainsburys.co.uk/shop/gb/groceries/product/details/loose-produce/sainsburys-avocado-hass--large', 'By Sainsbury’s Large Ripe & Ready Avocado', '£1.00', '£1.00 / ea')
('https://www.sainsburys.co.uk/shop/gb/groceries/product/details/loose-produce/sainsburys-butternut-squash-so-organic-loose', "Sainsbury's Butternut Squash, SO Organic Loose", '£1.90 / kg', '£1.90 / kg')
('https://www.sainsburys.co.uk/shop/gb/groceries/product/details/loose-produce/sainsburys-sweet-potatoes-loose', "Sainsbury's Sweet Potatoes Loose", '£1.10 / kg', '£1.10 / kg')
('https://www.sainsburys.co.uk/shop/gb/groceries/product/details/loose-produce/sainsburys-satsumas-loose', "Sainsbury's Satsumas Loose", '£2.90 / kg', '£2.90 / kg')
('https://www.sainsburys.co.uk/shop/gb/groceries/product/details/loose-produce/sainsburys-baking-potatoes-loose', "Sainsbury's Baking Potatoes Loose", '83p / kg', '83p / kg')
('https://www.sainsburys.co.uk/shop/gb/groceries/product/details/loose-produce/sainsburys-granny-smith-apple-loose', "Sainsbury's Granny Smith Apple Loose", '£1.85 / kg', '£1.85 / kg')
('https://www.sainsburys.co.uk/shop/gb/groceries/product/details/loose-produce/sainsburys-golden-delicious-apples-loose', "Sainsbury's Golden Delicious Apples Loose", '£1.85 / kg', '£1.85 / kg')
('https://www.sainsburys.co.uk/shop/gb/groceries/product/details/loose-produce/sainsburys-large-kiwi-fruit-single', "Sainsbury's Large Kiwi Fruit Single", '30p', '30p / ea')
('https://www.sainsburys.co.uk/shop/gb/groceries/product/details/loose-produce/sainsburys-nectarine-single', "Sainsbury's Nectarine Single", '25p', '25p / ea')
('https://www.sainsburys.co.uk/shop/gb/groceries/product/details/loose-produce/sainsburys-giant-mango-single', "Sainsbury's Giant Mango Single", '£1.70', '£1.70 / ea')
('https://www.sainsburys.co.uk/shop/gb/groceries/product/details/loose-produce/sainsburys-lemons', "Sainsbury's Lemons", '30p', '30p / ea')
('https://www.sainsburys.co.uk/shop/gb/groceries/product/details/loose-produce/sainsburys-dhudi', "Sainsbury's Dhudi", '£1.60', '£1.60 / ea')
('https://www.sainsburys.co.uk/shop/gb/groceries/product/details/loose-produce/sainsburys-braeburn-apple-single', "Sainsbury's Braeburn Apple Single", '30p', '30p / ea')
('https://www.sainsburys.co.uk/shop/gb/groceries/product/details/vegetarian-food/tofoo-co-spicy-sweet-chilli-bites-225g', 'The Tofoo Co. Crispy Spicy Sweet Chilli Bites 225g', '£2.50', '£11.11 / kg')
('https://www.sainsburys.co.uk/shop/gb/groceries/product/details/vegetarian-food/plant-pioneers-smoky-vacon-rashers-88g', 'Plant Pioneers Smoky Vacon Rashers x8 88g', '£2.00', '£22.73 / kg')
('https://www.sainsburys.co.uk/shop/gb/groceries/product/details/vegetarian-food/sainsburys-2-goats-cheese-red-onion-pies-370g', "Sainsbury's Goats Cheese & Caramelised Onion Pies x2 370g", '£1.50', '£4.05 / kg')
('https://www.sainsburys.co.uk/shop/gb/groceries/product/details/vegetarian-food/eat-natural-simply-vegan-peanuts-coconut-and-chocolate-fruit-nut-bars-3-x-45g', 'Eat Natural Simply Vegan Peanuts, Coconut and Chocolate Fruit & Nut Bars 3 x 45g', '£2.00', '£1.48 / 100g')
('https://www.sainsburys.co.uk/shop/gb/groceries/product/details/vegetarian-food/plant-power-veggie-ribz-sweet-n-smoky-bbq-300g', 'Plant Power Tempeh Spare Ribz Sticky BBQ Sauce 280g', '£3.50', '£12.50 / kg')
('https://www.sainsburys.co.uk/shop/gb/groceries/product/details/vegetarian-food/squeaky-bean-fishless-fingers-216g', 'Squeaky Bean Fishless Fingers 216g', '£2.50', '£11.57 / kg')
('https://www.sainsburys.co.uk/shop/gb/groceries/product/details/vegetarian-food/promise-gluten-free-soft-white-loaf-480g', 'Promise Gluten Free Soft White Loaf 480g', '£3.00', '63p / 100g')
('https://www.sainsburys.co.uk/shop/gb/groceries/product/details/vegetarian-food/ben---jerrys-non-dairy-coconutterly-carameld-ice-cream-500ml-7954091-p', "Ben & Jerry's Non-Dairy Save Our Swirled Now Vegan Ice Cream 465ml", '£5.00', '£1.08 / 100ml')
('https://www.sainsburys.co.uk/shop/gb/groceries/product/details/vegetarian-food/halo-top-dairy-free-peanut-butter-cup-low-calorie-ice-cream-473ml', 'Halo Top Dairy Free Peanut Butter Cup Low Calorie Ice Cream 473ml', '£5.00', '£1.06 / 100ml')
('https://www.sainsburys.co.uk/shop/gb/groceries/product/details/vegetarian-food/quorn-vegetarian-lasagne-ready-meal-400g', 'Quorn Vegetarian Lasagne Ready Meal 400g', '£3.00', '£7.50 / kg')
('https://www.sainsburys.co.uk/shop/gb/groceries/product/details/vegetarian-food/koko-dairy-free-super-drink-1l', 'Koko Dairy Free Super Drink 1L', '£1.50', '£1.50 / ltr')
('https://www.sainsburys.co.uk/shop/gb/groceries/product/details/vegetarian-food/sainsburys-love-your-veg!-beetroot-quinoa-kale-falafels-x8-160g', "Sainsbury's Love Your Veg! Beetroot, Quinoa & Kale Falafels x8 160g", '£2.00', '£12.50 / kg')
('https://www.sainsburys.co.uk/shop/gb/groceries/product/details/vegetarian-food/oatly-the-original-oat-drink-whole-1l', 'Oatly Oat Drink Whole Chilled 1L', '£1.80', '£1.80 / ltr')
('https://www.sainsburys.co.uk/shop/gb/groceries/product/details/vegetarian-food/sainsburys-conegliano-prosecco--taste-the-difference-20cl', "Sainsbury's Conegliano Prosecco, Taste the Difference (Small bottle) 20cl", '£3.00', '£10.50 / 70cl')
('https://www.sainsburys.co.uk/shop/gb/groceries/product/details/vegetarian-food/mcintosh-macaroni-cheese-400g', 'Mcintosh Macaroni Cheese 400g (Serves 2)', '£2.40', '£6.00 / kg')
('https://www.sainsburys.co.uk/shop/gb/groceries/product/details/vegetarian-food/sainsburys-spinach---ricotta-cannelloni--be-good-to-yourself-400g', "Sainsbury's Spinach & Ricotta Cannelloni, Be Good To Yourself 400g (Serves 1)", '£2.00', '£5.00 / kg')
('https://www.sainsburys.co.uk/shop/gb/groceries/product/details/vegetarian-food/loma-linda-tuno-in-spring-water-142g', 'Loma Linda Tuno in Spring Water 142g', '£1.00', '71p / 100g')
('https://www.sainsburys.co.uk/shop/gb/groceries/product/details/vegetarian-food/nurish-camembert-style-150g', 'Nurishh Plant Based Alternative to Camembert 140g', '£3.50', '£23.33 / kg')
('https://www.sainsburys.co.uk/shop/gb/groceries/product/details/vegetarian-food/richmond-thick-frozen-meat-free-sausages-320g', 'Richmond Thick Frozen Meat Free Vegan Sausages x8 320g', '£2.00', '£6.25 / kg')
('https://www.sainsburys.co.uk/shop/gb/groceries/product/details/vegetarian-food/richmond-frozen-meat-free-burgers-x4-280g', 'Richmond Frozen Meat Free Vegan Burgers x4 280g', '£2.50', '£8.92 / kg')
('https://www.sainsburys.co.uk/shop/gb/groceries/product/details/vegetarian-food/tofoo-co-crispy-original-chunkies-200g', 'Tofoo Co Crispy Original Chunkies 200g', '£2.25', '£11.25 / kg')
('https://www.sainsburys.co.uk/shop/gb/groceries/product/details/vegetarian-food/sainsburys-my-goodness-jerk-style-jackfruit-with-sweet-potato-380g', "Sainsbury's My Goodness! Vegan Jerk Style Jackfruit with Sweet Potato 380g", '£3.00', '£7.89 / kg')
('https://www.sainsburys.co.uk/shop/gb/groceries/product/details/vegetarian-food/gosh!-moroccan-spiced-veg-bites-56g', 'Gosh! Moroccan Spiced Veg Bites 56g', '£1.00', '£17.86 / kg')
('https://www.sainsburys.co.uk/shop/gb/groceries/product/details/vegetarian-food/nooj-almond-150g', 'Nooj Creamy Almond Paste 150g', '£3.50', '£23.33 / ltr')
('https://www.sainsburys.co.uk/shop/gb/groceries/product/details/vegetarian-food/plant-pioneers-no-cheez-sauce-350g', 'Plant Pioneers No Cheez Sauce 350g', '£1.25', '£3.57 / kg')
('https://www.sainsburys.co.uk/shop/gb/groceries/product/details/vegetarian-food/plant-pioneers-tomato-mascarphone-350g', 'Plant Pioneers Tomato & Mascarphone 350g', '£1.25', '£3.57 / kg')
('https://www.sainsburys.co.uk/shop/gb/groceries/product/details/vegetarian-food/saclas-vegan-blue-cheese-dressing-230ml', "Sacla's Vegan Blue Cheese Dressing 230ml", '£2.00', '87p / 100g')
('https://www.sainsburys.co.uk/shop/gb/groceries/product/details/vegetarian-food/raw-halo-mylk-vanilla-organic-raw-chocolate-70g', 'Raw Halo Mylk & Vanilla Organic Raw Chocolate 70g', '£2.75', '£3.93 / 100g')
('https://www.sainsburys.co.uk/shop/gb/groceries/product/details/vegetarian-food/plant-pioneers-vegan-gravy-300g', 'Plant Pioneers Vegan Gravy 300g', '£1.75', '£5.83 / kg')
('https://www.sainsburys.co.uk/shop/gb/groceries/product/details/vegetarian-food/plant-pioneer-no-duck-spring-roll-200g', 'Plant Pioneers No Duck Spring Roll 200g', '£2.25', '£11.25 / kg')
('https://www.sainsburys.co.uk/shop/gb/groceries/product/details/vegetarian-food/jord-oat-barley-1l', 'Jörd Organic Oat & Barley Drink 1L', '£1.80', '£1.80 / ltr')
('https://www.sainsburys.co.uk/shop/gb/groceries/product/details/vegetarian-food/holy-moly:-banana-nut-shake-750ml', 'Holy Moly Banana Nut Shake 750ml', '£3.80', '£5.07 / ltr')
('https://www.sainsburys.co.uk/shop/gb/groceries/product/details/vegetarian-food/tideford-org-risotto-verde-300g', 'Tideford Organics Risotto Verde 300g', '£2.80', '£9.33 / kg')
('https://www.sainsburys.co.uk/shop/gb/groceries/product/details/vegetarian-food/caleño-juniper-inca-berry-50cl', 'Caleño Light & Zesty Tropical Non-Alcoholic Spirit 500ml', '£18.00', '£36.00 / ltr')
('https://www.sainsburys.co.uk/shop/gb/groceries/product/details/vegetarian-food/pipers-wild-thyme-rosemary-150g', 'Pipers Atlas Mountains Wild Thyme & Rosemary Sharing Crisps 150g', '£2.50', '£1.67 / 100g')
('https://www.sainsburys.co.uk/shop/gb/groceries/product/details/vegetarian-food/alpro-vanilla-almond-dessert-2x113g-226g-', 'Alpro Low Calorie Almond Vanilla Dessert x2 113g', '£1.50', '56p / 100g')
('https://www.sainsburys.co.uk/shop/gb/groceries/product/details/vegetarian-food/this-isnt-bacon', "This Isn't Bacon Plant-Based Rashers 120g", '£2.40', '£20.00 / kg')
('https://www.sainsburys.co.uk/shop/gb/groceries/product/details/vegetarian-food/frys-vegan-soy-flaxseed-escalope-150g', "Fry's Vegan Soy & Flaxseed Escalope 150g", '£1.75', '£11.67 / kg')
('https://www.sainsburys.co.uk/shop/gb/groceries/product/details/vegetarian-food/sainsburys-ff-vegetable-gravy-granules-170g', "Sainsbury's Deliciously Free From Vegetable Gravy Granules 170g", '£1.80', '£1.06 / 100g')
('https://www.sainsburys.co.uk/shop/gb/groceries/product/details/vegetarian-food/sainsburys-no-duck-spring-rolls-180g', "Sainsbury's Vegan No Duck Spring Rolls x10 180g", '£1.80', '£10.00 / kg')
('https://www.sainsburys.co.uk/shop/gb/groceries/product/details/vegetarian-food/lyv!-butternut-squash-rosti-stack-346g', "Sainsbury's Love Your Veg! Butternut Squash Stack 316g", '£3.50', '£11.08 / kg')
('https://www.sainsburys.co.uk/shop/gb/groceries/product/details/gifting-special-offers/cadbury-heroes-chocolate-carton-323g', 'Cadbury Heroes Chocolate Carton 290g', '£2.00', '69p / 100g')
('https://www.sainsburys.co.uk/shop/gb/groceries/product/details/gifting-special-offers/elizabeth-shaw-coconut---hazelnut-biscuits-140g', 'Elizabeth Shaw Coconut & Hazelnut Biscuits 140g', '£1.00', '71p / 100g')
('https://www.sainsburys.co.uk/shop/gb/groceries/product/details/gifting-special-offers/montezumas-dark-chocolate-absolute-black-100-cocoa-90g', "Montezuma's Dark Chocolate Absolute Black 100% Cocoa 90g", '£2.00', '£2.22 / 100g')
('https://www.sainsburys.co.uk/shop/gb/groceries/product/details/new-trending-special-offers/deliciously-ella-bircher-muesli-500g', 'Deliciously Ella Bircher Muesli 500g', '£4.00', '80p / 100g')
('https://www.sainsburys.co.uk/shop/gb/groceries/product/details/new-trending-special-offers/papermate-inkjoy-liquid-4pk-black-133516385-p', 'Papermate Inkjoy liquid 4pk Black', '£6.00', '£6.00 / ea')
('https://www.sainsburys.co.uk/shop/gb/groceries/product/details/new-trending-special-offers/centrum-multigummies-for-adults-orange-30-gummies', 'Centrum MultiGummies for Adults Orange 30 Gummies', '£6.50', '22p / ea')
('https://www.sainsburys.co.uk/shop/gb/groceries/product/details/new-trending-special-offers/hyde-wilde-session-pale-ale-330ml', 'Hyde & Wilde Session Pale Ale 330ml', '£1.50', '£4.55 / ltr')
('https://www.sainsburys.co.uk/shop/gb/groceries/product/details/new-trending-special-offers/balance-me-radiance-face-mask-75ml', 'Balance Me Radiance Face Mask 75ml', '£10.50', '£14.00 / 100ml')
('https://www.sainsburys.co.uk/shop/gb/groceries/product/details/new-trending-special-offers/super-facialist-clay-mask-125ml', 'Super Facialist Pore Purifying Clay Mask 125ml', '£6.50', '£5.20 / 100ml')
('https://www.sainsburys.co.uk/shop/gb/groceries/product/details/new-trending-special-offers/sainsburys-manzanilla-olives-with-garlic---herbs-300g', "Sainsbury's Manzanilla Olives With Garlic & Herbs 300g", '£2.75', '92p / 100g')
('https://www.sainsburys.co.uk/shop/gb/groceries/product/details/new-trending-special-offers/heinz-no-added-sugar-cream-of-tomato-soup-400g', 'Heinz No Added Sugar Cream of Tomato Soup 400g', '£1.00', '25p / 100g')
('https://www.sainsburys.co.uk/shop/gb/groceries/product/details/new-trending-special-offers/sainsburys-home-correction-pen-132249158-p', "Sainsbury's Home Correction Pen", '£1.00', '£1.00 / ea')
('https://www.sainsburys.co.uk/shop/gb/groceries/product/details/new-trending-special-offers/sainsburys-home-retractable-soft-grip-black-ink-p-132188279-p', "Sainsbury's Home Stylus Retractable Pens 5 pk Black", '£2.50', '£2.50 / ea')
('https://www.sainsburys.co.uk/shop/gb/groceries/product/details/new-trending-special-offers/pukka-organic-turmeric-gold-herbal-tea-bags-x20', 'Pukka Organic Turmeric Gold Herbal Tea Bags x20', '£3.00', '£8.33 / 100g')
('https://www.sainsburys.co.uk/shop/gb/groceries/product/details/new-trending-special-offers/the-coconut-collaborative-yogurt-alternative--madagascan-vanilla-350g', 'The Coconut Collaborative Yogurt Alternative, Madagascan Vanilla 350g', '£2.50', '71p / 100g')
('https://www.sainsburys.co.uk/shop/gb/groceries/product/details/new-trending-special-offers/sainsburys-spinach---ricotta-tortelloni--taste-the-difference-250g', "Sainsbury's Spinach & Ricotta Tortelloni, Taste the Difference 250g", '£3.00', '£12.00 / kg')
('https://www.sainsburys.co.uk/shop/gb/groceries/product/details/new-trending-special-offers/sainsburys-ham-sandwich--no-mayo', "Sainsbury's Ham Sandwich, No Mayo", '£1.25', '£1.25 / ea')
('https://www.sainsburys.co.uk/shop/gb/groceries/product/details/new-trending-special-offers/sainsburys-home-dual-hole-metal-sharpener-131409463-p', "Sainsbury's Home Dual Hole Metal Sharpener", '£1.00', '£1.00 / ea')
('https://www.sainsburys.co.uk/shop/gb/groceries/product/details/new-trending-special-offers/bic-4-colour-with-mechanical-pencil-130964748-p', 'Bic 4 Colour With Mechanical Pencil', '£3.00', '£3.00 / ea')
('https://www.sainsburys.co.uk/shop/gb/groceries/product/details/new-trending-special-offers/journeys-end-bluegum-merlot-75cl', 'Journeys End Bluegum Merlot 75cl', '£10.00', '£10.00 / 75cl')
('https://www.sainsburys.co.uk/shop/gb/groceries/product/details/new-trending-special-offers/trop-kids-orange-6x150ml', 'Tropicana Little Bottles Orange Juice Smooth 6x150ml', '£3.00', '33p / 100ml')
('https://www.sainsburys.co.uk/shop/gb/groceries/product/details/new-trending-special-offers/street-kitchen-teriyaki-chicken-255g', 'Street Kitchen Asian Scratch Kit Japanese Teriyaki Chicken 255g', '£2.90', '£1.14 / 100g')
('https://www.sainsburys.co.uk/shop/gb/groceries/product/details/new-trending-special-offers/sainsburys-king-prawn-spaghehetti--taste-the-difference-400g', "Sainsbury's King Prawn Spaghetti with Tomato & Chilli, Taste the Difference 400g (Serves 1)", '£3.00', '£7.50 / kg')
('https://www.sainsburys.co.uk/shop/gb/groceries/product/details/new-trending-special-offers/papermate-inkjoy-100-black-8pk-129745880-p', 'Papermate Inkjoy 100 8pk Black', '£3.00', '£3.00 / ea')
('https://www.sainsburys.co.uk/shop/gb/groceries/product/details/new-trending-special-offers/cadbury-dairy-milk-x9-293g', 'Cadbury Dairy Milk Multipack 10x292.5g', '£2.50', '99p / 100g')
('https://www.sainsburys.co.uk/shop/gb/groceries/product/details/new-trending-special-offers/bare-naked-noodles-380g', 'Bare Naked Noodles 250g', '£2.00', '80p / 100g')
('https://www.sainsburys.co.uk/shop/gb/groceries/product/details/new-trending-special-offers/sainsburys-my-goodness!-laksa-chicken-noodle-bowl-360g', "Sainsbury's Laksa Chicken Noodle Bowl 360g (Serves 1)", '£3.25', '£8.55 / kg')
('https://www.sainsburys.co.uk/shop/gb/groceries/product/details/new-trending-special-offers/uni-ball-air-pens-black-x2', 'Uni-Ball Air 2pk Black', '£5.00', '£5.00 / ea')
('https://www.sainsburys.co.uk/shop/gb/groceries/product/details/new-trending-special-offers/sainsburys-half-ciabatta--taste-the-difference-x2', "Sainsbury's Half Ciabatta, Taste the Difference x2", '£1.75', '88p / ea')
('https://www.sainsburys.co.uk/shop/gb/groceries/product/details/new-trending-special-offers/pilot-frixion-rollerball-blue-pens-x3', 'Pilot Frixion Erasable Rollerball 3pk Blue', '£7.00', '£7.00 / ea')
('https://www.sainsburys.co.uk/shop/gb/groceries/product/details/new-trending-special-offers/papermate-inkjoy-300-retractable-assorted-4pk-127905510-p', 'Papermate Inkjoy 300Rt 4pk Assorted', '£4.00', '£4.00 / ea')
('https://www.sainsburys.co.uk/shop/gb/groceries/product/details/new-trending-special-offers/coconut-collaborative-natural-yogurt-120g', 'The Coconut Collaborative Yogurt Alternative Natural 120g', '£1.10', '92p / 100g')
('https://www.sainsburys.co.uk/shop/gb/groceries/product/details/new-trending-special-offers/pilot-frixion-rollerball-black-pens-x3', 'Pilot Frixion Erasable Rollerball 3pk Black', '£7.00', '£7.00 / ea')
('https://www.sainsburys.co.uk/shop/gb/groceries/product/details/new-trending-special-offers/bic-4-colour-pen-122336231-p', 'Bic 4 Colour Pen', '£2.50', '£2.50 / ea')
('https://www.sainsburys.co.uk/shop/gb/groceries/product/details/new-trending-special-offers/helix-180-protractor-10cm-125815828-p', 'Helix 180 Protractor 10cm', '£1.00', '£1.00 / ea')
('https://www.sainsburys.co.uk/shop/gb/groceries/product/details/new-trending-special-offers/sainsburys-beef-meatballs--taste-the-difference-400g', "Sainsbury's Beef Meatballs, Taste the Difference 350g", '£2.75', '£7.86 / kg')
('https://www.sainsburys.co.uk/shop/gb/groceries/product/details/new-trending-special-offers/sainsburys-french-style-dressing-180ml', "Sainsbury's French Style Dressing 180ml", '£1.30', '72p / 100ml')
('https://www.sainsburys.co.uk/shop/gb/groceries/product/details/new-trending-special-offers/sainsburys-my-goodness!-chargrill-vegetable-risotto-380g', "Sainsbury's My Goodness! Mediterranean Vegetable Risotto 380g (Serves 1)", '£3.25', '£8.55 / kg')
('https://www.sainsburys.co.uk/shop/gb/groceries/product/details/new-trending-special-offers/innocent-bubbles-lemon--lime---apple-330ml', 'Innocent Bubbles Sparkling Lemon & Lime 330ml', '£1.50', '45p / 100ml')
('https://www.sainsburys.co.uk/shop/gb/groceries/product/details/simple-meals/sainsburys-my-goodness!-silky-butternut-squash-risotto-350g', "Sainsbury's Silky Butternut Squash Risotto 350g (Serves 1)", '£2.50', '£7.14 / kg')
('https://www.sainsburys.co.uk/shop/gb/groceries/product/details/simple-meals/sainsburys-cocktail-sausages-x40', "Sainsbury's Pork Cocktail Sausages x40 400g", '£2.00', '50p / 100g')
('https://www.sainsburys.co.uk/shop/gb/groceries/product/details/simple-meals/new-covent-garden-slow-roast-tomato-soup-600g', 'New Covent Garden Slow Roast Tomato Soup 560g', '£2.00', '36p / 100g')
('https://www.sainsburys.co.uk/shop/gb/groceries/product/details/simple-meals/sainsburys-chicken-mushroom-pie-400g', "Sainsbury's Classics Chicken & Mushroom Potato Topped Pie 400g (Serves 1)", '£2.50', '£6.25 / kg')
('https://www.sainsburys.co.uk/shop/gb/groceries/product/details/simple-meals/sainsburys-chicken-ham-bake-400g', "Sainsbury's Classics Chicken & Ham Bake 400g (Serves 1)", '£3.00', '£7.50 / kg')
('https://www.sainsburys.co.uk/shop/gb/groceries/product/details/simple-meals/sainsburys-ham-honey-mustard-sauce-400g', "Sainsbury's Classics Ham with Honey & Mustard Sauce 400g (Serves 1)", '£2.80', '£7.00 / kg')
('https://www.sainsburys.co.uk/shop/gb/groceries/product/details/simple-meals/sainsburys-chicken-gravy-shortcrust-pastry-pie-200g', "Sainsbury's Chicken & Gravy Shortcrust Pastry Pie 200g", '£1.50', '75p / 100g')
('https://www.sainsburys.co.uk/shop/gb/groceries/product/details/simple-meals/twistd-flavour-co-american-inspired-chicken-corn-chowder-soup-100g', 'Twistd Flavour Co American Inspired Chicken Corn Chowder Soup 100g', '80p', '80p / 100g')
('https://www.sainsburys.co.uk/shop/gb/groceries/product/details/simple-meals/strong-rts-mixd-root-vgetable-fries-500g', 'Strong Roots Mixed Root Vegetable Fries 500g', '£3.00', '£6.00 / kg')
('https://www.sainsburys.co.uk/shop/gb/groceries/product/details/simple-meals/sainsburys-creamy-garlic-chkn-tagliatelle-400g', "Sainsbury's Creamy Garlic Chicken Tagliatelle 400g", '£2.00', '£5.00 / kg')
('https://www.sainsburys.co.uk/shop/gb/groceries/product/details/simple-meals/strong-roots-spinach-bites-375g', 'Strong Roots Spinach Bites 375g', '£3.00', '£8.00 / kg')
('https://www.sainsburys.co.uk/shop/gb/groceries/product/details/simple-meals/la-famiglia-rana-aubergine-parmigiana-fresh-tortelloni-250g', 'La Famiglia Rana Aubergine Parmigiana Fresh Tortelloni 250g', '£2.00', '£8.00 / kg')
('https://www.sainsburys.co.uk/shop/gb/groceries/product/details/simple-meals/sainsburys-tomato-and-chilli-chicken-400g-serves-1-', 'JS Chicken Arrabbiata 400g', '£2.00', '£5.00 / kg')
('https://www.sainsburys.co.uk/shop/gb/groceries/product/details/simple-meals/sainsburys-porcini---mascarpone-margherite--taste-the-difference-250g', "Sainsbury's Porcini & Mascarpone Margherite, Taste the Difference 250g", '£3.00', '£12.00 / kg')
('https://www.sainsburys.co.uk/shop/gb/groceries/product/details/simple-meals/sainsburys-prosciutto-mushroom---mascarpone-pizza--taste-the-difference-500g', "Sainsbury's Prosciutto Mushroom & Mascarpone Pizza, Taste the Difference 480g", '£4.50', '£9.38 / kg')
('https://www.sainsburys.co.uk/shop/gb/groceries/product/details/simple-meals/pizza-express-la-reine-290g', 'Pizza Express La Reine 290g', '£2.50', '£8.62 / kg')
('https://www.sainsburys.co.uk/shop/gb/groceries/product/details/simple-meals/sainsburys-stonebaked-ham---pineapple-pizza-10', "Sainsbury's Stonebaked Ham & Pineapple Hand Stretched Pizza 295g", '£3.00', '£10.17 / kg')
('https://www.sainsburys.co.uk/shop/gb/groceries/product/details/simple-meals/sainsburys-paella--taste-the-difference-bistro-800g', "Sainsbury's Chicken & King Prawn Paella, Taste the Difference 800g (Serves 2)", '£6.00', '£7.50 / kg')
('https://www.sainsburys.co.uk/shop/gb/groceries/product/details/simple-meals/pizza-express-sloppy-guiseppe-8-pizza', 'Pizza Express Sloppy Guiseppe Pizza 305g', '£2.50', '£8.20 / kg')
('https://www.sainsburys.co.uk/shop/gb/groceries/product/details/simple-meals/sainsburys-indian-vegetable-samosas-x4-200g', "Sainsbury's Indian Vegetable Samosas x4 200g", '£1.50', '£7.50 / kg')
('https://www.sainsburys.co.uk/shop/gb/groceries/product/details/simple-meals/sainsburys-indian-snack-selection-288g', "Sainsbury's Indian Snack Selection 288g", '£2.00', '£6.94 / kg')
('https://www.sainsburys.co.uk/shop/gb/groceries/product/details/simple-meals/new-covent-garden-carrot---coriander-soup-600g', 'New Covent Garden Carrot & Coriander Soup 560g', '£2.00', '36p / 100g')
('https://www.sainsburys.co.uk/shop/gb/groceries/product/details/simple-meals/sainsburys-beef-lasagne-800g', "Sainsbury's Beef Lasagne 750g (Serves 2)", '£3.50', '£4.67 / kg')
('https://www.sainsburys.co.uk/shop/gb/groceries/product/details/simple-meals/sainsburys-sausage-filled-yorkshire-500g', "Sainsbury's Mains Pub Classics Sausage Filled Yorkshire 500g (Serves 1)", '£3.00', '£6.00 / kg')
('https://www.sainsburys.co.uk/shop/gb/groceries/product/details/simple-meals/sainsburys-pub-bbq-chicken-470g', "Sainsbury's Pub Classics BBQ Chicken 470g (Serves 1)", '£3.00', '£6.39 / kg')
('https://www.sainsburys.co.uk/shop/gb/groceries/product/details/simple-meals/sainsburys-deep-fill-fish-pie-500g', "Sainsbury's Classics Deep Filled Fish Pie 500g", '£3.30', '£6.60 / kg')
('https://www.sainsburys.co.uk/shop/gb/groceries/product/details/simple-meals/sainsburys-chicken-gravy-shortcrust-pastry-pie-550g', "Sainsbury's Chicken & Gravy Shortcrust Pastry Pie 500g", '£3.00', '60p / 100g')
('https://www.sainsburys.co.uk/shop/gb/groceries/product/details/simple-meals/sainsburys-steak-kidney-shortcrust-pastry-pie-200g', "Sainsbury's Steak & Kidney Shortcrust Pastry Pie 200g", '£1.50', '75p / 100g')
('https://www.sainsburys.co.uk/shop/gb/groceries/product/details/simple-meals/sainsburys-southern-fried-chicken-goujons-270g', "Sainsbury's Southern Fried Chicken Goujons Takeaway Sides 270g", '£2.00', '£7.41 / kg')
('https://www.sainsburys.co.uk/shop/gb/groceries/product/details/simple-meals/sainsburys-battered-onion-rings-200g', "Sainsbury's Battered Onion Rings Takeaway Sides 200g", '£2.50', '£12.50 / kg')
('https://www.sainsburys.co.uk/shop/gb/groceries/product/details/simple-meals/sainsburys-mozzarella-sticks-x12-240g', "Sainsbury's Mozzarella Sticks Takeaway Sides 240g", '£2.50', '£10.42 / kg')
('https://www.sainsburys.co.uk/shop/gb/groceries/product/details/simple-meals/wasabi-sushi-bento-sweet-chilli-chicken-with-rice-450g', 'Wasabi Sushi & Bento Sweet Chilli Chicken with Rice 450g', '£4.00', '£8.89 / kg')
('https://www.sainsburys.co.uk/shop/gb/groceries/product/details/perfect-cheeseboards/carrs-melts--cheese-150g', "Carr's Melts Cheese 150g", '£1.00', '67p / 100g')
('https://www.sainsburys.co.uk/shop/gb/groceries/product/details/perfect-cheeseboards/nurish-camembert-style-150g', 'Nurishh Plant Based Alternative to Camembert 140g', '£3.50', '£23.33 / kg')
('https://www.sainsburys.co.uk/shop/gb/groceries/product/details/perfect-cheeseboards/sainsburys-roquefort-cheese-taste-the-difference-100g', "Sainsbury's Roquefort Cheese, Taste the Difference 100g", '£1.80', '£18.00 / kg')
('https://www.sainsburys.co.uk/shop/gb/groceries/product/details/perfect-cheeseboards/sainsburys-french-mild-brie-cheese-200g', "Sainsbury's French Mild Brie Cheese 200g", '£1.00', '£5.00 / kg')
('https://www.sainsburys.co.uk/shop/gb/groceries/product/details/perfect-cheeseboards/sainsburys-farm-house-cheddar-truckle-80g', "Sainsbury's Farmhouse Mature Cheddar Cheese Truckle 100g", '1p', '10p / kg')
('https://www.sainsburys.co.uk/shop/gb/groceries/product/details/perfect-cheeseboards/sainsburys-swiss-mature-reserve-gruyere--taste-the-difference-200g', "Sainsbury's Swiss Mature Reserve Gruyere Cheese, Taste the Difference 200g", '£3.00', '£15.00 / kg')
('https://www.sainsburys.co.uk/shop/gb/groceries/product/details/perfect-cheeseboards/sainsburys-emmental-250g', "Sainsbury's Emmental Cheese 250g", '£2.00', '£8.00 / kg')
('https://www.sainsburys.co.uk/shop/gb/groceries/product/details/perfect-cheeseboards/sainsburys-wensleydale--taste-the-difference-240g', "Sainsbury's Wensleydale Cheese, Taste the Difference 240g", '£3.00', '£12.50 / kg')
('https://www.sainsburys.co.uk/shop/gb/groceries/product/details/special-offers-/violife-vegan-sliced-cheese-200g', 'Violife Vegan Sliced Cheese 200g', '£2.50', '£12.50 / kg')
('https://www.sainsburys.co.uk/shop/gb/groceries/product/details/special-offers-/sainsburys-berry-fruit-salad-240g', "Sainsbury's Berry Fruit Salad 240g", '£2.00', '£8.33 / kg')
('https://www.sainsburys.co.uk/shop/gb/groceries/product/details/special-offers-/sainsburys-begonia-gift', "Sainsbury's Begonia in Ceramic", '£5.00', '£5.00 / ea')
('https://www.sainsburys.co.uk/shop/gb/groceries/product/details/special-offers-/sainsburys-pain-de-campagne-round--taste-the-difference-400g', "Sainsbury's Pain De Campagne, Taste the Difference 400g", '£1.70', '43p / 100g')
('https://www.sainsburys.co.uk/shop/gb/groceries/product/details/special-offers-/sainsburys-sough-dough--taste-the-difference-400g', "Sainsbury's Sourdough Pave, Taste the Difference 400g", '£1.70', '43p / 100g')
('https://www.sainsburys.co.uk/shop/gb/groceries/product/details/special-offers-/sainsburys-asparagus-fine-100g', "Sainsbury's Asparagus, Fine 100g", '£1.75', '£17.50 / kg')
('https://www.sainsburys.co.uk/shop/gb/groceries/product/details/special-offers-/sainsburys-green-vegetable-medley-200g', "Sainsbury's Asparagus, Sugar Snaps & Tenderstem Broccoli 200g", '£1.75', '£8.75 / kg')
('https://www.sainsburys.co.uk/shop/gb/groceries/product/details/special-offers-/gu-zillionaires-puds-2x92g', "Gü Zillionaires' Chocolate & Salted Caramel Cheesecake Desserts 2x91.5g", '£2.00', '£1.20 / 100g')
('https://www.sainsburys.co.uk/shop/gb/groceries/product/details/special-offers-/shloer-celebration-white-750ml', 'Shloer White Non Alcoholic Bubbly Sparkling Juice Drink 750ml', '£3.30', '44p / 100ml')
('https://www.sainsburys.co.uk/shop/gb/groceries/product/details/special-offers-/bloom-gin-70cl', 'BLOOM London Dry Gin 70cl', '£20.00', '£28.57 / ltr')
('https://www.sainsburys.co.uk/shop/gb/groceries/product/details/special-offers-/sainsburys-bacon---sausage-wraps-x12-260g', "Sainsbury's Pork Sausage & Bacon Wraps (Pigs In Blankets), Butchers Choice x12 260g", '£3.00', '£11.54 / kg')
('https://www.sainsburys.co.uk/shop/gb/groceries/product/details/special-offers-/nescafe-dolce-gusto-cappuccino-coffee-x16-pods-8-drinks', 'Nescafe Dolce Gusto Cappuccino Coffee x16 Pods, 8 Drinks', '£3.50', '£1.88 / 100g')
('https://www.sainsburys.co.uk/shop/gb/groceries/product/details/special-offers-/sainsburys-blueberry---vanilla-cheesecake--taste-the-difference-950g', "Sainsbury's Blueberry & Vanilla Cheesecake Dessert, Taste the Difference 950g", '£6.00', '63p / 100g')
('https://www.sainsburys.co.uk/shop/gb/groceries/product/details/special-offers-/sainsburys-carrot--cauliflower---broccoli-480g', "Sainsbury's Carrot, Cauliflower & Broccoli 480g", '£1.80', '£3.75 / kg')
('https://www.sainsburys.co.uk/shop/gb/groceries/product/details/special-offers-/ferrero-raffaello-240g', 'Ferrero Rocher Raffaello 240g', '£6.50', '£2.71 / 100g')
('https://www.sainsburys.co.uk/shop/gb/groceries/product/details/special-offers-/sainsburys-bellaverde-broccoli--taste-the-difference-200g', "Sainsbury's Bellaverde Broccoli, Taste the Difference 200g", '£2.00', '£10.00 / kg')
('https://www.sainsburys.co.uk/shop/gb/groceries/product/details/special-offers-/mabel-pearmans-burford-brown-eggs-x6', 'Clarence Court Mabel Pearmans Burford Brown Eggs x6', '£2.50', '42p / ea')
('https://www.sainsburys.co.uk/shop/gb/groceries/product/details/special-offers-/sainsburys-vivaldi-salad-potatoes--taste-the-difference-1kg', "Sainsbury's Vivaldi Salad Potatoes, Taste the Difference 1kg", '£1.60', '£1.60 / kg')
('https://www.sainsburys.co.uk/shop/gb/groceries/product/details/special-offers-/sainsburys-asparagus-tips-100g', "Sainsbury's Asparagus Tips 100g", '£1.75', '£17.50 / kg')
('https://www.sainsburys.co.uk/shop/gb/groceries/product/details/special-offers-/sainsburys-raspberries--taste-the-difference-150g', "Sainsbury's Raspberries, Taste the Difference 150g", '£2.50', '£16.67 / kg')
('https://www.sainsburys.co.uk/shop/gb/groceries/product/details/special-offers-/fage-total-0-natural-fat-free-greek-recipe-strained-yogurt-170g', 'FAGE Total 0% Natural Fat Free Greek Recipe Strained Yogurt 170g', '£1.15', '68p / 100g')
('https://www.sainsburys.co.uk/shop/gb/groceries/product/details/special-offers-/sainsburys-british-free-range-whole-chicken--taste-the-difference-900g---22kg', "Sainsbury's Free Range British Whole Chicken, Taste the Difference (approx.1.7kg)", '£9.74', '£5.50 / kg')
('https://www.sainsburys.co.uk/shop/gb/groceries/product/details/special-offers-/sainsburys-orange-juice--freshly-squeezed--taste-the-difference-15l', "Sainsbury's Freshly Squeezed Orange Juice with Bits, Taste the Difference 1.5L", '£3.25', '22p / 100ml')
('https://www.sainsburys.co.uk/shop/gb/groceries/product/details/special-offers-/sainsburys-freshly-squeezed-orange-juice-with-bits--taste-the-difference-1l', "Sainsbury's Freshly Squeezed Orange Juice with Bits, Taste the Difference 1L", '£2.50', '25p / 100ml')
('https://www.sainsburys.co.uk/shop/gb/groceries/product/details/special-offers-/campo-viejo-rioja-reserva-75cl', 'Campo Viejo Rioja Reserva 75cl', '£8.50', '£8.50 / 75cl')
('https://www.sainsburys.co.uk/shop/gb/groceries/product/details/special-offers-/toblerone-milk-chocolate-400g', 'Toblerone Milk Chocolate Bar 360g', '£5.00', '£1.39 / 100g')
('https://www.sainsburys.co.uk/shop/gb/groceries/product/details/special-offers-/quality-street-matchmakers-cool-mint-chocolate-box-120g-2580739-p', 'Quality Street Matchmakers Cool Mint Chocolate Box 120g', '£1.75', '£1.46 / 100g')
('https://www.sainsburys.co.uk/shop/gb/groceries/product/details/special-offers-/ferrero-rocher-chocolate-x24-300g', 'Ferrero Rocher Chocolate x24 300g', '£6.00', '£2.00 / 100g')
('https://www.sainsburys.co.uk/shop/gb/groceries/product/details/special-offers-/bergerac-grande-reserve-sauvignon-blanc-semillon-75cl', 'Bergerac Grande Reserve Sauvignon Blanc Semillon 75cl', '£6.00', '£6.00 / 75cl')
('https://www.sainsburys.co.uk/shop/gb/groceries/product/details/special-offers-/oatly-chocolate-oat-drink-1l', 'Oatly Oat Drink Chocolate Long Life 1L', '£1.50', '£1.50 / ltr')
('https://www.sainsburys.co.uk/shop/gb/groceries/product/details/special-offers-/oyster-bay-sauvignon-blanc-75cl', 'Oyster Bay Sauvignon Blanc 75cl', '£9.00', '£9.00 / 75cl')
('https://www.sainsburys.co.uk/shop/gb/groceries/product/details/special-offers-/sainsburys-deliciously-free-from-madeira-celebration-cake-716g', "Sainsbury's Deliciously Free From Madeira Celebration Cake 716g (Serves 10)", '£7.00', '98p / 100g')
('https://www.sainsburys.co.uk/shop/gb/groceries/product/details/special-offers-/sainsburys-authentic-fat-free-greek-yogurt-taste-the-difference-500g', "Sainsbury's Authentic Fat Free Greek Yogurt, Taste the Difference 500g", '£1.75', '35p / 100g')
('https://www.sainsburys.co.uk/shop/gb/groceries/product/details/special-offers-/colmans-horseradish-sauce-136g', "Colman's Horseradish Sauce 136g", '£1.00', '74p / 100g')
('https://www.sainsburys.co.uk/shop/gb/groceries/product/details/special-offers-/sainsburys-sourdough-bread--taste-the-difference-400g', "Sainsbury's Sourdough Medium Sliced White Bread, Taste the Difference 400g", '£1.50', '38p / 100g')
('https://www.sainsburys.co.uk/shop/gb/groceries/product/details/special-offers-/the-jolly-hog-smoked-back-bacon-200g', 'The Jolly Hog Smoked Back Bacon 200g', '£2.00', '£10.00 / kg')
('https://www.sainsburys.co.uk/shop/gb/groceries/product/details/special-offers-/rude-health-organic-the-ultimate-granola-500g', 'Rude Health The Ultimate Granola, Organic 500g', '£5.00', '£1.00 / 100g')
('https://www.sainsburys.co.uk/shop/gb/groceries/product/details/special-offers-/jacobs-creek-double-barrel-shiraz-75cl', "Jacob's Creek Double Barrel Matured Shiraz Red Wine 75cl", '£10.00', '£10.00 / 75cl')
('https://www.sainsburys.co.uk/shop/gb/groceries/product/details/special-offers-/sainsburys-freefrom-lemon-cake-slices-x4-192g', "Sainsbury's Deliciously Free From Lemon Cake Slices x4", '£2.00', '£1.45 / 100g')
('https://www.sainsburys.co.uk/shop/gb/groceries/product/details/special-offers-/sainsburys-gerbera-ceramic', "Sainsbury's Gerbera Ceramic (Colours may vary)", '£6.00', '£6.00 / ea')
('https://www.sainsburys.co.uk/shop/gb/groceries/product/details/all-easter-/black-magic-classic-chocolate-favourites-188g', 'Black Magic Classic Chocolate Favourites Box 174g', '£3.00', '£1.73 / 100g')
('https://www.sainsburys.co.uk/shop/gb/groceries/product/details/all-easter-/tyrrells-mixed-root-vegetable-crisps-150g', 'Tyrrells Mixed Root Vegetable Sharing Crisps 125g', '£1.50', '£1.20 / 100g')
('https://www.sainsburys.co.uk/shop/gb/groceries/product/details/all-easter-/sainsburys-pain-au-chocolat-x2', "Sainsbury's Pain Au Chocolat x2", '£1.30', '65p / ea')
('https://www.sainsburys.co.uk/shop/gb/groceries/product/details/all-easter-/sainsburys-sea-salt---cider-vinegar-crisps--taste-the-difference-150g', "Sainsbury's Sea Salt & Cider Vinegar Crisps, Taste the Difference 150g", '£1.00', '67p / 100g')
('https://www.sainsburys.co.uk/shop/gb/groceries/product/details/all-easter-/lindt-lindor-milk-chocolate-200g', 'Lindt Lindor Milk Chocolate Truffles Box 200g', '£4.00', '£2.00 / 100g')
('https://www.sainsburys.co.uk/shop/gb/groceries/product/details/all-easter-/kettle-chips-sea-salt---cracked-black-pepper-150g', 'Kettle Chips Sea Salt & Crushed Black Peppercorns Sharing Crisps 150g', '£1.00', '67p / 100g')
('https://www.sainsburys.co.uk/shop/gb/groceries/product/details/all-easter-/mr-kipling-cherry-bakewells-x6', 'Mr Kipling Cherry Bakewells x6', '£1.60', '27p / ea')
('https://www.sainsburys.co.uk/shop/gb/groceries/product/details/all-easter-/sainsburys-teacakes-x6', "Sainsbury's Teacakes x6", '£1.00', '17p / ea')
('https://www.sainsburys.co.uk/shop/gb/groceries/product/details/all-easter-/sainsburys-classic-cod-in-parsley-sauce-420g', "Sainsbury's Classic Cod In Parsley Sauce 400g (Serves 1)", '£3.50', '£8.75 / kg')
('https://www.sainsburys.co.uk/shop/gb/groceries/product/details/all-easter-/j2o-orange---passion-fruit-4x275ml', 'J2O Orange & Passion Fruit Juice Drink 4x275ml', '£3.50', '32p / 100ml')
('https://www.sainsburys.co.uk/shop/gb/groceries/product/details/all-easter-/j2o-apple---mango-4x275ml', 'J2O Apple & Mango Juice Drink 4x275ml', '£3.50', '32p / 100ml')
('https://www.sainsburys.co.uk/shop/gb/groceries/product/details/all-easter-/sainsburys-strong-white-bread-flour--unbleached-15kg', "Sainsbury's Strong White Unbleached Bread Flour 1.5kg", '£1.05', '70p / kg')
('https://www.sainsburys.co.uk/shop/gb/groceries/product/details/all-easter-/sainsburys-plain-flour-15kg', "Sainsbury's Plain Flour 1.5kg", '45p', '30p / kg')
('https://www.sainsburys.co.uk/shop/gb/groceries/product/details/all-easter-/sainsburys-hot-cross-bun-flavour-infusion-40g', "Sainsbury's Hot Cross Bun Flavour Infusion 40g", '£1.00', '£2.50 / 100g')
('https://www.sainsburys.co.uk/shop/gb/groceries/product/details/all-easter-/by-sainsburys-easter-vegan-cupcakes-x2', "Sainsbury's Easter Cupcakes 118g x2", '£1.50', '£1.15 / 100g')
('https://www.sainsburys.co.uk/shop/gb/groceries/product/details/all-easter-/by-sainsburys-easter-cupcakes-x6-358g', "Sainsbury's Easter Cupcakes 320g x6", '£3.50', '98p / 100g')
('https://www.sainsburys.co.uk/shop/gb/groceries/product/details/all-easter-/emma-bridgewater-easter-card', 'Emma Bridgewater Easter Card', '£2.00', '£2.00 / ea')
('https://www.sainsburys.co.uk/shop/gb/groceries/product/details/all-easter-/cadbury-wispa-gold-large-easter-egg-248g', 'Cadbury Wispa Gold Large Easter Egg 248g', '£3.00', '£1.21 / 100g')
('https://www.sainsburys.co.uk/shop/gb/groceries/product/details/all-easter-/sainsburys-pesto-crusted-atlantic-cod-loins-taste-the-difference-x2-760g', "Sainsbury's Pesto Crusted Atlantic Cod Loins, Taste the Difference x2 760g", '£10.00', '£13.16 / kg')
('https://www.sainsburys.co.uk/shop/gb/groceries/product/details/all-easter-/sainsburys-salmon-hollandaise-mim-fishcake-taste-the-difference-290g', "Sainsbury's Salmon Hollandaise Melting Middle Fishcake, Taste the Difference 290g", '£2.50', '£8.62 / kg')
('https://www.sainsburys.co.uk/shop/gb/groceries/product/details/all-easter-/cocoa-co-belgian-milk-chocolate-egg-150g', 'Cocoa & Co. Belgian Milk Chocolate Egg 150g', '£5.00', '£3.33 / 100g')
('https://www.sainsburys.co.uk/shop/gb/groceries/product/details/all-easter-/raffaello-230g', 'Raffaello Coconut and Almond Pralines Gift Box 230g', '£4.00', '£1.74 / 100g')
('https://www.sainsburys.co.uk/shop/gb/groceries/product/details/all-easter-/sainsburys-luxury-sourdough-crumpets-taste-the-difference-x6', "Sainsbury's Luxury Sourdough Crumpets, Taste the Difference x6", '£1.00', '17p / ea')
('https://www.sainsburys.co.uk/shop/gb/groceries/product/details/all-easter-/new-england-sea-bream-x-2-570g', 'New England Sea Bream x2 520g', '£6.50', '£12.50 / kg')
('https://www.sainsburys.co.uk/shop/gb/groceries/product/details/all-easter-/cadburys-creme-egg-cakes-x6', 'Cadbury Creme Egg Chocolate Cakes x6', '£2.00', '33p / ea')
('https://www.sainsburys.co.uk/shop/gb/groceries/product/details/all-easter-/cocoa-co-caramel-box-130g', 'Cocoa & Co. The Caramel Chocolate Collection 130g', '£6.00', '£4.62 / 100g')
('https://www.sainsburys.co.uk/shop/gb/groceries/product/details/all-easter-/pico-fairtrade-organic-hazelnut-milk-chocolate-bar-80g', 'Pico Fairtrade Organic Hazelnut Milk Chocolate Bar 80g', '£2.95', '£3.69 / 100g')
('https://www.sainsburys.co.uk/shop/gb/groceries/product/details/all-easter-/kit-kat-bunny-pouch-66g', 'Kit Kat Milk Chocolate Mini Bunnies Pouch 66g', '£1.00', '£1.52 / 100g')
('https://www.sainsburys.co.uk/shop/gb/groceries/product/details/all-easter-/ferrero-collection-egg-275g', 'Ferrero Collection Fine Milk Chocolate Egg with 6 Specialities Inside 239.8g', '£13.00', '£5.42 / 100g')
('https://www.sainsburys.co.uk/shop/gb/groceries/product/details/all-easter-/lindt-lindor-salted-caramel-200g', 'Lindt Lindor Salted Caramel Chocolate Truffles Box 200g', '£4.00', '£2.00 / 100g')
('https://www.sainsburys.co.uk/shop/gb/groceries/product/details/all-easter-/sainsburys-crispy-potato-slices-400g', "Sainsbury's Crispy Potato Slices 350g", '£1.80', '£5.14 / kg')
('https://www.sainsburys.co.uk/shop/gb/groceries/product/details/all-easter-/sainsburys-shelled-peas-160g', "Sainsbury's Shelled Peas 160g", '£1.40', '£8.75 / kg')
('https://www.sainsburys.co.uk/shop/gb/groceries/product/details/all-easter-/sainsburys-broccoli-florets-160g', "Sainsbury's Broccoli Florets 160g", '90p', '£5.63 / kg')
('https://www.sainsburys.co.uk/shop/gb/groceries/product/details/all-easter-/sainsburys-lamb-whole-leg', "Sainsbury's Lamb Whole Leg", '£17.60', '£1.10 / 100g')
('https://www.sainsburys.co.uk/shop/gb/groceries/product/details/all-easter-/sainsburys-baby-courgettes-200g', "Sainsbury's Baby Courgettes 200g", '£1.75', '£8.75 / kg')
('https://www.sainsburys.co.uk/shop/gb/groceries/product/details/all-easter-/sainsburys-ready-prepared-baby-potatoes-with-seasoned-butter-385g', "Sainsbury's Baby Potatoes with Herbs & Butter 385g", '£1.00', '£2.60 / kg')
('https://www.sainsburys.co.uk/shop/gb/groceries/product/details/all-easter-/alpro-original-chilled-milk-alternative-1l', 'Alpro Soya Chilled Drink 1L', '£1.55', '£1.55 / ltr')
('https://www.sainsburys.co.uk/shop/gb/groceries/product/details/all-easter-/tropicana-original-orange-juice-with-bits-1l', 'Tropicana Original Orange Juice With Bits 950ml', '£1.50', '16p / 100ml')
('https://www.sainsburys.co.uk/shop/gb/groceries/product/details/all-easter-/cadbury-mini-eggs-chocolate-gateau-370g', 'Cadbury Mini Eggs Chocolate Gateau', '£3.00', '£3.00 / ea')
('https://www.sainsburys.co.uk/shop/gb/groceries/product/details/all-easter-/sainsburys-sticky-toffee-pudding--taste-the-difference-450g', "Sainsbury's Sticky Toffee Pudding Dessert, Taste the Difference 450g", '£3.75', '83p / 100g')
('https://www.sainsburys.co.uk/shop/gb/groceries/product/details/all-easter-/sainsburys-apple-pie-550g', "Sainsbury's Apple Pie Dessert 550g", '£2.80', '51p / 100g')
('https://www.sainsburys.co.uk/shop/gb/groceries/product/details/all-easter-/sainsburys-multiseeded-bloomer--taste-the-difference-400g', "Sainsbury's Multiseed Medium Sliced Half Bloomer, Taste Difference 400g", '£1.20', '30p / 100g')
('https://www.sainsburys.co.uk/shop/gb/groceries/product/details/all-easter-/sainsburys-danish-raisin-whirls-x2', "Sainsbury's Danish Pastry Raisin Whirls x2", '£1.20', '60p / ea')
('https://www.sainsburys.co.uk/shop/gb/groceries/product/details/all-ready-meals-/bells-beef-mince-round-315g', 'Bells Beef Mince Round 315g (Serves 2-3)', '£1.55', '49p / 100g')
('https://www.sainsburys.co.uk/shop/gb/groceries/product/details/all-ready-meals-/sainsburys-garlic-flatbread--taste-the-difference-195g', "Sainsbury's Garlic Flatbread, Taste the Difference 195g", '£2.25', '£1.15 / 100g')
('https://www.sainsburys.co.uk/shop/gb/groceries/product/details/all-ready-meals-/sainsburys-indian-tadka-daal-300g-serves-2-', "Sainsbury's Indian Tadka Daal 300g (Serves 2)", '£2.00', '£6.67 / kg')
('https://www.sainsburys.co.uk/shop/gb/groceries/product/details/all-ready-meals-/sainsburys-chicken-madras-400g', "Sainsbury's Indian Chicken Madras 400g (Serves 2)", '£3.50', '£8.75 / kg')
('https://www.sainsburys.co.uk/shop/gb/groceries/product/details/all-ready-meals-/sainsburys-classic-chicken-hotpot-450g', "Sainsbury's Classic Chicken Hotpot 450g (Serves 1)", '£3.00', '£6.67 / kg')
('https://www.sainsburys.co.uk/shop/gb/groceries/product/details/all-ready-meals-/mcintosh-macaroni-cheese-400g', 'Mcintosh Macaroni Cheese 400g (Serves 2)', '£2.40', '£6.00 / kg')
('https://www.sainsburys.co.uk/shop/gb/groceries/product/details/all-ready-meals-/sainsburys-british-classic-chicken-casserole-450g', "Sainsbury's Classics Chicken Casserole 400g (Serves 1)", '£2.50', '£6.25 / kg')
('https://www.sainsburys.co.uk/shop/gb/groceries/product/details/all-ready-meals-/sainsburys-british-classic-braised-steak-450g', "Sainsbury's British Classic Braised Steak 450g (Serves 1)", '£3.00', '£6.67 / kg')
('https://www.sainsburys.co.uk/shop/gb/groceries/product/details/all-ready-meals-/sainsburys-spinach---ricotta-cannelloni--be-good-to-yourself-400g', "Sainsbury's Spinach & Ricotta Cannelloni, Be Good To Yourself 400g (Serves 1)", '£2.00', '£5.00 / kg')
('https://www.sainsburys.co.uk/shop/gb/groceries/product/details/all-ready-meals-/honest-food-co-chicken-and-black-bean-with-rice-and-steamed-vegetables-400g', 'Honest Food Co Chicken and Black Bean with Rice and Steamed Vegetables 400g', '£4.50', '£11.25 / kg')
('https://www.sainsburys.co.uk/shop/gb/groceries/product/details/all-ready-meals-/chicken-noodles-400g', 'Chicken Noodles 400g', '£4.50', '£11.25 / kg')
('https://www.sainsburys.co.uk/shop/gb/groceries/product/details/all-ready-meals-/honest-food-pasta-bolognese-wedges-400g', 'Honest Food Pasta Bolognese Wedges 400g', '£4.50', '£11.25 / kg')
('https://www.sainsburys.co.uk/shop/gb/groceries/product/details/all-ready-meals-/the-kitchen-cottage-pie-600g', 'The Kitchen Cottage Pie 600g', '£2.99', '£6.64 / kg')
('https://www.sainsburys.co.uk/shop/gb/groceries/product/details/all-ready-meals-/the-kitchen-beef-stroganoff-with-rice-500g', 'The Kitchen Beef Stroganoff with Rice 500g', '£3.09', '£6.18 / kg')
('https://www.sainsburys.co.uk/shop/gb/groceries/product/details/all-ready-meals-/the-kitchen-beef-in-gravy-450g', 'The Kitchen Beef in Gravy 450g', '£3.65', '£8.11 / kg')
('https://www.sainsburys.co.uk/shop/gb/groceries/product/details/all-ready-meals-/spar-slow-cooked-beef-with-root-vegetable-mash-450g', 'SPAR Slow Cooked Beef with Root Vegetable Mash 450g', '£2.99', '£6.64 / kg')
('https://www.sainsburys.co.uk/shop/gb/groceries/product/details/all-ready-meals-/spar-chicken-dinner-550g', 'SPAR Chicken Dinner 550g', '£4.09', '£7.44 / kg')
('https://www.sainsburys.co.uk/shop/gb/groceries/product/details/all-ready-meals-/spar-chicken-korma-with-pilau-rice-450g', 'SPAR Chicken Korma with Pilau Rice 450g', '£2.99', '£6.64 / kg')
('https://www.sainsburys.co.uk/shop/gb/groceries/product/details/all-ready-meals-/sainsburys-my-goodness!-salmon-with-lemon-dill-sauce-380g', "Sainsbury's My Goodness! Salmon with Lemon & Dill Sauce 380g", '£3.50', '£9.21 / kg')
('https://www.sainsburys.co.uk/shop/gb/groceries/product/details/all-ready-meals-/sainsburys-my-goodness!-char-siu-style-pork-with-mixed-grains-350g', "Sainsbury's My Goodness! Char Siu Style Pork with Mixed Grains 350g", '£3.00', '£8.57 / kg')
('https://www.sainsburys.co.uk/shop/gb/groceries/product/details/all-ready-meals-/sainsburys-my-goodness!-chicken-tikka-roasted-sweet-potato-350g', "Sainsbury's My Goodness! Chicken Tikka & Roasted Sweet Potato 350g", '£3.00', '£8.57 / kg')
('https://www.sainsburys.co.uk/shop/gb/groceries/product/details/all-ready-meals-/sainsburys-my-goodness-jerk-style-jackfruit-with-sweet-potato-380g', "Sainsbury's My Goodness! Vegan Jerk Style Jackfruit with Sweet Potato 380g", '£3.00', '£7.89 / kg')
('https://www.sainsburys.co.uk/shop/gb/groceries/product/details/all-ready-meals-/sainsburys-roasting-vegetables-600g', "Sainsbury's Roasting Vegetables 600g", '£2.50', '£4.17 / kg')
('https://www.sainsburys.co.uk/shop/gb/groceries/product/details/all-ready-meals-/sainsburys-chkn-spinach-bacon-mushroom-taste-the-difference-450g', "Sainsbury's Chicken, Spinach, Bacon & Mushroom, Taste the Difference 450g", '£8.00', '£16.63 / kg')
('https://www.sainsburys.co.uk/shop/gb/groceries/product/details/all-ready-meals-/charlie-bighams-chicken-kiev-325g-8037864-p-44', 'Charlie Bighams Chicken Kiev 325g', '£7.00', '£21.54 / kg')
('https://www.sainsburys.co.uk/shop/gb/groceries/product/details/all-ready-meals-/sainsburys-slow-cook-turkey-bacon-joint-1kg', "Sainsbury's Slow Cook British Turkey Topped with Stuffing & Smoked Bacon 1kg (Serves 10)", '£17.50', '£17.50 / kg')
('https://www.sainsburys.co.uk/shop/gb/groceries/product/details/all-ready-meals-/plant-pioneer-no-duck-spring-roll-200g', 'Plant Pioneers No Duck Spring Roll 200g', '£2.25', '£11.25 / kg')
('https://www.sainsburys.co.uk/shop/gb/groceries/product/details/all-ready-meals-/sainsburys-egg-fried-rice-200g', "Sainsbury's Egg Fried Rice 200g (Serves 1)", '£1.40', '£7.00 / kg')
('https://www.sainsburys.co.uk/shop/gb/groceries/product/details/all-ready-meals-/sainsburys-crispy-chilli-beef-300g', "Sainsbury's Crispy Chilli Beef 300g (Serves 2)", '£3.75', '£12.50 / kg')
('https://www.sainsburys.co.uk/shop/gb/groceries/product/details/all-ready-meals-/belazu-beldi-olive-black-tapenade-170g', 'Belazu Beldi Olive Black Tapenade 170g', '£2.50', '£1.47 / 100g')
('https://www.sainsburys.co.uk/shop/gb/groceries/product/details/all-ready-meals-/charlie-bighams-chicken-jalfrezi-845g', "Charlie Bigham's Chicken Jalfrezi 845g (Serves 2)", '£7.75', '£9.17 / kg')
('https://www.sainsburys.co.uk/shop/gb/groceries/product/details/all-ready-meals-/charlie-bighams-tikka-masala-805g', "Charlie Bigham's Chicken Tikka Masala 805g (Serves 2)", '£7.75', '£9.63 / kg')
('https://www.sainsburys.co.uk/shop/gb/groceries/product/details/all-ready-meals-/rustlers-microwave-bbq-rib-157g', 'Rustlers Microwave BBQ Rib 157g', '£2.00', '£1.27 / 100g')
('https://www.sainsburys.co.uk/shop/gb/groceries/product/details/all-ready-meals-/sainsburys-garlic---coriander-poppadoms-80g', "Sainsbury's Garlic & Coriander Poppadoms 80g", '£1.40', '£1.75 / 100g')
('https://www.sainsburys.co.uk/shop/gb/groceries/product/details/all-ready-meals-/mumtaz-halal-keema-mattar---rice-400g', 'Mumtaz Halal Keema Mattar & Rice 400g', '£3.00', '£7.50 / kg')
('https://www.sainsburys.co.uk/shop/gb/groceries/product/details/all-ready-meals-/mumtaz-pilau-rice-340g', 'Mumtaz Pilau Rice 340g (Serves 2)', '£1.70', '£5.00 / kg')
('https://www.sainsburys.co.uk/shop/gb/groceries/product/details/all-ready-meals-/mumtaz-halal-chicken-samosas-210g', 'Mumtaz Halal Chicken Samosas 210g', '£2.70', '£12.86 / kg')
('https://www.sainsburys.co.uk/shop/gb/groceries/product/details/all-ready-meals-/sainsburys-just-cook-butter-basted-chicken-breast', "Sainsbury's Just Cook Chicken Breast Joint Butter Basted 500g (Serves 3)", '£3.75', '£7.50 / kg')
('https://www.sainsburys.co.uk/shop/gb/groceries/product/details/all-ready-meals-/spaghetti-bolognese--taste-the-difference-400g-6305687-p', 'Spaghetti Bolognese, Taste the Difference 400g', '£3.00', '£7.50 / kg')
('https://www.sainsburys.co.uk/shop/gb/groceries/product/details/all-ready-meals-/sainsburys-vegetarian-cottage-pie-400g', "Sainsbury's Love Your Veg! Lentil Cottage Pie 400g (Serves 1)", '£2.20', '£5.50 / kg')
('https://www.sainsburys.co.uk/shop/gb/groceries/product/details/rednoseday-/quaker-oat-so-simple-apple---blueberry-flavour-porridge-x10-36g', 'Quaker Oat So Simple Apple & Blueberry Porridge Sachets 10x36g', '£2.75', '76p / 100g')
('https://www.sainsburys.co.uk/shop/gb/groceries/product/details/rednoseday-/walkers-flamin-hot-multipack-crisps-x6-25g', 'Walkers Flamin Hot Multipack Crisps x6 25g', '£1.70', '£6.80 / 100g')
('https://www.sainsburys.co.uk/shop/gb/groceries/product/details/rednoseday-/walkers-max-kfc-double-crunch-zinger-sharing-crisps-140g', 'Walkers Max KFC Double Crunch Zinger Sharing Crisps 140g', '£1.85', '£1.32 / 100g')
('https://www.sainsburys.co.uk/shop/gb/groceries/product/details/rednoseday-/walkers-quavers-prawn-cocktail-multipack-snacks-x6-16g', 'Walkers Quavers Prawn Cocktail Multipack Snacks x6 16g', '£1.70', '£1.77 / 100g')
('https://www.sainsburys.co.uk/shop/gb/groceries/product/details/rednoseday-/rnd21-mug-asst-rainbow-and-spots', 'Red Nose Day 2021 Mug Asst - Rainbow and spots', '£3.00', '£3.00 / ea')
('https://www.sainsburys.co.uk/shop/gb/groceries/product/details/rednoseday-/walkers-max-double-crunch-xxl-chicken-chorizo-crisps-140g', 'Walkers Max Double Crunch XXL Chicken & Chorizo Sharing Crisps 140g', '£2.00', '£1.43 / 100g')
('https://www.sainsburys.co.uk/shop/gb/groceries/product/details/rednoseday-/maltesers-buttons-mint-pouch-102g', 'Maltesers Buttons Mint Chocolate Pouch Bag 102g', '£1.25', '£1.22 / 100g')
('https://www.sainsburys.co.uk/shop/gb/groceries/product/details/rednoseday-/quaker-porridge-to-go-app-b-duo-2x55g', 'Quaker Porridge To Go Blueberry & Apple Breakfast Bars 2x55g', '70p', '64p / 100g')
('https://www.sainsburys.co.uk/shop/gb/groceries/product/details/rednoseday-/quaker-kids-oatie-mix-up-honey-cereal-400g', 'Quaker Kids Oatie Mix-Up Honey Cereal 400g', '£2.00', '50p / 100g')
('https://www.sainsburys.co.uk/shop/gb/groceries/product/details/rednoseday-/graze-blueberry---lemon-flapjack-120g', 'Graze Lemon & Blueberry Superfood Oat Square Bites with Baobab 4x30g', '£1.50', '£1.25 / 100g')
('https://www.sainsburys.co.uk/shop/gb/groceries/product/details/rednoseday-/walkers-sunbites-barbecue-multigrain-crisp-snacks-6x25g', 'Sunbites Barbeque Mulitpack Snacks 6x25g', '£1.70', '£1.13 / 100g')
('https://www.sainsburys.co.uk/shop/gb/groceries/product/details/rednoseday-/bear-yo-yos-mango-snacking-fruit-5x20g', 'BEAR Fruit Yoyos Mango Multipack x5 20g', '£2.00', '£2.00 / 100g')
('https://www.sainsburys.co.uk/shop/gb/groceries/product/details/rednoseday-/sensations-balsamic-vinegar---onion-175g', 'Sensations Balsamic Vinegar & Caramelised Onion Sharing Crisps 150g', '£1.00', '67p / 100g')
('https://www.sainsburys.co.uk/shop/gb/groceries/product/details/rednoseday-/hovis-best-of-both-medium-750g', 'Hovis Medium Sliced Best of Both Bread 750g', '£1.15', '15p / 100g')
('https://www.sainsburys.co.uk/shop/gb/groceries/product/details/rednoseday-/walkers-sunbites-sr-crm---blck-pep-6x25g', 'Sunbites Sour Cream Mulitpack Snacks 6x25g', '£1.70', '£1.13 / 100g')
('https://www.sainsburys.co.uk/shop/gb/groceries/product/details/rednoseday-/maltesers-pouch-121g', 'Maltesers Chocolate Pouch Bag 102g', '£1.25', '£1.22 / 100g')
('https://www.sainsburys.co.uk/shop/gb/groceries/product/details/rednoseday-/mini-babybel-120g', 'Mini Babybel Original Cheese Snacks 6x20g', '£1.00', '£8.33 / kg')
('https://www.sainsburys.co.uk/shop/gb/groceries/product/details/rednoseday-/robinsons-double-concentrate-apple---blackcurrant-squash--no-added-sugar-175l', 'Robinsons Double Concentrate Apple & Blackcurrant Squash, No Added Sugar 1.75L', '£2.50', '14p / 100ml')
('https://www.sainsburys.co.uk/shop/gb/groceries/product/details/rednoseday-/walkers-smokey-bacon-crisps-6x25g', 'Walkers Smoky Bacon Multipack Crisps 6x25g', '£1.70', '£1.13 / 100g')
('https://www.sainsburys.co.uk/shop/gb/groceries/product/details/rednoseday-/doritos-tangy-cheese-x6-30g', 'Doritos Tangy Cheese Multipack Tortilla Chips 5x30g', '£1.70', '£1.13 / 100g')
('https://www.sainsburys.co.uk/shop/gb/groceries/product/details/rednoseday-/walkers-quavers-cheese-flavour-x6-164g', 'Walkers Quavers Cheese Multipack Snacks 6x16g', '£1.70', '£1.77 / 100g')
('https://www.sainsburys.co.uk/shop/gb/groceries/product/details/rednoseday-/bear-yo-yos-raspberry-snacking-fruit-5x20g', 'BEAR Fruit Yoyos Raspberry Multipack x5 20g', '£2.00', '£2.00 / 100g')
('https://www.sainsburys.co.uk/shop/gb/groceries/product/details/rednoseday-/quaker-oat-so-simple-sweet-cinnamon-flavour-porridge-x10-33g', 'Quaker Oat So Simple Sweet Cinnamon Porridge Sachets 10x33g', '£2.75', '83p / 100g')
('https://www.sainsburys.co.uk/shop/gb/groceries/product/details/watch-the-sport/tyrrells-posh-prawn-cocktail-150g', 'Tyrrells Posh Prawn Cocktail 150g', '£2.30', '£1.53 / 100g')
('https://www.sainsburys.co.uk/shop/gb/groceries/product/details/watch-the-sport/pipers-lye-cross-cheddar-onion-150g', 'Pipers Lye Cross Cheddar & Onion Sharing Crisps 150g', '£2.50', '£1.67 / 100g')
('https://www.sainsburys.co.uk/shop/gb/groceries/product/details/watch-the-sport/diet-coke-strawberry-8x330ml', 'Diet Coke Strawberry 8x330ml', '£3.00', '19p / 100ml')
('https://www.sainsburys.co.uk/shop/gb/groceries/product/details/watch-the-sport/peters-yard-sourdough-seeded-flatbreads-135g', "Peter's Yard Seeded Sourdough Flatbreads 135g", '£2.40', '£1.92 / 100g')
('https://www.sainsburys.co.uk/shop/gb/groceries/product/details/watch-the-sport/doritos-hint-of-lime-sharing-tortilla-chips-230g', 'Doritos Hint of Lime Sharing Tortilla Chips 230g', '£1.25', '55p / 100g')
('https://www.sainsburys.co.uk/shop/gb/groceries/product/details/watch-the-sport/haribo-starmix-215g', 'Haribo Starmix Sweets Bag 190g', '85p', '45p / 100g')
('https://www.sainsburys.co.uk/shop/gb/groceries/product/details/watch-the-sport/butterkist-sweet-cinema-style-popcorn-120g', 'Butterkist Popcorn Sweet Cinema Style 100g', '£1.00', '£1.00 / 100g')
('https://www.sainsburys.co.uk/shop/gb/groceries/product/details/watch-the-sport/sainsburys-christmas-glazed-gammon-taste-the-difference-150g', "Sainsbury's Spiced Glazed Gammon Crisps, Limited Edition, Taste the Difference 150g", '£1.00', '67p / 100g')
('https://www.sainsburys.co.uk/shop/gb/groceries/product/details/watch-the-sport/fanta-fruit-twist-8x330ml', 'Fanta Fruit Twist 8x330ml', '£3.00', '11p / 100ml')
('https://www.sainsburys.co.uk/shop/gb/groceries/product/details/watch-the-sport/sprite-zero-8-x-330ml-8x330ml', 'Sprite Zero 8 x 330ml 8x330ml', '£2.50', '10p / 100ml')
('https://www.sainsburys.co.uk/shop/gb/groceries/product/details/watch-the-sport/cadbury-dairy-milk-chocolate-bar-360g', 'Cadbury Dairy Milk Chocolate Bar 360g', '£3.00', '83p / 100g')
('https://www.sainsburys.co.uk/shop/gb/groceries/product/details/watch-the-sport/walkers-max-strong-jalapeno---cheese-crisps-150g', 'Walkers Max Strong Jalapeño & Cheese Sharing Crisps 150g', '£1.85', '£1.23 / 100g')
('https://www.sainsburys.co.uk/shop/gb/groceries/product/details/watch-the-sport/cadbury-dairy-milk-giant-buttons-chocolate-bag-252g', 'Cadbury Dairy Milk Giant Buttons Chocolate Big Share Bag 240g', '£2.00', '83p / 100g')
('https://www.sainsburys.co.uk/shop/gb/groceries/product/details/watch-the-sport/maltesers-large-pouch-184g', 'Maltesers Chocolate More to Share Pouch Bag 189g', '£2.50', '£1.32 / 100g')
('https://www.sainsburys.co.uk/shop/gb/groceries/product/details/watch-the-sport/doritos-cool-original-corn-chips-225g', 'Doritos Cool Original Sharing Tortilla Chips 180g', '£2.00', '£1.11 / 100g')
('https://www.sainsburys.co.uk/shop/gb/groceries/product/details/watch-the-sport/doritos-tangy-cheese-corn-chips-225g', 'Doritos Tangy Cheese Sharing Tortilla Chips 180g', '£2.00', '£1.11 / 100g')
('https://www.sainsburys.co.uk/shop/gb/groceries/product/details/watch-the-sport/budweiser-18x440ml', 'Budweiser Lager Beer Cans 18x440ml', '£14.00', '£1.77 / ltr')
('https://www.sainsburys.co.uk/shop/gb/groceries/product/details/watch-the-sport/sainsburys-jumbo-salted-peanuts-550g', "Sainsbury's Salted Peanuts 550g", '£2.10', '38p / 100g')
('https://www.sainsburys.co.uk/shop/gb/groceries/product/details/watch-the-sport/kp-dry-roasted-peanuts-500g', 'KP Dry Roasted Peanuts 415g', '£3.50', '84p / 100g')
('https://www.sainsburys.co.uk/shop/gb/groceries/product/details/price-lock-baby-toddler/heinz-banana-bicotti-60g', 'Heinz Banana Biscotti Snack 60g 7 Month+', '75p', '£1.25 / 100g')
('https://www.sainsburys.co.uk/shop/gb/groceries/product/details/price-lock-baby-toddler/ellas-sweet-potato--broccoli---carrots-120g', "Ella's Kitchen Organic Sweet Potatoes, Broccoli and Carrots Baby Pouch 4+ Months 120g", '£1.00', '83p / 100g')
('https://www.sainsburys.co.uk/shop/gb/groceries/product/details/price-lock-baby-toddler/hipp-organic-potato--pumpkin---chicken-260g', 'HiPP Organic Potato Pumpkin & Chicken Scrumble Tray Meal 230g 12 Month+', '£1.75', '76p / 100g')
('https://www.sainsburys.co.uk/shop/gb/groceries/product/details/price-lock-baby-toddler/ellas-organic-sweet-potato--plumb--apple---blueberries-120g', "Ella's Kitchen Organic Sweet Potatoes, Pumkin, Apples and Blueberries Baby Pouch 4+ Months 120g", '£1.00', '83p / 100g')
('https://www.sainsburys.co.uk/shop/gb/groceries/product/details/price-lock-baby-toddler/hipp-organic-sweet-squash---chicken-125g', 'HiPP Organic Sweet Squash & Chicken Jar 6+ Months 125g', '60p', '48p / 100g')
('https://www.sainsburys.co.uk/shop/gb/groceries/product/details/price-lock-baby-toddler/pull-ups-explorers-boy-mp-9-18-52', 'Huggies Pull Ups Explorers Boy Mp Size 9-18 Months 52', '£9.00', '17p / ea')
('https://www.sainsburys.co.uk/shop/gb/groceries/product/details/price-lock-baby-toddler/pull-ups-explorers-9-18-girl-mp-52', 'Huggies Pull Ups Explorers Size 9-18 Months Girl 52', '£9.00', '17p / ea')
('https://www.sainsburys.co.uk/shop/gb/groceries/product/details/price-lock-baby-toddler/pampers-sensitive-baby-wipes-52-pack', 'Pampers Sensitive Baby Wipes 52 Pack', '85p', '2p / ea')
('https://www.sainsburys.co.uk/shop/gb/groceries/product/details/price-lock-baby-toddler/huggies-pure-baby-wipes-fragrance-free-12x56-pack', 'Huggies Pure Wet Baby Wipes Odour Free 56x12Pk', '£7.00', '1p / ea')
('https://www.sainsburys.co.uk/shop/gb/groceries/product/details/price-lock-baby-toddler/sainsburys-for-mum-maternity-briefs-medium-size-14-16-x5', "Sainsbury's for Mum Maternity Briefs Medium Size 14/16 x5", '£1.50', '30p / ea')
('https://www.sainsburys.co.uk/shop/gb/groceries/product/details/price-lock-baby-toddler/heinz-so-yummy-tomato-basil-straws-1-year-5x15g', 'Heinz So Yummy Tomato & Basil Straws 1 Year+ 5x15g', '£1.65', '£2.20 / 100g')
('https://www.sainsburys.co.uk/shop/gb/groceries/product/details/price-lock-baby-toddler/heinz-4-months-first-steps-multigrain-with-cauliflower-broccoli-cheese-200g', 'Heinz 4+ Months First Steps Multigrain with Cauliflower, Broccoli & Cheese 200g', '£2.65', '£1.33 / 100g')
('https://www.sainsburys.co.uk/shop/gb/groceries/product/details/price-lock-baby-toddler/hipp-organic-vegetable-risotto-12-months-230g', 'HiPP Organic Vegetable Risotto 12+ Months 230g', '£1.75', '76p / 100g')
('https://www.sainsburys.co.uk/shop/gb/groceries/product/details/price-lock-baby-toddler/ellas-kitchen-organic-pumpkin-broccoli-sweetcorn-pouch-4-months-120g', "Ella's Kitchen Organic Pumpkin Broccoli & Sweetcorn Pouch 4+ Months 120g", '£1.00', '£1.43 / 100g')
('https://www.sainsburys.co.uk/shop/gb/groceries/product/details/price-lock-baby-toddler/cow---gate-fruit-mix-fruit-puree-pouch-multipack-4x100g---7866464-p', 'Cow & Gate Fruit Mix Puree Pouch Multipack 4x100g', '£2.60', '65p / 100g')
('https://www.sainsburys.co.uk/shop/gb/groceries/product/details/price-lock-baby-toddler/hipp-organic-cheesy-spinach-tagliatelle-10-months-220g', 'HiPP Organic Cheesy Spinach Tagliatelle 10+ Months 220g', '£1.05', '48p / 100g')
('https://www.sainsburys.co.uk/shop/gb/groceries/product/details/price-lock-baby-toddler/hipp-org-creamy-porridge-160g', 'HiPP Organic Creamy Porridge 7+ Months 160g', '70p', '44p / 100g')
('https://www.sainsburys.co.uk/shop/gb/groceries/product/details/price-lock-baby-toddler/pampers-baby-dry-pants-size-5-jumbo-64-pants', 'Pampers Baby-Dry Nappy Pants, Size 5, 12-17kg x60', '£9.00', '15p / ea')
('https://www.sainsburys.co.uk/shop/gb/groceries/product/details/price-lock-pet/gourmet-perle-cat-food-chefs-collection-mixed-12x85g-6022975-p', 'Gourmet Perle Cat Food Chefs Collection Mixed 12X85g', '£4.00', '£3.92 / kg')
('https://www.sainsburys.co.uk/shop/gb/groceries/product/details/price-lock-pet/gourmet-perle-cat-food-mini-fillets-chicken-in-gravy-85g-6022973-p', 'Gourmet Perle Cat Food Mini Fillets Chicken In Gravy 85g', '55p', '£6.47 / kg')
('https://www.sainsburys.co.uk/shop/gb/groceries/product/details/price-lock-pet/sainsburys-complete-dog-food--beef---vegetable-3kg', "Sainsbury's Complete Nutrition Adult Dog Food with Beef & Vegetables 2.5kg", '£2.50', '£1.00 / kg')
('https://www.sainsburys.co.uk/shop/gb/groceries/product/details/price-lock-pet/dreamies-cat-treats-with-beef-60g', 'Dreamies Cat Treats Biscuits with Beef 60g', '95p', '£15.83 / kg')
('https://www.sainsburys.co.uk/shop/gb/groceries/product/details/price-lock-pet/bakers-senior-dry-dog-food-chicken-and-veg-11kg-7912653-p', 'Bakers Senior Dry Dog Food Chicken and Veg 1.1kg', '£2.75', '£2.50 / kg')
('https://www.sainsburys.co.uk/shop/gb/groceries/product/details/price-lock-pet/pedigree-mixed-selection-gravy-40x100g', 'Pedigree Adult Wet Dog Food Pouches Mixed Selection in Jelly Mega Pack x40 100g', '£10.00', '£2.50 / kg')
('https://www.sainsburys.co.uk/shop/gb/groceries/product/details/price-lock-pet/sainsburys-goldfish-flake-food-100g', "Sainsbury's Goldfish Flake Food 100g", '£2.50', '£25.00 / kg')
('https://www.sainsburys.co.uk/shop/gb/groceries/product/details/price-lock-pet/sainsburys-kitten-complete-nutrition-with-chicken-2-12-months-1kg', "Sainsbury's Complete Nutrition Kitten Food with Chicken 1kg", '£1.15', '£1.15 / kg')
('https://www.sainsburys.co.uk/shop/gb/groceries/product/details/price-lock-pet/sainsburys-adult-complete-nutrition-weight-control-with-turkey---rice-25kg', "Sainsbury's Complete Nutrition Adult Dry Dog Food Weight Control with Turkey & Rice 2.5kg", '£2.50', '£1.00 / kg')
('https://www.sainsburys.co.uk/shop/gb/groceries/product/details/price-lock-pet/sainsburys-adult-fine-flakes-1-adult-cat-food-meat-fish-selection-in-jelly-48-x-100g', "Sainsbury's Adult Fine Flakes 1+ Adult Cat Food Meat & Fish Selection in Jelly 48 x 100g", '£9.50', '£1.98 / kg')
('https://www.sainsburys.co.uk/shop/gb/groceries/product/details/price-lock-pet/sainsburys-adult-fine-flakes-1-adult-cat-food-selection-in-broth-12-x-100g', "Sainsbury's Adult Fine Flakes 1+ Adult Cat Food Selection in Broth 12 x 100g", '£2.75', '£2.29 / kg')
('https://www.sainsburys.co.uk/shop/gb/groceries/product/details/price-lock-pet/sainsburys-fresh-breath-dental-sticks-small-dogs-x14-220g', "Sainsbury's Fresh Breath Dental Sticks for Small Dogs x14 220g", '£1.50', '£6.82 / kg')
('https://www.sainsburys.co.uk/shop/gb/groceries/product/details/price-lock-pet/felix-goody-bag-cat-treats-seaside-mix-200g-7858313-p', 'Felix Goody Bag Cat Treats Seaside Mix 200g', '£2.50', '£1.25 / 100g')
('https://www.sainsburys.co.uk/shop/gb/groceries/product/details/price-lock-pet/felix-sensations-crunchies-cat-food-mixed-10-x-100g-7812801-p', 'Felix Sensations Crunchies Cat Food Mixed 10 X 100g', '£3.75', '£3.75 / kg')
('https://www.sainsburys.co.uk/shop/gb/groceries/product/details/price-lock-pet/pedigree-tasty-minis-cheese-140g', 'Pedigree Tasty Minis Puppy 2-12 Months Dog Treats with Chicken 125g', '£1.00', '£8.00 / kg')
('https://www.sainsburys.co.uk/shop/gb/groceries/product/details/price-lock-pet/good-boy-chewy-chicken-strips-350g', 'Good Boy Pawsley & Co Chewy Chicken Strips Dog Treats 350g', '£7.50', '£21.43 / kg')
('https://www.sainsburys.co.uk/shop/gb/groceries/product/details/price-lock-pet/sainsburys-training-treats-rich-in-chicken-125g', "Sainsbury's Training Dog Treats Rich In Chicken 125g", '£1.00', '£8.00 / kg')
('https://www.sainsburys.co.uk/shop/gb/groceries/product/details/price-lock-pet/aquarian-goldfish-food--flakes-50g', 'Aquarian Goldfish Food, Flakes 50g', '£3.50', '£70.00 / kg')
('https://www.sainsburys.co.uk/shop/gb/groceries/product/details/price-lock-pet/dreamies-chicken---duck-60g', 'Dreamies Mix Adult 1+ Cat Treat Biscuits with Chicken and Duck 60g', '95p', '£15.83 / kg')
('https://www.sainsburys.co.uk/shop/gb/groceries/product/details/discover-bbq/b', "Sainsbury's British Stewing Lamb 700g", '£3.50', '£5.00 / kg')
('https://www.sainsburys.co.uk/shop/gb/groceries/product/details/discover-bbq/kielbasa-sausage-250g', 'Tofurky Plant-Based Sausage Kielbasa 250g', '£3.00', '£12.00 / kg')
('https://www.sainsburys.co.uk/shop/gb/groceries/product/details/discover-bbq/new-england-sea-bream-x-2-570g', 'New England Sea Bream x2 520g', '£6.50', '£12.50 / kg')
('https://www.sainsburys.co.uk/shop/gb/groceries/product/details/discover-bbq/sedt-malagta-chilli-lime-mini-filt-320g', "Sainsbury's Malagta Chilli Lime Mini Filt, Summer Edition 320g", '£3.25', '£10.16 / kg')
('https://www.sainsburys.co.uk/shop/gb/groceries/product/details/discover-bbq/sainsburys-slow-cook-fire-cracker-chicken-573g-7825488-p-44', "Sainsbury's Slow Cooked British Boneless Chicken Thighs with Spicy Firecracker Glaze 573g (Serves 2)", '£5.00', '£8.73 / kg')
('https://www.sainsburys.co.uk/shop/gb/groceries/product/details/discover-bbq/sainsburys-kansas-bbq-style-british-pork-kebabs-summer-edition-x4-344g', "Sainsbury's Kansas BBQ Style British Pork Kebabs, Summer Edition x4 344g", '£3.75', '£10.90 / kg')
('https://www.sainsburys.co.uk/shop/gb/groceries/product/details/discover-bbq/sainsburys-summer-edition-beer-marinated-british-chicken-breast-sizzlers-330g', "Sainsbury's Summer Edition Beer Marinated British Chicken Breast Sizzlers 330g", '£3.75', '£11.36 / kg')
('https://www.sainsburys.co.uk/shop/gb/groceries/product/details/discover-bbq/sainsburys-tikka-style-british-chicken-breast-kebabs-summer-edition-x4-237g', "Sainsbury's Tikka Style British Chicken Kebabs, Summer Edition x4 237g", '£3.75', '£15.89 / kg')
('https://www.sainsburys.co.uk/shop/gb/groceries/product/details/discover-bbq/sainsburys-lamb-rump-steaks-300g', "Sainsbury's Lamb Rump Steaks 300g", '£3.75', '£12.50 / kg')
('https://www.sainsburys.co.uk/shop/gb/groceries/product/details/discover-bbq/sainsburys-30-day-matured-fillet-steak-taste-the-difference-170g', "Sainsbury's 30 Day Matured Beef Fillet Steak, Taste the Difference 170g", '£5.65', '£33.24 / kg')
('https://www.sainsburys.co.uk/shop/gb/groceries/product/details/all-chicken-44/bm-branded-small-whole-bird-285-4kg', 'Bernard Matthews Golden Norfolk Basted Whole Turkey with Giblets Small 2.85-4kg', '£16.50', '£4.85 / kg')
('https://www.sainsburys.co.uk/shop/gb/groceries/product/details/all-chicken-44/j-james-chicken-goujons-270g', 'J. James Chicken Goujons 270g', '£1.05', '£3.89 / kg')
('https://www.sainsburys.co.uk/shop/gb/groceries/product/details/all-chicken-44/sainsburys-chicken-breast-fillet-quick-cook-500g', "Sainsbury's British Fresh Quick Cook Chicken Breast Sizzler Steaks 500g", '£2.85', '£5.70 / kg')
('https://www.sainsburys.co.uk/shop/gb/groceries/product/details/all-chicken-44/sainsburys-chicken-breast-diced-410g', "Sainsbury's British Fresh Diced Chicken Breast 410g", '£2.40', '£5.85 / kg')
('https://www.sainsburys.co.uk/shop/gb/groceries/product/details/all-chicken-44/sainsburys-lemon-garlic-herb-british-chicken-mini-fillets-120g', "Sainsbury's Lemon, Garlic & Herb British Chicken Mini Fillets 120g", '£1.90', '£1.58 / 100g')
('https://www.sainsburys.co.uk/shop/gb/groceries/product/details/all-chicken-44/tariq-halal-fresh-grade-a-oyster-cut-chicken-legs-12kg', 'Tariq Halal Fresh Grade A Oyster Cut Chicken Legs 1.2kg', '£3.50', '£2.92 / kg')
('https://www.sainsburys.co.uk/shop/gb/groceries/product/details/all-chicken-44/tariq-halal-fresh-grade-a-chicken-wings-1kg', 'Tariq Halal Fresh Grade A Chicken Wings 1kg', '£3.00', '£3.00 / kg')
('https://www.sainsburys.co.uk/shop/gb/groceries/product/details/all-chicken-44/sainsburys-southern-fried-breaded-mini-fillets-320g', "Sainsbury's Southern Fried Chicken Breast Mini Fillets 300g", '£2.50', '£8.20 / kg')
('https://www.sainsburys.co.uk/shop/gb/groceries/product/details/all-chicken-44/sainsburys-sweet-chilli-chicken-wings-350g', "Sainsbury's Sweet Chilli Chicken Wings 350g", '£2.25', '64p / 100g')
('https://www.sainsburys.co.uk/shop/gb/groceries/product/details/all-chicken-44/sainsburys-sweet---smokey-chicken-breast-160g', "Sainsbury's BBQ Sliced Chicken Breast 160g", '£2.50', '£1.56 / 100g')
('https://www.sainsburys.co.uk/shop/gb/groceries/product/details/all-chicken-44/najma-halal-chicken-chunks-150g', 'Najma Halal Chicken Chunks 150g', '£2.00', '£1.33 / 100g')
('https://www.sainsburys.co.uk/shop/gb/groceries/product/details/all-chicken-44/sainsburys-cheese---bacon-crispbake-227g', "Sainsbury's Cheese & Bacon Crispbake 227g", '£1.60', '£7.05 / kg')
('https://www.sainsburys.co.uk/shop/gb/groceries/product/details/all-chicken-44/sainsburys-wafer-thin-cooked-chicken-70g', "Sainsbury's British Wafer Thin Cooked Chicken 70g", '60p', '86p / 100g')
('https://www.sainsburys.co.uk/shop/gb/groceries/product/details/all-chicken-44/azeem-halal-chicken-breast-fillets-1kg', 'Azeem Halal Chicken Breast Fillets 1kg', '£4.70', '£4.70 / kg')
('https://www.sainsburys.co.uk/shop/gb/groceries/product/details/all-chicken-44/sainsburys-free-range-chicken-thigh-drumsticks-so-organic-approx-650g-', "Sainsbury's Free Range British Chicken Thigh & Drumsticks, So Organic (approx.650g)", '£7.45 / kg', '75p / 100g')
('https://www.sainsburys.co.uk/shop/gb/groceries/product/details/all-chicken-44/sainsburys-butter-roast-chicken--taste-the-difference-120g', "Sainsbury's Cooked Chicken Slices Butter Roast, Taste the Difference 120g", '£2.75', '£2.29 / 100g')
('https://www.sainsburys.co.uk/shop/gb/groceries/product/details/all-chicken-44/sainsburys-corn-fed-chicken-breast-skin-on-approx-370g-', "Sainsbury's Corn Fed British Chicken Skin on Breast fillets (approx.370g)", '£13.10 / kg', '£1.31 / 100g')
('https://www.sainsburys.co.uk/shop/gb/groceries/product/details/all-chicken-44/leon-pome-harissa-chicken-thigh-150g', 'LEON Sweet Pomegranate & Smokey Harissa British Chargrilled Chicken Thighs 150g', '£2.70', '£1.80 / 100g')
('https://www.sainsburys.co.uk/shop/gb/groceries/product/details/all-chicken-44/sainsburys-chicken-chipolata-taste-the-difference-340g', "Sainsbury's Chicken Chipolatas, Taste the Difference x12 340g", '£2.00', '£5.88 / kg')
('https://www.sainsburys.co.uk/shop/gb/groceries/product/details/all-chicken-44/sainsburys-chicken-leg-pack-1kg', "Sainsbury's British Fresh Skin on Chicken Legs 1kg", '£1.69', '£1.69 / kg')
('https://www.sainsburys.co.uk/shop/gb/groceries/product/details/all-chicken-44/sainsburys-summer-edition-masala-style-british-chicken-thighs-500g', "Sainsbury's Summer Edition Masala Style British Chicken Thighs 500g", '£3.00', '£6.00 / kg')
('https://www.sainsburys.co.uk/shop/gb/groceries/product/details/all-chicken-44/jjames-family-british-sliced-cooked-chicken-breast-160g', 'J.James & Family British Sliced Cooked Chicken Breast 160g', '£1.60', '£1.00 / 100g')
('https://www.sainsburys.co.uk/shop/gb/groceries/product/details/all-chicken-44/tariq-halal-chicken-thighs-1kg', 'Tariq Halal Chicken Thighs 1kg', '£3.50', '£3.50 / kg')
('https://www.sainsburys.co.uk/shop/gb/groceries/product/details/all-chicken-44/sainsburys-rst-fire-grilled-breast-chunks-250g', "Sainsbury's Fire Grilled Roast Chicken Breast Chunks 250g", '£4.00', '£1.60 / 100g')
('https://www.sainsburys.co.uk/shop/gb/groceries/product/details/all-chicken-44/sainsburys-breaded-chicken-fillets-x2-350g', "Sainsbury's Breaded Chicken Breast Fillets x2 350g", '£2.50', '£7.14 / kg')
('https://www.sainsburys.co.uk/shop/gb/groceries/product/details/all-chicken-44/sainsburys-southern-fried-breast-fillet-320g', "Sainsbury's Southern Fried Breaded Chicken Breast Fillets x2 315g", '£3.00', '£9.52 / kg')
('https://www.sainsburys.co.uk/shop/gb/groceries/product/details/all-chicken-44/sainsburys-firecracker-chicken-mini-fillet-120g', "Sainsbury's Firecracker Chicken Breast Mini Fillets 120g", '£1.50', '£1.25 / 100g')
('https://www.sainsburys.co.uk/shop/gb/groceries/product/details/all-chicken-44/sainsburys-firecracker-chicken-slices-160g', "Sainsbury's Firecracker Chicken Breast Slices 160g", '£2.50', '£1.56 / 100g')
('https://www.sainsburys.co.uk/shop/gb/groceries/product/details/all-chicken-44/sainsburys-roast-chicken-thighs-500g', "Sainsbury's Roast Chicken Thighs 500g", '£3.00', '60p / 100g')
('https://www.sainsburys.co.uk/shop/gb/groceries/product/details/special-offers-/fever-tree-mediterranean-tonic-500ml', 'Fever Tree Mediterranean Tonic 500ml (Sugar levy applied)', '£1.95', '39p / 100ml')
('https://www.sainsburys.co.uk/shop/gb/groceries/product/details/special-offers-/shloer-celebration-pink-fizz-750ml', 'Shloer Pink Non Alcoholic Bubbly Sparkling Juice Drink 750ml', '£3.30', '44p / 100ml')
('https://www.sainsburys.co.uk/shop/gb/groceries/product/details/special-offers-/sainsburys-assam-tea-bags--taste-the-difference-x80', "Sainsbury's Assam Tea Bags Taste the Difference x80", '£2.40', '96p / 100g')
('https://www.sainsburys.co.uk/shop/gb/groceries/product/details/special-offers-/sainsburys-earl-grey-decaff-tea-50s--taste-the-difference-125g', "Sainsbury's Earl Grey Decaff Tea Bags, Taste the Difference x50", '£1.50', '£1.20 / 100g')
('https://www.sainsburys.co.uk/shop/gb/groceries/product/details/special-offers-/linda-mccartney-vegetarian-sausages-300g', 'Linda McCartney Vegetarian Sausages 300g', '£2.50', '£9.26 / kg')
('https://www.sainsburys.co.uk/shop/gb/groceries/product/details/special-offers-/sainsburys-tarte-aux-pommes--taste-the-difference-470g', "Sainsbury's Bramley Apple Frangipane Tart , Taste the Difference 430g", '£4.00', '93p / 100g')
('https://www.sainsburys.co.uk/shop/gb/groceries/product/details/special-offers-/sainsburys-vittoria-tomatoes--taste-the-difference-270g', "Sainsbury's Vittoria on the Vine Cherry Tomatoes, Taste the Difference 250g", '£1.75', '£7.00 / kg')
('https://www.sainsburys.co.uk/shop/gb/groceries/product/details/special-offers-/sainsburys-baby-leeks--taste-the-difference-175g', "Sainsbury's Baby Leeks 175g", '£2.00', '£11.43 / kg')
('https://www.sainsburys.co.uk/shop/gb/groceries/product/details/special-offers-/sainsburys-fine-beans-200g', "Sainsbury's Fine Beans 200g", '£1.00', '£5.00 / kg')
('https://www.sainsburys.co.uk/shop/gb/groceries/product/details/special-offers-/sainsburys-butlers-farmhouse-red-leicester--taste-the-difference-240g', "Sainsbury's Butlers Farmhouse Red Leicester Cheese, Taste the Difference 240g", '£3.00', '£12.50 / kg')
('https://www.sainsburys.co.uk/shop/gb/groceries/product/details/special-offers-/sainsburys-ultimate-smoked-streaky-bacon--taste-the-difference-220g', "Sainsbury's Smoked Streaky Bacon, Taste the Difference 220g", '£2.75', '£12.50 / kg')
('https://www.sainsburys.co.uk/shop/gb/groceries/product/details/special-offers-/sainsburys-farmhouse-butter--taste-the-difference-250g', "Sainsbury's Farmhouse Butter, Taste the Difference 250g", '£1.95', '£7.80 / kg')
('https://www.sainsburys.co.uk/shop/gb/groceries/product/details/special-offers-/sainsburys-english-vintage-reserve-cheddar--taste-the-difference-250g', "Sainsbury's English Vintage Reserve Cheddar Cheese, Taste the Difference 250g", '£2.00', '£8.00 / kg')
('https://www.sainsburys.co.uk/shop/gb/groceries/product/details/special-offers-/total-cows-milk-greek-yogurt-500g', 'FAGE Total Natural Greek Recipe Strained Yogurt 500g', '£2.00', '40p / 100g')
('https://www.sainsburys.co.uk/shop/gb/groceries/product/details/special-offers-/lurpak-danish-butter--slightly-salted-250g', 'Lurpak Butter, Slightly Salted 250g', '£2.00', '£8.00 / kg')
('https://www.sainsburys.co.uk/shop/gb/groceries/product/details/special-offers-/fever-tree-indian-tonic-water-500ml', 'Fever Tree Indian Tonic Water 500ml (Sugar levy applied)', '£1.95', '39p / 100ml')
('https://www.sainsburys.co.uk/shop/gb/groceries/product/details/special-offers-/sainsburys-danish-maple-pecan-twists-x2', "Sainsbury's Danish Maple & Pecan Plait x2", '£1.30', '65p / ea')
('https://www.sainsburys.co.uk/shop/gb/groceries/product/details/special-offers-/lindt-lindor-milk-chocolate-337g', 'Lindt Lindor Milk Chocolate Truffles Box 337g', '£6.00', '£1.78 / 100g')
('https://www.sainsburys.co.uk/shop/gb/groceries/product/details/special-offers-/loreal-paris-revitalift-anti-wrinkle-night-cream-\xa050ml', "L'Oreal Paris Revitalift Anti Wrinkle Night Cream  50ml", '£6.50', '£13.00 / 100ml')
('https://www.sainsburys.co.uk/shop/gb/groceries/product/details/special-offers-/terrys-milk-chocolate-orange-175g', "Terry's Chocolate Orange Milk Ball 157g", '£1.95', '£1.24 / 100g')
('https://www.sainsburys.co.uk/shop/gb/groceries/product/details/special-offers-/green-blacks-organic-85-dark-chocolate-bar-90g', "Green & Black's Organic 85% Dark Chocolate Bar 90g", '£2.00', '£2.22 / 100g')
('https://www.sainsburys.co.uk/shop/gb/groceries/product/details/special-offers-/roc-de-lussac--lussac-st-emilion-75cl', 'Roc De Lussac, Lussac St Emilion 75cl', '£7.75', '£7.75 / 75cl')
('https://www.sainsburys.co.uk/shop/gb/groceries/product/details/special-offers-/sainsburys-victoria-sponge-with-strawberry-conserve---cream-330g', "Sainsbury's Victoria Sponge with Strawberry Conserve & Cream Dessert 330g (Serves 6)", '£2.50', '74p / 100g')
('https://www.sainsburys.co.uk/shop/gb/groceries/product/details/special-offers-/sainsburys-rioja-reserva--taste-the-difference-75cl', "Sainsbury's Rioja Reserva, Taste the Difference 75cl", '£7.50', '£7.50 / 75cl')
('https://www.sainsburys.co.uk/shop/gb/groceries/product/details/special-offers-/green-blacks-organic-70-dark-chocolate-bar-90g', "Green & Black's Organic 70% Dark Chocolate Bar 90g", '£2.00', '£2.22 / 100g')
('https://www.sainsburys.co.uk/shop/gb/groceries/product/details/special-offers-/sainsburys-bordeaux-rosé-taste-the-difference-75cl', "Sainsbury's Bordeaux Rosé, Taste the Difference 75cl", '£6.50', '£6.50 / 75cl')
('https://www.sainsburys.co.uk/shop/gb/groceries/product/details/special-offers-/alpro-long-life-soya-milk-alternative--original-1l', 'Alpro Soya Long Life Drink 1L', '£1.20', '£1.20 / ltr')
('https://www.sainsburys.co.uk/shop/gb/groceries/product/details/special-offers-/dorset-honey-granola-550g', 'Dorset Cereals Honey Granola 500g', '£4.00', '80p / 100g')
('https://www.sainsburys.co.uk/shop/gb/groceries/product/details/special-offers-/sainsburys-strawberry-jam-cream-doughnuts-2x63g', "Sainsbury's Strawberry Jam & Cream Doughnuts 2x63g", '£1.40', '£1.11 / 100g')
('https://www.sainsburys.co.uk/shop/gb/groceries/product/details/special-offers-/gü-sumptuous-salted-caramel-cheesecakes-2-x-92g', 'Gü Salted Caramel Cheesecake Desserts 2x92g', '£2.00', '£1.08 / 100g')
('https://www.sainsburys.co.uk/shop/gb/groceries/product/details/special-offers-/lindt-lindor-mint-chocolate-limited-edition-200g', 'Lindt Lindor Mint Chocolate, Limited Edition 200g', '£4.00', '£2.00 / 100g')
('https://www.sainsburys.co.uk/shop/gb/groceries/product/details/special-offers-/sainsburys-butter-croissants-taste-the-difference-x4', "Sainsbury's Butter Croissants, Taste the Difference x4", '£1.75', '44p / ea')
('https://www.sainsburys.co.uk/shop/gb/groceries/product/details/special-offers-/fever-tree-refreshingly-light-mediterranean-tonic-water-500ml', 'Fever-Tree Refreshingly Light Mediterranean Tonic Water 500ml', '£1.80', '36p / 100ml')
('https://www.sainsburys.co.uk/shop/gb/groceries/product/details/special-offers-/sainsburys-sencha-rose-green-loose-tea--taste-the-difference-100g', "Sainsbury's Sencha Rose Green Loose Leaf Tea, Taste the Difference 100g", '£3.00', '£3.00 / 100g')
('https://www.sainsburys.co.uk/shop/gb/groceries/product/details/special-offers-/cadbury-roses-chocolate-carton-321g', 'Cadbury Roses Chocolate Carton 290g', '£2.00', '69p / 100g')
('https://www.sainsburys.co.uk/shop/gb/groceries/product/details/special-offers-/linda-mccartneys-vegetarian-beef-roast-with-red-wine-shallot-glaze-500g', "Linda McCartney's Vegetarian Beef Roast with Red Wine & Shallot Glaze 500g", '£4.00', '£8.00 / kg')
('https://www.sainsburys.co.uk/shop/gb/groceries/product/details/special-offers-/sainsburys-pork-cumberland-sausages--taste-the-difference-x6-400g', "Sainsbury's Pork Cumberland Sausages, Taste the Difference x6 400g", '£2.00', '£5.00 / kg')
('https://www.sainsburys.co.uk/shop/gb/groceries/product/details/special-offers-/sainsburys-ultimate-pork-saus--taste-the-difference-x6-400g', "Sainsbury's Pork Sausages, Taste the Difference x6 400g", '£2.00', '£5.00 / kg')
('https://www.sainsburys.co.uk/shop/gb/groceries/product/details/special-offers-/colmans-mint-sauce-165g', "Colman's Mint Sauce 165g", '£1.00', '61p / 100g')
('https://www.sainsburys.co.uk/shop/gb/groceries/product/details/vegetarian-food/plant-pioneers-battered-fishless-fillets-x2-180g', 'Plant Pioneers Battered Fishless Fillets x2 180g', '£2.50', '£13.89 / kg')
('https://www.sainsburys.co.uk/shop/gb/groceries/product/details/vegetarian-food/cauliflower-wings', 'Leon Cauliflower Wings 180g', '£3.00', '£16.67 / kg')
('https://www.sainsburys.co.uk/shop/gb/groceries/product/details/vegetarian-food/plant-pioneers-shroomdogs', 'Plant Pioneers Shroomdogs', '£2.25', '£7.50 / kg')
('https://www.sainsburys.co.uk/shop/gb/groceries/product/details/vegetarian-food/leon-lentil-masala-dahling-380g', 'LEON Lentil Masala Dhal 380g', '£4.00', '£10.53 / kg')
('https://www.sainsburys.co.uk/shop/gb/groceries/product/details/vegetarian-food/nandos-vegan-perinaise-265g', "Nando's Vegan Perinaise Mild Peri-Peri Mayo 265g", '£1.90', '72p / 100g')
('https://www.sainsburys.co.uk/shop/gb/groceries/product/details/vegetarian-food/linda-mccartney-rosemary-vegetarian-sausages-x6-300g', 'Linda McCartney Rosemary Vegetarian Sausages x6 270g', '£2.20', '£7.33 / kg')
('https://www.sainsburys.co.uk/shop/gb/groceries/product/details/vegetarian-food/sainsburys-vegetable-pies-x4-600g', "Sainsbury's Vegetable Pies x4 600g", '£2.00', '33p / 100g')
('https://www.sainsburys.co.uk/shop/gb/groceries/product/details/vegetarian-food/cauldron-cumberland-sausages-x6-276g', 'Cauldron Vegetarian Cumberland Sausages 276g', '£2.50', '£9.06 / kg')
('https://www.sainsburys.co.uk/shop/gb/groceries/product/details/vegetarian-food/almondy-almond-tarta-with-daim-400g-dessert-serves-6-', 'Almondy Almond Tarta With Daim 400g Dessert (Serves 6)', '£3.00', '75p / 100g')
('https://www.sainsburys.co.uk/shop/gb/groceries/product/details/vegetarian-food/quorn-fillets-x6-312g', 'Quorn Vegetarian Chicken Style Fillets 312g', '£2.00', '£6.41 / kg')
('https://www.sainsburys.co.uk/shop/gb/groceries/product/details/vegetarian-food/trufree-pretzels-60g', 'Schar Gluten Free Pretzels 60g', '£1.00', '£1.67 / 100g')
('https://www.sainsburys.co.uk/shop/gb/groceries/product/details/vegetarian-food/merchant-gourmet-puy-lentils-250g', 'Merchant Gourmet Simply Cooked Puy Lentils 250g', '£2.00', '£8.00 / kg')
('https://www.sainsburys.co.uk/shop/gb/groceries/product/details/vegetarian-food/meatless-farm-plant-based-hot-dogs-x4-180g', 'Meatless Farm Plant-Based Hot Dogs x4 180g', '£2.75', '£12.28 / kg')
('https://www.sainsburys.co.uk/shop/gb/groceries/product/details/vegetarian-food/plant-pioneers-macaroni-bake-375g', 'Plant Pioneers Macaroni Bake 375g', '£2.75', '£7.33 / kg')
('https://www.sainsburys.co.uk/shop/gb/groceries/product/details/vegetarian-food/plant-pioneer-no-steak-bake-170g', 'Plant Pioneer No Steak Bake 170g', '£1.50', '£8.82 / kg')
('https://www.sainsburys.co.uk/shop/gb/groceries/product/details/vegetarian-food/plenish-coconut-milk-organic-1l', 'Plenish Organic Coconut Milk 1L', '£2.50', '£2.50 / ltr')
('https://www.sainsburys.co.uk/shop/gb/groceries/product/details/vegetarian-food/plant-pioneers-raspberry-desserts-2x100g', 'Plant Pioneers Raspberry Desserts 2x100g', '£2.00', '£1.00 / 100g')
('https://www.sainsburys.co.uk/shop/gb/groceries/product/details/vegetarian-food/plant-pioneer-no-pork-sausage-rolls-400g', 'Plant Pioneer No Pork Sausage Rolls 400g', '£1.50', '£3.75 / kg')
('https://www.sainsburys.co.uk/shop/gb/groceries/product/details/vegetarian-food/rule-of-crumb-profiteroles-df-goodfellas-220g', 'Rule Of Crumb Chocolate Profiteroles 220g', '£3.00', '£1.36 / 100g')
('https://www.sainsburys.co.uk/shop/gb/groceries/product/details/vegetarian-food/deliciously-ella-pb-oat-bar-150g', 'Deliciously Ella Peanut Oat Bars 3x50g', '£2.00', '£1.34 / 100g')
('https://www.sainsburys.co.uk/shop/gb/groceries/product/details/vegetarian-food/free-easy-organic-carrot-coconut-soup-400g', 'Free & Easy Organic Carrot & Coconut Soup 400g', '£1.75', '44p / 100g')
('https://www.sainsburys.co.uk/shop/gb/groceries/product/details/vegetarian-food/beyond-burger-200g', 'Beyond Meat Plant-Based Burger Patties x2 226g', '£5.00', '£25.00 / kg')
('https://www.sainsburys.co.uk/shop/gb/groceries/product/details/vegetarian-food/higgidy-special-guest-roll-160g', 'Higgidy Special Guest Roll 160g', '£2.60', '£1.63 / 100g')
('https://www.sainsburys.co.uk/shop/gb/groceries/product/details/vegetarian-food/sainsburys-bang-bang-cauliflower-150g', "Sainsbury's Vegan Bang Bang Cauliflower 150g", '£1.75', '£11.67 / kg')
('https://www.sainsburys.co.uk/shop/gb/groceries/product/details/vegetarian-food/jord-oat-hemp-1l', 'Jörd Organic Oat & Hemp Drink 1L', '£1.80', '£1.80 / ltr')
('https://www.sainsburys.co.uk/shop/gb/groceries/product/details/vegetarian-food/jord-oat-1l', 'Jörd Organic Oat Drink 1L', '£1.80', '£1.80 / ltr')
('https://www.sainsburys.co.uk/shop/gb/groceries/product/details/vegetarian-food/frys-vegan-crumbed-escalope-150g', "Fry's Vegan Crumbed Escalope 150g", '£1.75', '£11.67 / kg')
('https://www.sainsburys.co.uk/shop/gb/groceries/product/details/vegetarian-food/smorgasbord-veggie-snack-balls-80g', 'Smorgasbord Veggie Snack Balls 80g', '£1.00', '£12.50 / kg')
('https://www.sainsburys.co.uk/shop/gb/groceries/product/details/vegetarian-food/pp-firecracker-chicken-pieces-160g', 'Plant Pioneers Firecracker Chicken Style Pieces 150g', '£2.75', '£18.33 / kg')
('https://www.sainsburys.co.uk/shop/gb/groceries/product/details/vegetarian-food/leon-crispy-mushroom-nuggets', 'Leon Crispy Mushroom Nuggets 150g', '£3.00', '£20.00 / kg')
('https://www.sainsburys.co.uk/shop/gb/groceries/product/details/vegetarian-food/leon-sweet-potato-katsu-curry-400g', 'LEON Sweet Potato Katsu Curry 400g', '£4.00', '£10.00 / kg')
('https://www.sainsburys.co.uk/shop/gb/groceries/product/details/vegetarian-food/leon-korean-style-mayo-245ml-7988372-p-44', 'Leon Korean Style Mayo 245ml', '£2.50', '£1.04 / 100ml')
('https://www.sainsburys.co.uk/shop/gb/groceries/product/details/vegetarian-food/heck-meat-free-vegan-chipolatas-x10-300g', 'Heck Meat Free Vegan Chipolatas x10 300g', '£2.00', '£6.67 / kg')
('https://www.sainsburys.co.uk/shop/gb/groceries/product/details/vegetarian-food/the-meatless-farm-meat-free-burgers-227g', 'Meatless Farm Plant-Based Burgers x2 227g', '£2.50', '£11.01 / kg')
('https://www.sainsburys.co.uk/shop/gb/groceries/product/details/vegetarian-food/sacla-vegan-caesar-salad-dressing', "Sacla' Vegan Caesar Salad Dressing", '£2.00', '87p / 100ml')
('https://www.sainsburys.co.uk/shop/gb/groceries/product/details/vegetarian-food/vivera-plant-veggie-burgers-200g', 'Vivera Plant Veggie Burgers 200g', '£2.50', '£12.50 / kg')
('https://www.sainsburys.co.uk/shop/gb/groceries/product/details/vegetarian-food/califia-farms-oat-barista-blend-1l', 'Califia Farms Oat Barista Blend 1L', '£2.00', '£2.00 / ltr')
('https://www.sainsburys.co.uk/shop/gb/groceries/product/details/vegetarian-food/gü-belgian-chocolate-brownie-2x78g', 'Gü Hot Chocolate Brownie Desserts 2x78g', '£3.30', '£2.12 / 100g')
('https://www.sainsburys.co.uk/shop/gb/groceries/product/details/vegetarian-food/sainsburys-sweetened-soya-drink-1l', "Sainsbury's Sweetened Soya Drink 1L", '95p', '95p / ltr')
('https://www.sainsburys.co.uk/shop/gb/groceries/product/details/vegetarian-food/heck-vegfurter-x4-320g', 'Heck Vegfurter x4 320g', '£2.00', '£6.25 / kg')
('https://www.sainsburys.co.uk/shop/gb/groceries/product/details/vegetarian-food/sainsburys-vegan-no-beef-wellington-taste-the-difference-520g', 'Plant Pioneers No Beef Wellington 520g', '£6.00', '£11.54 / kg')
('https://www.sainsburys.co.uk/shop/gb/groceries/product/details/vegetarian-food/plant-pioneers-vegan-shroomballs-240g', 'Plant Pioneers Shroomballs', '£2.50', '£10.42 / kg')
('https://www.sainsburys.co.uk/shop/gb/groceries/product/details/vegetarian-food/sainsburys-deliciously-free-from-strawberry-mousse-2x70g-140g-', "Sainsbury's Deliciously Free From Strawberry Mousse 2x70g (140g)", '£1.75', '£1.25 / 100g')
('https://www.sainsburys.co.uk/shop/gb/groceries/product/details/vegetarian-food/sainsburys-love-soya--alternative-to-dairy-milk-1l', "Sainsbury's Sweetened Soya Fresh Drink 1L", '£1.20', '£1.20 / ltr')
('https://www.sainsburys.co.uk/shop/gb/groceries/product/details/loose-produce/sainsburys-red-grapefruit', "Sainsbury's Red Grapefruit", '60p', '60p / ea')
('https://www.sainsburys.co.uk/shop/gb/groceries/product/details/loose-produce/sainsburys-white-turnips-loose', "Sainsbury's White Turnips Loose", '£2.40 / kg', '£2.40 / kg')
('https://www.sainsburys.co.uk/shop/gb/groceries/product/details/loose-produce/sainsburys-okra-loose', "Sainsbury's Okra Loose", '£4.95 / kg', '£4.95 / kg')
('https://www.sainsburys.co.uk/shop/gb/groceries/product/details/loose-produce/sainsburys-parsnips-loose', "Sainsbury's Parsnips Loose", '£1.15 / kg', '£1.15 / kg')
('https://www.sainsburys.co.uk/shop/gb/groceries/product/details/loose-produce/sainsburys-leeks-loose', "Sainsbury's Leeks Loose", '£1.90 / kg', '£1.90 / kg')
('https://www.sainsburys.co.uk/shop/gb/groceries/product/details/loose-produce/sainsburys-red-onions-loose', "Sainsbury's Red Onions Loose", '£1.00 / kg', '£1.00 / kg')
('https://www.sainsburys.co.uk/shop/gb/groceries/product/details/loose-produce/sainsburys-onions-loose', "Sainsbury's Onions Loose", '85p / kg', '85p / kg')
('https://www.sainsburys.co.uk/shop/gb/groceries/product/details/all-fruit/sainsburys-pomegranate-250g', "Sainsbury's Pomegranate 250g", '£2.50', '£10.00 / kg')
('https://www.sainsburys.co.uk/shop/gb/groceries/product/details/all-fruit/sainsburys-mixed-grapes-900g', "Sainsbury's Mixed Grapes 900g", '£3.50', '39p / 100g')
('https://www.sainsburys.co.uk/shop/gb/groceries/product/details/all-fruit/sainsburys-sorrento-lemons-x-2', "Sainsbury's Sorrento Lemons x2", '£1.75', '88p / ea')
('https://www.sainsburys.co.uk/shop/gb/groceries/product/details/all-fruit/sainsburys-extra-large-blueberries-150g', "Sainsbury's Extra Large Blueberries 150g", '£2.00', '£13.33 / kg')
('https://www.sainsburys.co.uk/shop/gb/groceries/product/details/all-fruit/sainsburys-grapefruit-160g', "Sainsbury's Ruby Grapefruit 160g", '£1.50', '£9.38 / kg')
('https://www.sainsburys.co.uk/shop/gb/groceries/product/details/all-fruit/sainsburys-easy-peelers-family-size-1kg', "Sainsbury's Family Size Easy Peelers 1kg", '£1.95', '£1.95 / kg')
('https://www.sainsburys.co.uk/shop/gb/groceries/product/details/all-fruit/sainsburys-black-grapes-700g', "Sainsbury's Black Grapes 700g", '£2.75', '£3.93 / kg')
('https://www.sainsburys.co.uk/shop/gb/groceries/product/details/all-fruit/sainsburys-british-cherry---strawberry-pack-600g', "Sainsbury's British Cherry & Strawberry Pack 600g", '£4.00', '£6.67 / kg')
('https://www.sainsburys.co.uk/shop/gb/groceries/product/details/all-fruit/sainsburys-flat-peaches-x4', "Sainsbury's Flat Peaches x4", '£1.00', '25p / ea')
('https://www.sainsburys.co.uk/shop/gb/groceries/product/details/all-fruit/sainsburys-melon-fridge-bag-500g', "Sainsbury's Melon Fridge Bag 500g", '£2.75', '£5.50 / kg')
('https://www.sainsburys.co.uk/shop/gb/groceries/product/details/all-fruit/sainsburys-medjool-dates-taste-the-difference-500g', "Sainsbury's Medjool Dates, Taste the Difference 500g", '£4.50', '£9.00 / kg')
('https://www.sainsburys.co.uk/shop/gb/groceries/product/details/all-fruit/sainsburys-ripe---ready-red-pear-x4', "Sainsbury's Ripe & Ready Blush Pears x4", '£2.00', '50p / ea')
('https://www.sainsburys.co.uk/shop/gb/groceries/product/details/all-fruit/sainsburys-cherry-punnet-200g-468015-p-44', "Sainsbury's Cherry Punnet 200g", '£2.75', '£13.75 / kg')
('https://www.sainsburys.co.uk/shop/gb/groceries/product/details/all-fruit/sainsburys-large-turkish-figs-x6', "Sainsbury's Large Turkish Figs x6", '£2.20', '£6.29 / kg')
('https://www.sainsburys.co.uk/shop/gb/groceries/product/details/all-fruit/sainsburys-granny-smith-apples-x6', "Sainsbury's Granny Smith Apples x6", '£1.60', '27p / ea')
('https://www.sainsburys.co.uk/shop/gb/groceries/product/details/all-fruit/sainsburys-red-grapes-170g', "Sainsbury's Red Seedless Grapes 170g", '75p', '£4.41 / kg')
('https://www.sainsburys.co.uk/shop/gb/groceries/product/details/all-fruit/sainsburys-red-dessert-apples-x4', "Sainsbury's Red Dessert Apples x4", '£2.00', '£2.00 / ea')
('https://www.sainsburys.co.uk/shop/gb/groceries/product/details/all-fruit/sainsburys-papaya-x2', "Sainsbury's Papaya x2", '£2.50', '£1.25 / ea')
('https://www.sainsburys.co.uk/shop/gb/groceries/product/details/all-fruit/sainsburys-rubens-apples-x5', "Sainsbury's Rubens Apples x5", '£1.50', '£1.50 / ea')
('https://www.sainsburys.co.uk/shop/gb/groceries/product/details/all-fruit/sainsburys-black-seedless-grapes-500g', "Sainsbury's Black Seedless Grapes 500g", '£1.75', '£3.50 / kg')
('https://www.sainsburys.co.uk/shop/gb/groceries/product/details/all-fruit/sainsburys-medjool-dates--so-organic-200g', "Sainsbury's Medjool Dates, SO Organic 200g", '£2.50', '£12.50 / kg')
('https://www.sainsburys.co.uk/shop/gb/groceries/product/details/all-fruit/sainsburys-monkey-nuts--basics-500g', "Sainsbury's Monkey Nuts 500g", '£1.90', '£3.80 / kg')
('https://www.sainsburys.co.uk/shop/gb/groceries/product/details/all-fruit/sainsburys-pineapple-pieces-400g', "Sainsbury's Pineapple Pieces 400g", '£2.00', '£5.00 / kg')
('https://www.sainsburys.co.uk/shop/gb/groceries/product/details/all-fruit/sainsburys-oranges-large-x4', "Sainsbury's Oranges Large x4", '£1.85', '46p / ea')
('https://www.sainsburys.co.uk/shop/gb/groceries/product/details/all-fruit/sainsburys-tree-ripened-papaya', "Sainsbury's Tree Ripened Papaya", '£1.50', '£1.50 / ea')
('https://www.sainsburys.co.uk/shop/gb/groceries/product/details/all-fruit/sainsburys-coconut', "Sainsbury's Coconut", '70p', '70p / ea')
('https://www.sainsburys.co.uk/shop/gb/groceries/product/details/all-fruit/sainsburys-peaches-ripe---ready-x4', "Sainsbury's Peaches, Ripe & Ready x4", '£3.00', '75p / ea')
('https://www.sainsburys.co.uk/shop/gb/groceries/product/details/all-fruit/sainsburys-physalis-100g', "Sainsbury's Physalis 100g", '£1.00', '£10.00 / kg')
('https://www.sainsburys.co.uk/shop/gb/groceries/product/details/all-fruit/sainsburys-peach-punnet-x4', "Sainsbury's Peach Punnet (Min x4)", '£1.75', '44p / ea')
('https://www.sainsburys.co.uk/shop/gb/groceries/product/details/all-fruit/sainsburys-easy-peelers-600g', "Sainsbury's Easy Peelers 600g", '£1.35', '£2.25 / kg')
('https://www.sainsburys.co.uk/shop/gb/groceries/product/details/all-fruit/sainsburys-grapefruit--so-organic', "Sainsbury's Grapefruit, SO Organic", '77p', '77p / ea')
('https://www.sainsburys.co.uk/shop/gb/groceries/product/details/all-fruit/sainsburys-blueberries--so-organic-150g', "Sainsbury's Blueberries, SO Organic 150g", '£2.50', '£16.67 / kg')
('https://www.sainsburys.co.uk/shop/gb/groceries/product/details/all-fruit/sainsburys-blackberries--tangy-150g', "Sainsbury's Blackberries, Tangy 150g", '£2.00', '£13.33 / kg')
('https://www.sainsburys.co.uk/shop/gb/groceries/product/details/all-fruit/sainsburys-strawberries-227g', "Sainsbury's Strawberries 250g", '£1.75', '£7.00 / kg')
('https://www.sainsburys.co.uk/shop/gb/groceries/product/details/all-fruit/sainsburys-ripen-at-home-bananas', "Sainsbury's Ripen At Home Bananas", '69p', '69p / ea')
('https://www.sainsburys.co.uk/shop/gb/groceries/product/details/all-fruit/sainsburys-pineapple-grape-blueberries-210g', "Sainsbury's Pineapple, Grape & Blueberries 210g", '£2.00', '£9.52 / kg')
('https://www.sainsburys.co.uk/shop/gb/groceries/product/details/all-fruit/sainsburys-cox-apple-single', "Sainsbury's Cox Apple Single", '30p', '30p / ea')
('https://www.sainsburys.co.uk/shop/gb/groceries/product/details/all-fruit/sainsburys-distinctive-cherries-250g', "Sainsbury's Distinctive Cherries 250g", '£2.50', '£10.00 / kg')
('https://www.sainsburys.co.uk/shop/gb/groceries/product/details/all-fruit/sainsburys-raspberries-so-organic-150g', "Sainsbury's Raspberries, SO Organic 150g", '£2.75', '£18.33 / kg')
('https://www.sainsburys.co.uk/shop/gb/groceries/product/details/all-fruit/sainsburys-r-r-nectarine-minimum-x3', "Sainsbury's Ripe & Ready Nectarine (Min x3)", '£2.20', '73p / ea')
('https://www.sainsburys.co.uk/shop/gb/groceries/product/details/all-fruit/sainsburys-fairtrade-small-bananas-x5-7553289-p-44', "Sainsbury's Fairtrade Small Bananas x5", '60p', '12p / ea')
('https://www.sainsburys.co.uk/shop/gb/groceries/product/details/new-trending-special-offers/sistema\xa0pink-blue-hydrate-twist-n-sip-bottle-330ml-pink---blue', 'Sistema 330ml Twist And Sip Pink, Blue, Lilac', '£2.00', '£2.00 / ea')
('https://www.sainsburys.co.uk/shop/gb/groceries/product/details/new-trending-special-offers/sharpie-5pk-black-markers-128057794-p', 'Sharpie 5 Pack Black', '£6.00', '£6.00 / ea')
('https://www.sainsburys.co.uk/shop/gb/groceries/product/details/new-trending-special-offers/walkers-mix-ups-spicy-snacks-120g', 'Walkers Mix Ups Sharing Spicy Snacks 120g', '£1.00', '83p / 100g')
('https://www.sainsburys.co.uk/shop/gb/groceries/product/details/new-trending-special-offers/sony-v150-over-ear-dj-headphones-white-126651407-p', 'Sony V150 DJ Headphones White', '£18.00', '£18.00 / ea')
('https://www.sainsburys.co.uk/shop/gb/groceries/product/details/new-trending-special-offers/crayola-fineline-scented-markers-x10-126079421-p', 'Uni-Ball Eye Designer Ub-157D 3pk Black', '£6.00', '£6.00 / ea')
('https://www.sainsburys.co.uk/shop/gb/groceries/product/details/new-trending-special-offers/crayola-coloured-pencils-x12', 'Crayola Colouring Pencils x12', '£2.50', '£2.50 / ea')
('https://www.sainsburys.co.uk/shop/gb/groceries/product/details/new-trending-special-offers/papermate-flexgrip-black-2pk-122313777-p', 'Papermate Flexgrip Ultra 2pk Black', '£3.00', '£3.00 / ea')
('https://www.sainsburys.co.uk/shop/gb/groceries/product/details/new-trending-special-offers/celebrations-8-famous-chocolate-brands-245g', 'Celebrations Chocolate Gift Box 240g', '£2.00', '83p / 100g')
('https://www.sainsburys.co.uk/shop/gb/groceries/product/details/new-trending-special-offers/vita-coco-coconut-water-4x330ml', 'Vita Coco Coconut Water 4x330ml', '£4.00', '30p / 100ml')
('https://www.sainsburys.co.uk/shop/gb/groceries/product/details/new-trending-special-offers/alpro-long-life-soya-milk-alternative--oat-1l', 'Alpro Oat Long Life Drink 1L', '£1.80', '£1.80 / ltr')
('https://www.sainsburys.co.uk/shop/gb/groceries/product/details/new-trending-special-offers/linda-mccartney-chilled-vegetarian-meatballs-240g', 'Linda McCartney Chilled Vegetarian Meatballs 240g', '£2.50', '£10.42 / kg')
('https://www.sainsburys.co.uk/shop/gb/groceries/product/details/new-trending-special-offers/sainsburys-italian-parma-ham-24-month-matured--taste-the-difference-70g', "Sainsbury's Italian Parma Ham 24 Month Matured, Taste the Difference 70g", '£3.25', '£4.64 / 100g')
('https://www.sainsburys.co.uk/shop/gb/groceries/product/details/new-trending-special-offers/dirty-works-high---dry-shower-cap', 'Dirty Works High & Dry Shower Cap', '£1.75', '£1.75 / ea')
('https://www.sainsburys.co.uk/shop/gb/groceries/product/details/new-trending-special-offers/kabuto-noodles-chicken-ramen-85g', 'Kabuto Noodles Chicken Ramen 85g', '£2.00', '£23.53 / kg')
('https://www.sainsburys.co.uk/shop/gb/groceries/product/details/new-trending-special-offers/ben---jerrys-ice-cream-phish-food-500ml', "Ben & Jerry's Ice Cream Phish Food 465ml", '£3.00', '65p / 100ml')
('https://www.sainsburys.co.uk/shop/gb/groceries/product/details/new-trending-special-offers/sainsburys-my-goodness!-chilli-prawn-linguine-pasta-380g', "Sainsbury's My Goodness! Chilli Prawn Linguine Pasta 380g (Serves 1)", '£3.50', '£9.21 / kg')
('https://www.sainsburys.co.uk/shop/gb/groceries/product/details/new-trending-special-offers/sharwoods-hoi-sin---five-spice-sauce-425g', "Sharwood's Hoi Sin & Five Spice Cooking Sauce 425g", '£1.85', '44p / 100g')
('https://www.sainsburys.co.uk/shop/gb/groceries/product/details/new-trending-special-offers/centrum-for-men-50-x30', 'Centrum For Men 50+ x30', '£6.00', '20p / ea')
('https://www.sainsburys.co.uk/shop/gb/groceries/product/details/new-trending-special-offers/centrum-advance-for-men-x30', 'Centrum Advance For Men x30', '£5.00', '17p / tblt')
('https://www.sainsburys.co.uk/shop/gb/groceries/product/details/new-trending-special-offers/heineken-12x330ml', 'Heineken Premium Lager Beer Bottles 12x330ml', '£12.00', '£3.03 / ltr')
('https://www.sainsburys.co.uk/shop/gb/groceries/product/details/new-trending-special-offers/sainsburys-cheese---tomato-pasta-300g', "Sainsbury's Cheese & Tomato Pasta Salad 300g", '£2.00', '67p / 100g')
('https://www.sainsburys.co.uk/shop/gb/groceries/product/details/new-trending-special-offers/belvoir-elderflower-cordial-500ml', 'Belvoir Elderflower Cordial 500ml', '£3.30', '66p / 100ml')
('https://www.sainsburys.co.uk/shop/gb/groceries/product/details/new-trending-special-offers/sainsburys-tuna---sweetcorn-pasta-300g', "Sainsbury's Tuna & Sweetcorn Pasta Salad 300g", '£2.00', '67p / 100g')
('https://www.sainsburys.co.uk/shop/gb/groceries/product/details/new-trending-special-offers/john-frieda-frizz-ease-miraculous-recovery-masque-150ml', 'John Frieda Frizz Ease Miraculous Recovery Masque 150ml', '£7.00', '£4.67 / 100ml')
('https://www.sainsburys.co.uk/shop/gb/groceries/product/details/new-trending-special-offers/sainsburys-victoria-sponge-cake--taste-the-difference-5', "Sainsbury's Victoria Sponge Cake, Taste the Difference 345g (Serves 6)", '£2.00', '58p / 100g')
('https://www.sainsburys.co.uk/shop/gb/groceries/product/details/new-trending-special-offers/centrum-performance-x30', 'Centrum Performance x30', '£5.50', '18p / tblt')
('https://www.sainsburys.co.uk/shop/gb/groceries/product/details/new-trending-special-offers/pizza-express-sloppy-guiseppe-8-pizza', 'Pizza Express Sloppy Guiseppe Pizza 305g', '£2.50', '£8.20 / kg')
('https://www.sainsburys.co.uk/shop/gb/groceries/product/details/new-trending-special-offers/old-el-paso-nacho-kit-520g', 'Old El Paso Original Nacho Kit 505g', '£2.00', '39p / 100g')
('https://www.sainsburys.co.uk/shop/gb/groceries/product/details/new-trending-special-offers/ryvita-crispbread--multigrain-250g', 'Ryvita Crunchy Rye Bread Multigrain 6 x40g', '£1.00', '40p / 100g')
('https://www.sainsburys.co.uk/shop/gb/groceries/product/details/new-trending-special-offers/guylian-belgian-chocolate-seashells-x22-250g', 'Guylian Belgian Chocolate Seashells x22 250g', '£3.75', '£1.50 / 100g')
('https://www.sainsburys.co.uk/shop/gb/groceries/product/details/new-trending-special-offers/sainsburys-toffee-sponges-2x110g', "Sainsbury's Sticky Toffee Sponge Pudding 2x110g", '£1.50', '68p / 100g')
('https://www.sainsburys.co.uk/shop/gb/groceries/product/details/new-trending-special-offers/château-barreyres-haut-médoc-75cl', 'Château Barreyres Haut-Médoc 75cl', '£13.00', '£13.00 / 75cl')
('https://www.sainsburys.co.uk/shop/gb/groceries/product/details/new-trending-special-offers/alpro-soya-vanilla-dessert-4x125g', 'Alpro Velvet Vanilla Dessert x4 125g', '£1.70', '34p / 100g')
('https://www.sainsburys.co.uk/shop/gb/groceries/product/details/new-trending-special-offers/lindt-excellence-chilli-100g', 'Lindt Excellence Dark Chilli Chocolate Bar 100g', '£1.50', '£1.50 / 100g')
('https://www.sainsburys.co.uk/shop/gb/groceries/product/details/new-trending-special-offers/aperol-aperitivo-70cl', 'Aperol Aperitivo 70cl', '£16.00', '£22.86 / ltr')
('https://www.sainsburys.co.uk/shop/gb/groceries/product/details/new-trending-special-offers/pewter-glitter-backpack-135355757-p', 'Pewter Glitter Backpack', '£10.00', '£10.00 / ea')
('https://www.sainsburys.co.uk/shop/gb/groceries/product/details/new-trending-special-offers/sainsburys-home-cat-ears-bottle-135350551-p', "Sainsbury's Home Cat Ears Bottle", '£6.00', '£6.00 / ea')
('https://www.sainsburys.co.uk/shop/gb/groceries/product/details/new-trending-special-offers/casio-fx-85gtx-calculator-134977263-p', 'Casio Fx-85Gtx Calculator', '£17.00', '£17.00 / ea')
('https://www.sainsburys.co.uk/shop/gb/groceries/product/details/new-trending-special-offers/super-facialist-for-men-firming-eye-cream-15ml', 'Super Facialist for Men Firming Eye Cream 15ml', '£10.00', '£66.67 / 100ml')
('https://www.sainsburys.co.uk/shop/gb/groceries/product/details/new-trending-special-offers/mccoys-muchos-smoky-chilli-chicken-180g', "McCoy's Muchos Smoky Chilli Chicken Tortilla Crisps 180g", '£1.00', '56p / 100g')
('https://www.sainsburys.co.uk/shop/gb/groceries/product/details/new-trending-special-offers/phd-smart-bar-white-choc-blondie-64g', 'PhD Smart Bar White Choc Blondie 64g', '£2.00', '£3.13 / 100g')
('https://www.sainsburys.co.uk/shop/gb/groceries/product/details/perfect-cheeseboards/sainsburys-favourite-cheese-selection-470g', "Sainsbury's Favourite Cheese Selection 456g", '£5.00', '£10.96 / kg')
('https://www.sainsburys.co.uk/shop/gb/groceries/product/details/perfect-cheeseboards/sainsburys-cambozola-175g', "Sainsbury's Cambozola Cheese 175g", '£2.05', '£11.71 / kg')
('https://www.sainsburys.co.uk/shop/gb/groceries/product/details/perfect-cheeseboards/sainsburys-whole-normandy-camembert-250g', "Sainsbury's French Camembert Cheese Whole 250g", '£1.55', '£6.20 / kg')
('https://www.sainsburys.co.uk/shop/gb/groceries/product/details/perfect-cheeseboards/sainsburys-german-smoked-cheese-150g', "Sainsbury's German Smoked Cheese 150g", '£1.30', '£8.67 / kg')
('https://www.sainsburys.co.uk/shop/gb/groceries/product/details/perfect-cheeseboards/sainsburys-french-goats-cheese--mild-150g', "Sainsbury's French Goats Cheese, Mild 150g", '£2.05', '£13.67 / kg')
('https://www.sainsburys.co.uk/shop/gb/groceries/product/details/perfect-cheeseboards/sainsburys-taleggio--taste-the-difference-200g', "Sainsbury's Taleggio Cheese, Taste the Difference 200g", '£3.00', '£15.00 / kg')
('https://www.sainsburys.co.uk/shop/gb/groceries/product/details/perfect-cheeseboards/sainsburys-wensleydale-apricot-amaretto-taste-the-difference-200g', "Sainsbury's Wensleydale, Apricot & Amaretto, Taste the Difference 200g", '£2.50', '£12.50 / kg')
('https://www.sainsburys.co.uk/shop/gb/groceries/product/details/perfect-cheeseboards/sainsburys-brie-cheese-470g', "Sainsbury's French Brie 470g", '1p', '2p / kg')
('https://www.sainsburys.co.uk/shop/gb/groceries/product/details/perfect-cheeseboards/sainsburys-cheese-selection--taste-the-difference-590g', "Sainsbury's Cheese Selection, Taste the Difference 580g", '£8.00', '£13.79 / kg')
('https://www.sainsburys.co.uk/shop/gb/groceries/product/details/perfect-cheeseboards/sainsburys-ossau-iraty--taste-the-difference-180g', "Sainsbury's Ossau Iraty Cheese, Taste the Difference 180g", '£3.00', '£16.67 / kg')
('https://www.sainsburys.co.uk/shop/gb/groceries/product/details/perfect-cheeseboards/sainsburys-butlers-farmhouse-red-leicester--taste-the-difference-240g', "Sainsbury's Butlers Farmhouse Red Leicester Cheese, Taste the Difference 240g", '£3.00', '£12.50 / kg')
('https://www.sainsburys.co.uk/shop/gb/groceries/product/details/perfect-cheeseboards/sainsburys-english-vintage-reserve-cheddar--taste-the-difference-250g', "Sainsbury's English Vintage Reserve Cheddar Cheese, Taste the Difference 250g", '£2.00', '£8.00 / kg')
('https://www.sainsburys.co.uk/shop/gb/groceries/product/details/perfect-cheeseboards/sainsburys-somerset-brie-160g', "Sainsbury's Somerset Brie Cheese 160g", '£1.55', '£9.69 / kg')
('https://www.sainsburys.co.uk/shop/gb/groceries/product/details/perfect-cheeseboards/coeur-de-lion-la-buche-goats-cheese-150g', 'Chavroux La Buche Goats Cheese 150g', '£2.05', '£13.67 / kg')
('https://www.sainsburys.co.uk/shop/gb/groceries/product/details/perfect-cheeseboards/boursin-garlic---herb-150g', 'Boursin Garlic & Herb French Cheese 150g', '£2.00', '£13.33 / kg')
('https://www.sainsburys.co.uk/shop/gb/groceries/product/details/perfect-cheeseboards/sainsburys-normandy-ripening-brie-cheese-taste-the-difference-190g', "Sainsbury's Normandy Ripening Brie Cheese, Taste the Difference 190g", '£2.00', '£10.53 / kg')
('https://www.sainsburys.co.uk/shop/gb/groceries/product/details/perfect-cheeseboards/sainsburys-austrian-smoked-cheese-125g', "Sainsbury's Austrian Smoked Cheese 125g", '£1.05', '£8.40 / kg')
('https://www.sainsburys.co.uk/shop/gb/groceries/product/details/perfect-cheeseboards/sainsburys-cheddar-cheese-garlic-herb-truckle-100g', "Sainsbury's Cheddar with Garlic & Herbs 100g", '1p', '10p / kg')
('https://www.sainsburys.co.uk/shop/gb/groceries/product/details/perfect-cheeseboards/sainsburys-wensleydale---apricot-truckle-80g', "Sainsbury's Wensleydale & Apricot Cheese Truckle 100g", '1p', '10p / kg')
('https://www.sainsburys.co.uk/shop/gb/groceries/product/details/perfect-cheeseboards/sainsburys-goats-cheese--taste-the-difference-120g', "Sainsbury's Goats' Cheese, Taste the Difference 120g", '£1.70', '£14.17 / kg')
('https://www.sainsburys.co.uk/shop/gb/groceries/product/details/perfect-cheeseboards/sainsburys-stilton--taste-the-difference-210g', "Sainsbury's Stilton Cheese, Taste the Difference 210g", '£2.30', '£10.95 / kg')
('https://www.sainsburys.co.uk/shop/gb/groceries/product/details/perfect-cheeseboards/castello-blue-150g', 'Castello Blue Cheese 150g', '£2.00', '£13.33 / kg')
('https://www.sainsburys.co.uk/shop/gb/groceries/product/details/perfect-cheeseboards/port-salut-185g', 'Port Salut French Cheese 185g', '£2.05', '£11.08 / kg')
('https://www.sainsburys.co.uk/shop/gb/groceries/product/details/perfect-cheeseboards/sainsburys-abergavenny-goats-cheese-125g', "Sainsbury's Abergavenny Goats Cheese 125g", '£1.85', '£14.80 / kg')
('https://www.sainsburys.co.uk/shop/gb/groceries/product/details/perfect-cheeseboards/castello-pineapple-halo-125g', 'Castello Pineapple Halo Soft Cheese 125g', '£1.00', '£8.00 / kg')
('https://www.sainsburys.co.uk/shop/gb/groceries/product/details/perfect-cheeseboards/creme-de-saint-agur-150g', 'Saint Agur Blue Creme Cheese 150g', '£1.60', '£10.66 / kg')
('https://www.sainsburys.co.uk/shop/gb/groceries/product/details/perfect-cheeseboards/sainsburys-gorgonzola-dolce--taste-the-difference-200g', "Sainsbury's Gorgonzola Dolce Cheese, Taste the Difference 200g", '£2.50', '£12.50 / kg')
('https://www.sainsburys.co.uk/shop/gb/groceries/product/details/perfect-cheeseboards/sainsburys-truffle-cheddar-taste-the-difference-200g-7915108-p-44', "Sainsbury's Truffle Cheddar, Taste the Difference 200g", '£2.50', '£12.50 / kg')
('https://www.sainsburys.co.uk/shop/gb/groceries/product/details/perfect-cheeseboards/sainsburys-edam-cheese-310g', "Sainsbury's Edam Cheese 310g", '£2.30', '£7.42 / kg')
('https://www.sainsburys.co.uk/shop/gb/groceries/product/details/perfect-cheeseboards/president-brie-200g', 'President Brie Cheese 200g', '£1.50', '£7.50 / kg')
('https://www.sainsburys.co.uk/shop/gb/groceries/product/details/perfect-cheeseboards/davidstow-crackler-320g', 'Davidstow Cornish Extra Mature Cheddar Cheese 320g', '£3.00', '£9.38 / kg')
('https://www.sainsburys.co.uk/shop/gb/groceries/product/details/perfect-cheeseboards/sainsburys-cheese-selection-board-taste-the-difference-625g', "Sainsbury's Cheese Board, Taste the Difference 482g", '1p', '1p / ea')
('https://www.sainsburys.co.uk/shop/gb/groceries/product/details/milk-fresh-milk/sainsburys-filtered-semi-skimmed-milk-2l', "Sainsbury's British Filtered Semi Skimmed Milk 2L", '£1.35', '68p / ltr')
('https://www.sainsburys.co.uk/shop/gb/groceries/product/details/milk-fresh-milk/sainsburys-west-country-1-fat-milk-4-pint-227l', "Sainsbury's West Country 1% Fat Milk (4 Pint) 2.27L", '£1.15', '51p / ltr')
('https://www.sainsburys.co.uk/shop/gb/groceries/product/details/milk-fresh-milk/sainsburys-1-fat-northern-irish-milk-227l-4-pint-', "Sainsbury's 1% Fat Northern Irish Milk 2.27L (4 Pint)", '£1.10', '55p / ltr')
('https://www.sainsburys.co.uk/shop/gb/groceries/product/details/milk-fresh-milk/sainsburys-1-fat-scottish-milk-227l-4-pint-', "Sainsbury's 1% Fat Scottish Milk 2.27L (4 Pint)", '£1.10', '48p / ltr')
('https://www.sainsburys.co.uk/shop/gb/groceries/product/details/milk-fresh-milk/sainsburys-british-1-fat-milk-113l-2-pint-', "Sainsbury's British 1% Fat Milk 1.13L (2 Pint)", '80p', '70p / ltr')
('https://www.sainsburys.co.uk/shop/gb/groceries/product/details/milk-fresh-milk/sainsburys-british-whole-milk-so-organic-113l-2-pint-', "Sainsbury's British Whole Milk, SO Organic 1.13L (2 pint)", '£1.05', '92p / ltr')
('https://www.sainsburys.co.uk/shop/gb/groceries/product/details/milk-fresh-milk/sainsburys-scottish-skimmed-milk-so-organic-568ml-1-pint-', "Sainsbury's Scottish Skimmed Milk, SO Organic 568ml (1 pint)", '65p', '£1.14 / ltr')
('https://www.sainsburys.co.uk/shop/gb/groceries/product/details/milk-fresh-milk/sainsburys-british-semi-skimmed-milk-so-organic-568ml-1-pint-', "Sainsbury's British Semi Skimmed Milk, SO Organic 568ml (1 pint)", '65p', '£1.14 / ltr')
('https://www.sainsburys.co.uk/shop/gb/groceries/product/details/all-ready-meals-/annabel-karmel-chicken-tikka-200g', 'Annabel Karmel Chicken Tikka Toddler Meal 200g 12 Month+', '£2.50', '£12.50 / kg')
('https://www.sainsburys.co.uk/shop/gb/groceries/product/details/all-ready-meals-/kirstys-spanish-chicken-with-rice-400g', "Kirsty's Spanish Chicken With Rice 400g (Serves 1)", '£2.00', '£5.00 / kg')
('https://www.sainsburys.co.uk/shop/gb/groceries/product/details/all-ready-meals-/kirstys-cottage-pie-sweet-potato-mash-400g', "Kirsty's Cottage Pie Sweet Potato Mash 400g (Serves 1)", '£2.00', '£5.00 / kg')
('https://www.sainsburys.co.uk/shop/gb/groceries/product/details/all-ready-meals-/charlie-bighams-fish-pie-655g', "Charlie Bigham's Fish Pie 655g (Serves 2)", '£8.00', '£12.03 / kg')
('https://www.sainsburys.co.uk/shop/gb/groceries/product/details/all-ready-meals-/rustlers-microwave-quarter-pounder-190g', 'Rustlers Microwave Quarter Pounder 190g (Serves 1)', '£2.50', '£1.32 / 100g')
('https://www.sainsburys.co.uk/shop/gb/groceries/product/details/all-ready-meals-/cloughbane-savoury-mince-pie-650g', 'Cloughbane Savoury Mince Pie 650g', '£3.00', '46p / 100g')
('https://www.sainsburys.co.uk/shop/gb/groceries/product/details/all-ready-meals-/sainsburys-singapore-noodles-450g', "Sainsbury's Singapore Noodles 450g (Serves 1)", '£2.75', '£6.88 / kg')
('https://www.sainsburys.co.uk/shop/gb/groceries/product/details/all-ready-meals-/pataks-lime-pickle-283g', "Patak's Lime Pickle 283g", '£1.95', '69p / 100g')
('https://www.sainsburys.co.uk/shop/gb/groceries/product/details/all-ready-meals-/sainsburys-mini-poppadums-100g', "Sainsbury's Mini Poppadums 100g", '£1.20', '£1.20 / 100g')
('https://www.sainsburys.co.uk/shop/gb/groceries/product/details/all-ready-meals-/sainsburys-mini-onion-bahjia--taste-the-difference-150g', "Sainsbury's Indian Aromatic Onion Bhajias, Taste the Difference 150g", '£1.75', '£10.94 / kg')
('https://www.sainsburys.co.uk/shop/gb/groceries/product/details/all-ready-meals-/sainsburys-indian-lamb-rogan-josh-400g-serves-2-', "Sainsbury's Indian Lamb Rogan Josh 400g (Serves 2)", '£4.00', '£10.00 / kg')
('https://www.sainsburys.co.uk/shop/gb/groceries/product/details/all-ready-meals-/sainsburys-indian-aloo-saag-300g-serves-2-', "Sainsbury's Indian Aloo Saag 300g (Serves 2)", '£2.00', '£6.67 / kg')
('https://www.sainsburys.co.uk/shop/gb/groceries/product/details/all-ready-meals-/jeff-the-chef-chicken-parmo-450g', 'Jeff The Chef Chicken Parmo 450g', '£3.60', '£8.00 / kg')
('https://www.sainsburys.co.uk/shop/gb/groceries/product/details/all-ready-meals-/morrow-foods-irish-stew-450g', 'Morrow Foods Irish Stew 450g (Serves 1)', '£3.85', '£8.56 / kg')
('https://www.sainsburys.co.uk/shop/gb/groceries/product/details/all-ready-meals-/morrow-foods-beef-stew-with-irish-stout-450g', 'Morrow Foods Beef Stew With Irish Stout 450g (Serves 1)', '£3.85', '£8.56 / kg')
('https://www.sainsburys.co.uk/shop/gb/groceries/product/details/all-ready-meals-/sainsburys-british-classic-beef-dinner-400g', "Sainsbury's Classics Beef Dinner 400g (Serves 1)", '£3.50', '£8.75 / kg')
('https://www.sainsburys.co.uk/shop/gb/groceries/product/details/all-ready-meals-/sainsburys-cottage-pie--basics-300g', 'Stamford Street Cottage Pie 300g', '£1.00', '£3.33 / kg')
('https://www.sainsburys.co.uk/shop/gb/groceries/product/details/all-ready-meals-/mcintosh-haggis-neeps---tatties-340g', 'McIntosh Haggis Neeps & Tatties 340g (Serves 1)', '£1.60', '£4.71 / kg')
('https://www.sainsburys.co.uk/shop/gb/groceries/product/details/all-ready-meals-/sainsburys-beef-stew-450g', "Sainsbury's Classics Beef Casserole with Dumplings 400g (Serves 1)", '£2.50', '£6.25 / kg')
('https://www.sainsburys.co.uk/shop/gb/groceries/product/details/all-ready-meals-/sainsburys-british-classic-bangers---mash-450g', "Sainsbury's Classics Sausages & Mash 400g (Serves 1)", '£2.00', '£5.00 / kg')
('https://www.sainsburys.co.uk/shop/gb/groceries/product/details/all-ready-meals-/sainsburys-shepherds-pie--basics-300g', "Sainsbury's Shepherds Pie, Basics 300g (Serves 1)", '90p', '£3.00 / kg')
('https://www.sainsburys.co.uk/shop/gb/groceries/product/details/all-ready-meals-/sainsburys-chicken-tikka-masala---rice--be-good-to-yourself-380g', "Sainsbury's Chicken Tikka Masala & Rice, Be Good To Yourself 380g (Serves 1)", '£3.00', '£7.89 / kg')
('https://www.sainsburys.co.uk/shop/gb/groceries/product/details/all-ready-meals-/sainsburys-tomato---basil-chicken--be-good-to-yourself-400g', "Sainsbury's Tomato & Basil Chicken, Be Good To Yourself 400g (Serves 1)", '£3.00', '£7.50 / kg')
('https://www.sainsburys.co.uk/shop/gb/groceries/product/details/all-ready-meals-/sainsburys-chilli-con-carne--be-good-to-yourself-400g', "Sainsbury's Chilli Con Carne, Be Good To Yourself 400g (Serves 1)", '£2.00', '£5.00 / kg')
('https://www.sainsburys.co.uk/shop/gb/groceries/product/details/all-ready-meals-/sainsburys-just-cook-scottish-salmon-en-croute-380g', "Sainsbury's Just Cook Scottish Salmon En Croute 380g (Serves 2)", '£4.50', '£11.84 / kg')
('https://www.sainsburys.co.uk/shop/gb/groceries/product/details/all-ready-meals-/honest-food-chicken-curry-400g', 'Honest Food Chicken Curry 400g', '£4.50', '£11.25 / kg')
('https://www.sainsburys.co.uk/shop/gb/groceries/product/details/all-ready-meals-/sainsburys-chicken-jalfrezi--taste-the-difference-450g-7803879-p-44', "Sainsbury's Chicken Jalfrezi with Pilau Rice, Taste the Difference 400g (Serves 1)", '£4.00', '£10.00 / kg')
('https://www.sainsburys.co.uk/shop/gb/groceries/product/details/all-ready-meals-/sainsburys-kashmiri-chicken-korma---rice--taste-the-difference-450g', "Sainsbury's Kashmiri Chicken Korma with Pilau Rice, Taste the Difference 400g (Serves 1)", '£4.00', '£10.00 / kg')
('https://www.sainsburys.co.uk/shop/gb/groceries/product/details/all-ready-meals-/cloughbane-individual-cottage-pie-400g', 'Cloughbane Individual Cottage Pie 400g', '£2.80', '£7.00 / kg')
('https://www.sainsburys.co.uk/shop/gb/groceries/product/details/all-ready-meals-/sainsburys-my-goodness!-mushroom-risotto-350g', "Sainsbury's Mushroom Risotto 350g (Serves 1)", '£2.50', '£7.14 / kg')
('https://www.sainsburys.co.uk/shop/gb/groceries/product/details/all-ready-meals-/sainsburys-thai-meal-box-125kg', "Sainsbury's Thai Takeaway Meal Box 1.2kg (Serves 2)", '£10.00', '£8.00 / kg')
('https://www.sainsburys.co.uk/shop/gb/groceries/product/details/all-ready-meals-/sainsburys-crispy-seaweed-50g', "Sainsbury's Crispy Seaweed 50g", '£1.35', '£27.00 / kg')
('https://www.sainsburys.co.uk/shop/gb/groceries/product/details/all-ready-meals-/sainsburys-special-fried-rice-400g', "Sainsbury's Special Fried Rice 400g (Serves 2)", '£2.60', '£6.50 / kg')
('https://www.sainsburys.co.uk/shop/gb/groceries/product/details/all-ready-meals-/rustlers-twin-cheese-burger-280g', 'Rustlers Twin Cheese Burger 280g', '£2.50', '89p / 100g')
('https://www.sainsburys.co.uk/shop/gb/groceries/product/details/all-ready-meals-/curry-mutton-rice---gungo-peas-480g', 'Curry Mutton Rice & Gungo Peas 480g', '£3.95', '82p / 100g')
('https://www.sainsburys.co.uk/shop/gb/groceries/product/details/all-ready-meals-/authentic-welsh-beef-curry-320g', 'Authentic Welsh Beef Curry 320g', '£2.90', '£9.06 / kg')
('https://www.sainsburys.co.uk/shop/gb/groceries/product/details/all-ready-meals-/sainsburys-peshwari-naan-x2-260g', "Sainsbury's Peshwari Naan x2 260g", '95p', '37p / 100g')
('https://www.sainsburys.co.uk/shop/gb/groceries/product/details/all-ready-meals-/sainsburys-plain-naan-x-2-260g', "Sainsbury's Plain Naan x 2 260g", '95p', '37p / 100g')
('https://www.sainsburys.co.uk/shop/gb/groceries/product/details/all-ready-meals-/sainsburys-garlic---coriander-mini-naan-x4-188g', "Sainsbury's Garlic & Coriander Mini Naan x4 188g", '90p', '48p / 100g')
('https://www.sainsburys.co.uk/shop/gb/groceries/product/details/all-ready-meals-/mumtaz-halal-chicken-jalfrezi-340g', 'Mumtaz Halal Chicken Jalfrezi 340g (Serves 2)', '£3.70', '£10.88 / kg')
('https://www.sainsburys.co.uk/shop/gb/groceries/product/details/all-ready-meals-/mumtaz-halal-tikka-masala---rice-400g', 'Mumtaz Halal Tikka Masala & Rice 400g (Serves 1)', '£3.00', '£7.50 / kg')
('https://www.sainsburys.co.uk/shop/gb/groceries/product/details/watch-the-sport/kp-dry-roasted-peanuts-300g', 'KP Dry Roasted Peanuts 250g', '£2.00', '80p / 100g')
('https://www.sainsburys.co.uk/shop/gb/groceries/product/details/watch-the-sport/mr-porky-6-pack-x6-18g', 'Mr. Porky Pork Crackles 6x18g', '£2.00', '£1.85 / 100g')
('https://www.sainsburys.co.uk/shop/gb/groceries/product/details/watch-the-sport/stella-artois-premium-lager-beer-cans-18x440ml', 'Stella Artois Premium Lager Beer Cans 18x440ml', '£16.00', '£2.02 / ltr')
('https://www.sainsburys.co.uk/shop/gb/groceries/product/details/watch-the-sport/tyrrells-sweet-chilli---red-pepper-crisps-150g', 'Tyrrells Sweet Chilli & Red Pepper Sharing Crisps 150g', '£2.30', '£1.53 / 100g')
('https://www.sainsburys.co.uk/shop/gb/groceries/product/details/watch-the-sport/tyrrells-mixed-root-vegetable-crisps-150g', 'Tyrrells Mixed Root Vegetable Sharing Crisps 125g', '£1.50', '£1.20 / 100g')
('https://www.sainsburys.co.uk/shop/gb/groceries/product/details/watch-the-sport/sainsburys-sea-salt---cider-vinegar-crisps--taste-the-difference-150g', "Sainsbury's Sea Salt & Cider Vinegar Crisps, Taste the Difference 150g", '£1.00', '67p / 100g')
('https://www.sainsburys.co.uk/shop/gb/groceries/product/details/watch-the-sport/kettle-chips-sea-salt---cracked-black-pepper-150g', 'Kettle Chips Sea Salt & Crushed Black Peppercorns Sharing Crisps 150g', '£1.00', '67p / 100g')
('https://www.sainsburys.co.uk/shop/gb/groceries/product/details/watch-the-sport/7up-sugar-free-6x330ml', '7UP Free Sparkling Lemon & Lime Drink 6x330ml', '£2.50', '13p / 100ml')
('https://www.sainsburys.co.uk/shop/gb/groceries/product/details/watch-the-sport/sainsburys-tortilla-chips--cool-200g', "Sainsbury's Tortilla Chips Cool 200g", '95p', '48p / 100g')
('https://www.sainsburys.co.uk/shop/gb/groceries/product/details/watch-the-sport/sainsburys-tortilla-chips--cool-salted-200g', "Sainsbury's Tortilla Chips Salted 200g", '95p', '48p / 100g')
('https://www.sainsburys.co.uk/shop/gb/groceries/product/details/watch-the-sport/sainsburys-hot-salsa-dip-300g', "Sainsbury's Hot Salsa Dip 300g", '£1.00', '33p / 100g')
('https://www.sainsburys.co.uk/shop/gb/groceries/product/details/watch-the-sport/swizzels-drumstick-squashies-160g', 'Swizzels Drumstick Squashies Sweets 160g', '89p', '56p / 100g')
('https://www.sainsburys.co.uk/shop/gb/groceries/product/details/watch-the-sport/maynards-wine-gums-bag-190g', 'Maynards Bassetts Wine Gums Sweets Bag 190g', '£1.50', '79p / 100g')
('https://www.sainsburys.co.uk/shop/gb/groceries/product/details/watch-the-sport/haribo-tangfastics-215g', 'Haribo Tangfastics Sour Sweets Bag 190g', '85p', '45p / 100g')
('https://www.sainsburys.co.uk/shop/gb/groceries/product/details/watch-the-sport/tyrrells-english-smoky-barbecue-sharing-crisps-150g', 'Tyrrells English Smoky Barbecue Sharing Crisps 150g', '£2.30', '£1.53 / 100g')
('https://www.sainsburys.co.uk/shop/gb/groceries/product/details/watch-the-sport/pipers-great-berwick-longhorn-beef-150g', 'Pipers Great Berwick Longhorn Beef Crisps 150g', '£2.50', '£1.67 / 100g')
('https://www.sainsburys.co.uk/shop/gb/groceries/product/details/watch-the-sport/pringles-honey-glazed-ham-200g', 'Pringles Honey Glazed Ham Crisps, Dinner Party Edition 200g', '£1.25', '63p / 100g')
('https://www.sainsburys.co.uk/shop/gb/groceries/product/details/watch-the-sport/pipers-burrowhill-cdrvn-sea-salt-150g', 'Pipers Burrow Hill Cider Vinegar & Sea Salt Sharing Crisps 150g', '£2.50', '£1.67 / 100g')
('https://www.sainsburys.co.uk/shop/gb/groceries/product/details/watch-the-sport/doritos-flaming-hot-180g', "Doritos Flamin' Hot Tangy Cheese Sharing Tortilla Chips 180g", '£2.00', '£1.11 / 100g')
('https://www.sainsburys.co.uk/shop/gb/groceries/product/details/watch-the-sport/walkers-wotsits-giants-flamin-hot-snacks-130g', "Walkers Wotsits Giants Flamin' Hot Sharing Snacks 130g", '£1.00', '77p / 100g')
('https://www.sainsburys.co.uk/shop/gb/groceries/product/details/watch-the-sport/doritos-stax-sour-cream-170g', 'Doritos Stax Sour Cream & Onion Sharing Snacks 170g', '£2.50', '£1.47 / 100g')
('https://www.sainsburys.co.uk/shop/gb/groceries/product/details/watch-the-sport/fanta-fruit-twist-zero-8x330ml', 'Fanta Fruit Twist Zero 8x330ml', '£3.00', '11p / 100ml')
('https://www.sainsburys.co.uk/shop/gb/groceries/product/details/watch-the-sport/pepsi-max-raspberry-cans-8x330ml-7958483-p', 'Pepsi Max Raspberry Cans 8x330ml', '£3.75', '14p / 100ml')
('https://www.sainsburys.co.uk/shop/gb/groceries/product/details/watch-the-sport/diet-pepsi-cans-12x330ml', 'Diet Pepsi Cans 12x330ml', '£4.00', '10p / 100ml')
('https://www.sainsburys.co.uk/shop/gb/groceries/product/details/watch-the-sport/peters-yard-original-sourdough-crispbread-140g', "Peter's Yard Original Sourdough Crispbread 140g", '£2.40', '£1.71 / 100g')
('https://www.sainsburys.co.uk/shop/gb/groceries/product/details/pub-food-and-drink/kettle-chips-sweet-chilli---sour-cream-150g', 'Kettle Chips Sweet Chilli & Sour Cream Sharing Crisps 150g', '£1.00', '67p / 100g')
('https://www.sainsburys.co.uk/shop/gb/groceries/product/details/pub-food-and-drink/punk-ipa---modern-classic-pale-ale-300ml', 'BrewDog Punk India Pale Ale (IPA) 330ml', '£1.80', '£5.45 / ltr')
('https://www.sainsburys.co.uk/shop/gb/groceries/product/details/pub-food-and-drink/casillero-del-diablo-cabernet-sauvignon-75cl', 'Casillero Del Diablo Cabernet Sauvignon 75cl', '£6.50', '£6.50 / 75cl')
('https://www.sainsburys.co.uk/shop/gb/groceries/product/details/pub-food-and-drink/sainsburys-soda-water-1l', "Sainsbury's Soda Water 1L", '60p', '6p / 100ml')
('https://www.sainsburys.co.uk/shop/gb/groceries/product/details/pub-food-and-drink/sainsburys-morador-malbec--taste-the-difference-75cl', "Sainsbury's Morador Malbec, Taste the Difference 75cl", '£8.50', '£8.50 / 75cl')
('https://www.sainsburys.co.uk/shop/gb/groceries/product/details/pub-food-and-drink/campo-viejo-rioja-gran-reserva-75cl', 'Campo Viejo Gran Reserva Rioja 75cl', '£16.00', '£16.00 / 75cl')
('https://www.sainsburys.co.uk/shop/gb/groceries/product/details/pub-food-and-drink/dows-trademark-finest-reserve-port-75cl', "Dow's Trademark Finest Reserve Port 75cl", '£10.00', '£10.00 / 75cl')
('https://www.sainsburys.co.uk/shop/gb/groceries/product/details/pub-food-and-drink/malibu-caribbean-white-rum-with-coconut-1l', 'Malibu Original White Rum with Coconut Flavour 1L', '£15.00', '£15.00 / ltr')
('https://www.sainsburys.co.uk/shop/gb/groceries/product/details/pub-food-and-drink/leon-waffle-fries-550g', 'Leon Waffle Fries 550g', '£2.00', '£3.64 / kg')
('https://www.sainsburys.co.uk/shop/gb/groceries/product/details/pub-food-and-drink/tiny-rebel-shake-down-mango-ipa-330ml', 'Tiny Rebel Shake Down Mango Vermont IPA 330ml', '£2.00', '£6.06 / ltr')
('https://www.sainsburys.co.uk/shop/gb/groceries/product/details/pub-food-and-drink/19-crimes-red-wine-75cl', '19 Crimes Red Wine 75cl', '£7.00', '£7.00 / 75cl')
('https://www.sainsburys.co.uk/shop/gb/groceries/product/details/pub-food-and-drink/sainsburys-fully-loaded-cheese-feast-575g', "Sainsbury's Fully Loaded Cheese Feast 575g", '£3.00', '£5.22 / kg')
('https://www.sainsburys.co.uk/shop/gb/groceries/product/details/pub-food-and-drink/sainsburys-pork-cider-hotpot-taste-the-difference-400g', "Sainsbury's Pork & Cider Hotpot, Taste the Difference 400g", '£3.00', '£7.50 / kg')
('https://www.sainsburys.co.uk/shop/gb/groceries/product/details/pub-food-and-drink/jubel-urban-beer-cut-with-elderflower-7943165-p', 'Jubel Urban Beer Cut with Elderflower 330ml', '£1.85', '£5.61 / ltr')
('https://www.sainsburys.co.uk/shop/gb/groceries/product/details/pub-food-and-drink/sainsburys-30-day-matured-thin-cut-sirloin-steak-taste-the-difference-155g', "Sainsbury's 30 Day Matured Thin Cut Sirloin Steak, Taste the Difference 155g", '£3.25', '£20.97 / kg')
('https://www.sainsburys.co.uk/shop/gb/groceries/product/details/pub-food-and-drink/sainsburys-venison-burgers--taste-the-difference-340g', "Sainsbury's Venison Burgers, Taste the Difference x2 340g", '£3.50', '£10.29 / kg')
('https://www.sainsburys.co.uk/shop/gb/groceries/product/details/pub-food-and-drink/sainsburys-chicken-tikka-masala---rice-450g', "Sainsbury's Indian Chicken Tikka Masala with Pilau Rice 400g (Serves 1)", '£2.30', '£5.75 / kg')
('https://www.sainsburys.co.uk/shop/gb/groceries/product/details/special-offers-/gu-zesty-spanish-lemon-cheesecakes-2x79g', 'Gü Spanish Lemon Cheesecake Desserts 2x90g', '£2.00', '£1.11 / 100g')
('https://www.sainsburys.co.uk/shop/gb/groceries/product/details/special-offers-/sainsburys-mango---passionfruit-dessert--taste-the-difference-100g', "Sainsbury's Mango & Passion Fruit Panna Cotta with a Passion Fruit Glaze, Taste the Difference 100g", '£1.50', '£1.50 / 100g')
('https://www.sainsburys.co.uk/shop/gb/groceries/product/details/special-offers-/sainsburys-stone-pot-with-rose', "Sainsbury's Pink Succulent in Ceramic", '£5.00', '£5.00 / ea')
('https://www.sainsburys.co.uk/shop/gb/groceries/product/details/special-offers-/baylis---harding-limited-edition-royale-bouquet-manicure-set', 'Baylis & Harding Limited Edition Royale Bouquet Manicure Set', '£5.00', '£5.00 / ea')
('https://www.sainsburys.co.uk/shop/gb/groceries/product/details/special-offers-/les-delices-macarons-72g', 'Les Delices Macarons 72g', '£2.75', '£3.82 / 100g')
('https://www.sainsburys.co.uk/shop/gb/groceries/product/details/special-offers-/edizione-789-di-mondelli-prosecco-75cl-7800128-p-44', 'Edizione 789 Di Mondelli Prosecco 75cl', '£6.25', '£6.25 / 75cl')
('https://www.sainsburys.co.uk/shop/gb/groceries/product/details/special-offers-/i-heart-prosecco-75cl', 'I Heart Prosecco 75cl', '£7.50', '£7.50 / 75cl')
('https://www.sainsburys.co.uk/shop/gb/groceries/product/details/special-offers-/sainsburys-carrots---peas-480g', "Sainsbury's Carrots & Peas 480g", '£1.00', '£2.08 / kg')
('https://www.sainsburys.co.uk/shop/gb/groceries/product/details/special-offers-/sainsburys-planted-mug-gift', "Sainsbury's Planted Mug Gift (Colours may vary)", '£4.00', '£4.00 / ea')
('https://www.sainsburys.co.uk/shop/gb/groceries/product/details/special-offers-/sainsburys-san-francisco-style-sourdough-taste-the-difference-400g-7738662-p', "Sainsbury's San Francisco Style Sourdough Taste the Difference 400g", '£1.70', '43p / 100g')
('https://www.sainsburys.co.uk/shop/gb/groceries/product/details/special-offers-/sainsburys-new-york-cheesecake--taste-the-difference-700g', "Sainsbury's New York Cheesecake Dessert, Taste the Difference 650g", '£4.75', '73p / 100g')
('https://www.sainsburys.co.uk/shop/gb/groceries/product/details/special-offers-/genius-gluten-free-chocolate-cupcakes-126g', 'Genius Gluten Free Chocolate Cupcakes x2', '£1.75', '£1.39 / 100g')
('https://www.sainsburys.co.uk/shop/gb/groceries/product/details/special-offers-/sainsburys-baby-green-cabbage--taste-the-difference-x-2', "Sainsbury's Baby Green Cabbage x2", '£1.80', '90p / ea')
('https://www.sainsburys.co.uk/shop/gb/groceries/product/details/special-offers-/sainsburys-tulip-daffodil-bouquet', "Sainsbury's Tulip & Daffodil Bouquet", '£8.00', '£8.00 / ea')
('https://www.sainsburys.co.uk/shop/gb/groceries/product/details/special-offers-/sainsburys-luxury-rose-lily-bouquet', "Sainsbury's Luxury Rose & Lily Bouquet", '£20.00', '£20.00 / ea')
('https://www.sainsburys.co.uk/shop/gb/groceries/product/details/special-offers-/sainsburys-heritage-baby-parsnips--taste-the-difference-230g-526937-p-44', "Sainsbury's Heritage Baby Parsnips 230g", '£1.25', '£5.43 / kg')
('https://www.sainsburys.co.uk/shop/gb/groceries/product/details/special-offers-/bonne-maman-madeleines-175g', 'Bonne Maman Madeleines 175g', '£2.00', '£1.14 / 100g')
('https://www.sainsburys.co.uk/shop/gb/groceries/product/details/special-offers-/sainsburys-maris-piper-mash--taste-the-difference-450g', "Sainsbury's British Maris Piper Mashed Potato, Taste the Difference 400g (Serves 2)", '£1.80', '£4.50 / kg')
('https://www.sainsburys.co.uk/shop/gb/groceries/product/details/special-offers-/veuve-clicquot-yellow-label-nv-75cl', 'Veuve Clicquot Yellow Label Brut Non Vintage Champagne 75cl', '£36.00', '£36.00 / 75cl')
('https://www.sainsburys.co.uk/shop/gb/groceries/product/details/special-offers-/sainsburys-unfatted-topside-top-rump-beef-roasting-joint-1kg-22kg', "Sainsbury's 21 day Matured Unfatted Top side/ Top Rump British Beef Roasting Joint (approx. 1.4kg)", '£11.16', '£9.00 / kg')
('https://www.sainsburys.co.uk/shop/gb/groceries/product/details/special-offers-/sainsburys-berry-meringue-roulade--taste-the-difference-450g', "Sainsbury's Berry Meringue Roulade Dessert, Taste the Difference 450g", '£4.00', '89p / 100g')
('https://www.sainsburys.co.uk/shop/gb/groceries/product/details/special-offers-/sainsburys-air-dried-lean-ham-finely-sliced--taste-the-difference-120g', "Sainsbury's Air Dried Finely Sliced Lean Ham, Taste the Difference 120g", '£2.00', '£1.67 / 100g')
('https://www.sainsburys.co.uk/shop/gb/groceries/product/details/special-offers-/sainsburys-italian-cubetti-di-pancetta-206g', "Sainsbury's Italian Cubetti Di Pancetta 206g", '£2.25', '£1.09 / 100g')
('https://www.sainsburys.co.uk/shop/gb/groceries/product/details/special-offers-/sainsburys-free-range-woodland-medium-eggs--so-organic-x6', "Sainsbury's Woodland Free Range Medium Eggs, SO Organic x6", '£1.80', '30p / ea')
('https://www.sainsburys.co.uk/shop/gb/groceries/product/details/special-offers-/sainsburys-cucumber-whole', "Sainsbury's Whole Cucumber", '43p', '43p / ea')
('https://www.sainsburys.co.uk/shop/gb/groceries/product/details/special-offers-/sainsburys-signature-chicken-gravy--taste-the-difference-450g', "Sainsbury's Chicken Gravy, Taste the Difference 450g", '£3.15', '70p / 100g')
('https://www.sainsburys.co.uk/shop/gb/groceries/product/details/special-offers-/sainsburys-plain-pancakes-375g', "Sainsbury's Plain Pancakes x6 375g", '£1.50', '40p / 100g')
('https://www.sainsburys.co.uk/shop/gb/groceries/product/details/special-offers-/sainsburys-apple---oat-crumble--taste-the-difference-600g', "Sainsbury's Apple & Oat Crumble Dessert, Taste the Difference 600g", '£4.00', '67p / 100g')
('https://www.sainsburys.co.uk/shop/gb/groceries/product/details/special-offers-/guylian-belgian-seahorses-46g', 'Guylian Belgian Seahorses 42g', '£1.00', '£2.38 / 100g')
('https://www.sainsburys.co.uk/shop/gb/groceries/product/details/special-offers-/lindt-lindor-white-200g', 'Lindt Lindor White Chocolate Truffles Box 200g', '£4.00', '£2.00 / 100g')
('https://www.sainsburys.co.uk/shop/gb/groceries/product/details/special-offers-/cadbury-chocolate-milk-tray-360g', 'Cadbury Milk Tray Chocolate Box 360g', '£6.00', '£1.67 / 100g')
('https://www.sainsburys.co.uk/shop/gb/groceries/product/details/special-offers-/sainsburys-kalamata-olive-bread-taste-the-difference-400g-6767562-p', "Sainsbury's Kalamata Olive Bread Taste the Difference 400g", '£1.70', '43p / 100g')
('https://www.sainsburys.co.uk/shop/gb/groceries/product/details/special-offers-/mrs-crimbles-coconut-macaroons-x6', "Mrs Crimble's Gluten Free Coconut Macaroons x6", '£1.00', '42p / 100g')
('https://www.sainsburys.co.uk/shop/gb/groceries/product/details/special-offers-/sainsburys-bistro-melting-middle-chocolate-pudding--taste-the-difference-2x155g', "Sainsbury's Melting Middle Chocolate Pudding, Taste the Difference 2x155g", '£2.50', '81p / 100g')
('https://www.sainsburys.co.uk/shop/gb/groceries/product/details/special-offers-/lindt-lindor-milk-chocolate-50g', 'Lindt Lindor Milk Chocolate Truffles Box 37g', '£1.00', '£2.70 / 100g')
('https://www.sainsburys.co.uk/shop/gb/groceries/product/details/special-offers-/sainsburys-coffee-cake-taste-the-difference-410g-serves-6-', "Sainsbury's Colombian Coffee Cake, Taste the Difference 400g (Serves 6)", '£2.00', '50p / 100g')
('https://www.sainsburys.co.uk/shop/gb/groceries/product/details/special-offers-/sainsburys-sultana-scones--taste-the-difference-x4', "Sainsbury's Sultana Scones, Taste the Difference x4", '£1.00', '25p / ea')
('https://www.sainsburys.co.uk/shop/gb/groceries/product/details/special-offers-/quality-street--matchmakers-zingy-orange-chocolate-box-130g-6000483-p', 'Quality Street Matchmakers Zingy Orange Chocolate Box 120g', '£1.75', '£1.46 / 100g')
('https://www.sainsburys.co.uk/shop/gb/groceries/product/details/special-offers-/mr-kipling-mini-battenburgs-x5', 'Mr Kipling Mini Battenberg Cakes x5', '£1.00', '20p / ea')
('https://www.sainsburys.co.uk/shop/gb/groceries/product/details/special-offers-/sainsburys-multi-seeded-wholemeal-bread--taste-the-difference-800g', "Sainsbury's Soft Multiseed Farmhouse Thick Sliced Wholemeal Bread, Taste the Difference 800g", '£1.10', '14p / 100g')
('https://www.sainsburys.co.uk/shop/gb/groceries/product/details/all-easter-/sainsburys-multiseed-loaf-taste-the-difference-400g-6541238-p', "Sainsbury's Multiseed Loaf Taste the Difference 400g", '£1.00', '25p / 100g')
('https://www.sainsburys.co.uk/shop/gb/groceries/product/details/all-easter-/sainsburys-multiseed-loaf-taste-difference-800g-6504663-p', "Sainsbury's Multiseed Loaf Taste Difference 800g", '£1.35', '17p / 100g')
('https://www.sainsburys.co.uk/shop/gb/groceries/product/details/all-easter-/green---blacks-miniature-collection-180g', "Green & Black's Organic Classic Miniature Chocolate Bar Collection 12x15g", '£4.50', '£2.50 / 100g')
('https://www.sainsburys.co.uk/shop/gb/groceries/product/details/all-easter-/sainsburys-belgian-chocolate-fudge-cake--taste-the-difference-5', "Sainsbury's Belgian Chocolate Fudge Cake, Taste Difference 395g (Serves 6)", '£2.00', '51p / 100g')
('https://www.sainsburys.co.uk/shop/gb/groceries/product/details/all-easter-/sainsburys-fruity-hot-cross-buns--taste-the-difference-x4-280g', "Sainsbury's Fruity Hot Cross Buns, Taste the Difference x4 280g", '£1.25', '31p / ea')
('https://www.sainsburys.co.uk/shop/gb/groceries/product/details/all-easter-/lindt-lindor-chocolate--assorted-200g', 'Lindt Lindor Assorted Chocolate Truffles Box 200g', '£4.00', '£2.00 / 100g')
('https://www.sainsburys.co.uk/shop/gb/groceries/product/details/all-easter-/after-eight-dark-chocolate-box-300g-3351109-p', 'After Eight Dark Chocolate Thins Box 300g', '£3.00', '£1.00 / 100g')
('https://www.sainsburys.co.uk/shop/gb/groceries/product/details/all-easter-/mr-kipling-fruit-pie-selection-x6-432g', 'Mr Kipling Fruit Pies Selection Bramley Apple & Blackcurrant, Apple, Cherry x6', '£1.00', '17p / ea')
('https://www.sainsburys.co.uk/shop/gb/groceries/product/details/all-easter-/ferrero-rocher-chocolate-200g', 'Ferrero Rocher Chocolate 200g', '£5.00', '£2.50 / 100g')
('https://www.sainsburys.co.uk/shop/gb/groceries/product/details/all-easter-/mcguigan-reserve-shiraz-75cl', 'McGuigan Reserve Shiraz 75cl', '£6.00', '£6.00 / 75cl')
('https://www.sainsburys.co.uk/shop/gb/groceries/product/details/all-easter-/j2o-apple---raspberry-4x275ml', 'J2O Apple & Raspberry Juice Drink 4x275ml', '£3.50', '32p / 100ml')
('https://www.sainsburys.co.uk/shop/gb/groceries/product/details/all-easter-/sainsburys-milk-chocolate-chips-100g', "Sainsbury's Milk Chocolate Chips 100g", '80p', '80p / 100g')
('https://www.sainsburys.co.uk/shop/gb/groceries/product/details/all-easter-/sainsburys-sultanas-1kg', "Sainsbury's Sultanas 1kg", '£3.30', '£3.30 / kg')
('https://www.sainsburys.co.uk/shop/gb/groceries/product/details/all-easter-/sainsburys-raisins--seedless-1kg', "Sainsbury's Raisins, Seedless 1kg", '£3.00', '£3.00 / kg')
('https://www.sainsburys.co.uk/shop/gb/groceries/product/details/all-easter-eggs-and-chocolate-/toffifee-x12-100g', 'Toffifee x12 100g', '£1.00', '£1.00 / 100g')
('https://www.sainsburys.co.uk/shop/gb/groceries/product/details/all-easter-eggs-and-chocolate-/lindt-nuxor-milk-165g', 'Lindt Nuxor with Milk Chocolate 165g', '£5.00', '£3.03 / 100g')
('https://www.sainsburys.co.uk/shop/gb/groceries/product/details/all-easter-eggs-and-chocolate-/ferrero-collection-box-of-chocolate-24-pieces-269g', 'Ferrero Collection Box of Chocolate 24 Pieces 269g', '£6.50', '£2.42 / 100g')
('https://www.sainsburys.co.uk/shop/gb/groceries/product/details/all-easter-eggs-and-chocolate-/ferrero-rocher-milk-chocolate-hazelnut-egg-with-ferrero-rocher-2125g', 'Ferrero Rocher Milk Chocolate & Hazelnut Egg with Ferrero Rocher 212.5g', '£6.50', '£3.06 / 100g')
('https://www.sainsburys.co.uk/shop/gb/groceries/product/details/all-easter-eggs-and-chocolate-/lindt-lindor-milk-mint-egg-285g-check-your-local-store-for-available-range-', 'Lindt Milk Chocolate Egg with LINDOR Mint Truffles 260g', '£10.00', '£3.85 / 100g')
('https://www.sainsburys.co.uk/shop/gb/groceries/product/details/all-easter-eggs-and-chocolate-/cadbury-dairy-milk-giant-easter-egg-515g', 'Cadbury Dairy Milk Giant Easter Egg 515g', '£10.00', '£1.94 / 100g')
('https://www.sainsburys.co.uk/shop/gb/groceries/product/details/all-easter-eggs-and-chocolate-/cadbury-dairy-milk-small-hollow-chocolate-bunny-50g', 'Cadbury Dairy Milk Small Hollow Bunny 50g', '£1.00', '£2.00 / 100g')
('https://www.sainsburys.co.uk/shop/gb/groceries/product/details/all-easter-eggs-and-chocolate-/lindt-gold-bunny-dark-chocolate-200g', 'Lindt Gold Bunny Dark Chocolate 200g', '£4.00', '£2.00 / 100g')
('https://www.sainsburys.co.uk/shop/gb/groceries/product/details/all-easter-eggs-and-chocolate-/galaxy-chocolate-easter-indulgence-extra-large-egg-308g', 'Galaxy Chocolate Easter Indulgence Extra Large Egg 308g', '£8.00', '£2.60 / 100g')
('https://www.sainsburys.co.uk/shop/gb/groceries/product/details/all-easter-eggs-and-chocolate-/lindt-gold-bunny-milk-chocolate-100g', 'Lindt Gold Bunny Milk Chocolate 100g', '£2.50', '£2.50 / 100g')
('https://www.sainsburys.co.uk/shop/gb/groceries/product/details/all-easter-eggs-and-chocolate-/cadbury-crunchie-large-easter-egg-233g', 'Cadbury Crunchie Large Easter Egg 233g', '£3.00', '£1.29 / 100g')
('https://www.sainsburys.co.uk/shop/gb/groceries/product/details/all-easter-eggs-and-chocolate-/cadbury-dairy-milk-fruit-and-nut-ultimate-chocolate-egg-532g', 'Cadbury Dairy Milk Fruit and Nut Ultimate Chocolate Egg 532g', '£12.00', '£2.26 / 100g')
('https://www.sainsburys.co.uk/shop/gb/groceries/product/details/all-easter-eggs-and-chocolate-/maltesers-bunny-chocolate-mini-bunnies-small-easter-egg-80g', 'Maltesers Bunny Chocolate Mini Bunnies Small Easter Egg 80g', '£1.00', '£1.25 / 100g')
('https://www.sainsburys.co.uk/shop/gb/groceries/product/details/all-easter-eggs-and-chocolate-/maltesers-chocolate-medium-easter-egg-127g', 'Maltesers Chocolate Medium Easter Egg 127g', '£1.25', '98p / 100g')
('https://www.sainsburys.co.uk/shop/gb/groceries/product/details/all-easter-eggs-and-chocolate-/green---blacks-organic-tasting-collection--fairtrade-395g', "Green & Black's Organic Tasting Collection 395g", '£10.00', '£2.53 / 100g')
('https://www.sainsburys.co.uk/shop/gb/groceries/product/details/all-easter-eggs-and-chocolate-/lindt-swiss-luxury-selection-215g', 'Lindt Swiss Luxury Selection Chocolate Box 195g', '£6.00', '£3.08 / 100g')
('https://www.sainsburys.co.uk/shop/gb/groceries/product/details/all-easter-eggs-and-chocolate-/lindt-lindor-milk-chocolate-337g', 'Lindt Lindor Milk Chocolate Truffles Box 337g', '£6.00', '£1.78 / 100g')
('https://www.sainsburys.co.uk/shop/gb/groceries/product/details/all-easter-eggs-and-chocolate-/terrys-milk-chocolate-orange-175g', "Terry's Chocolate Orange Milk Ball 157g", '£1.95', '£1.24 / 100g')
('https://www.sainsburys.co.uk/shop/gb/groceries/product/details/all-easter-eggs-and-chocolate-/kinder-surprise-chocolate-egg-x3-60g', 'Kinder Surprise Eggs 3x20', '£1.89', '£3.15 / 100g')
('https://www.sainsburys.co.uk/shop/gb/groceries/product/details/all-easter-eggs-and-chocolate-/sainsburys-deliciously-free-from-strawberry-white-chocolate-egg-100g', "Sainsbury's Deliciously Free From Strawberry & White Chocolate Egg 100g", '£3.50', '£3.50 / 100g')
('https://www.sainsburys.co.uk/shop/gb/groceries/product/details/all-easter-eggs-and-chocolate-/galaxy-chocolate-easter-hunt-mix-3064g', 'Galaxy Chocolate Easter Hunt Mix 306.4g', '£5.00', '£1.63 / 100g')
('https://www.sainsburys.co.uk/shop/gb/groceries/product/details/all-easter-eggs-and-chocolate-/milkybar-white-chocolate-bunny-44g', 'Milkybar White Chocolate Bunny 44g', '£1.00', '£2.27 / 100g')
('https://www.sainsburys.co.uk/shop/gb/groceries/product/details/all-easter-eggs-and-chocolate-/cocoa-co-single-origin-dark-chocolate-shimmer-egg-260g', 'Cocoa & Co. Single Origin Dark Chocolate Shimmer Egg 260g', '£10.00', '£3.85 / 100g')
('https://www.sainsburys.co.uk/shop/gb/groceries/product/details/all-easter-eggs-and-chocolate-/cocoa-co-teardrop-box-220g', 'Cocoa & Co. The Ultimate Favourites Chocolate Collection 220g', '£8.00', '£3.64 / 100g')
('https://www.sainsburys.co.uk/shop/gb/groceries/product/details/all-easter-eggs-and-chocolate-/kit-kat-bunny-29g', 'Kit Kat Milk Chocolate Bunny 29g', '35p', '£1.20 / 100g')
('https://www.sainsburys.co.uk/shop/gb/groceries/product/details/all-chicken-44/sainsburys-tandoori-pulled-chicken-drumsticks-350g', "Sainsbury's Tandoori Pulled Chicken Drumsticks 350g", '£2.25', '64p / 100g')
('https://www.sainsburys.co.uk/shop/gb/groceries/product/details/all-chicken-44/sainsburys-roast-sliced-chicken-breast-160g', "Sainsbury's Roast Sliced Chicken Breast 160g", '£2.00', '£1.25 / 100g')
('https://www.sainsburys.co.uk/shop/gb/groceries/product/details/all-chicken-44/sainsburys-extra-large-basted-whole-frozen-turkey-approx-7-88kg-', "Sainsbury's Extra Large Basted Whole British Turkey 7-8.8kg", '£25.00', '£3.16 / kg')
('https://www.sainsburys.co.uk/shop/gb/groceries/product/details/all-chicken-44/sainsburys-large-basted-whole-frozen-turkey-approx-53-69kg-', "Sainsbury's Large Basted Whole British Turkey 5.3-6.9kg", '£20.00', '£3.28 / kg')
('https://www.sainsburys.co.uk/shop/gb/groceries/product/details/all-chicken-44/bernard-matthews-chicken-chunks-100g', 'Bernard Matthews Chicken Chunks 90g', '£1.10', '£1.22 / 100g')
('https://www.sainsburys.co.uk/shop/gb/groceries/product/details/all-chicken-44/sainsburys-roast-chicken-135g', "Sainsbury's British Roast Chicken Breast 135gm x7 Slices", '£1.75', '£1.30 / 100g')
('https://www.sainsburys.co.uk/shop/gb/groceries/product/details/all-chicken-44/moy-park-irish-chicken-breast-fillets', 'Moy Park Irish Chicken Breast Fillets', '£2.25', '£5.63 / kg')
('https://www.sainsburys.co.uk/shop/gb/groceries/product/details/all-chicken-44/moy-park-deliciously-dippable-breaded-chicken-nuggets-425g', 'Moy Park Deliciously Dippable Breaded Chicken Nuggets 425g', '£3.00', '£7.06 / kg')
('https://www.sainsburys.co.uk/shop/gb/groceries/product/details/all-chicken-44/bernard-matthews-basted-joint-16kg', 'Bernard Matthews Basted Turkey Joint 1.6kg', '£14.00', '£8.75 / kg')
('https://www.sainsburys.co.uk/shop/gb/groceries/product/details/all-chicken-44/sainsburys-60-chicken-selection-pack', "Sainsbury's 60 Chicken Selection Pack", '£5.25', '95p / 100g')
('https://www.sainsburys.co.uk/shop/gb/groceries/product/details/all-chicken-44/tariq-halal-skinless-fillet-2kg', 'Tariq Halal Fresh Skinless Chicken Breast Fillets 2kg', '£13.00', '£6.50 / kg')
('https://www.sainsburys.co.uk/shop/gb/groceries/product/details/all-chicken-44/tandoori-spatchcock-chicken-900g', 'Tariq Halal Spatchcock Chicken with Tandoori Glaze 912g', '£4.00', '£4.44 / kg')
('https://www.sainsburys.co.uk/shop/gb/groceries/product/details/all-chicken-44/sainsburys-british-fresh-chicken-liver-400g', "Sainsbury's British Fresh Chicken Livers 400g", '£1.00', '£2.50 / kg')
('https://www.sainsburys.co.uk/shop/gb/groceries/product/details/all-chicken-44/moy-park-mini-fillets-400g', 'Moy Park Mini Fillets 400g', '£2.75', '£6.88 / kg')
('https://www.sainsburys.co.uk/shop/gb/groceries/product/details/all-chicken-44/moy-park-incredibly-crunchy-breaded-chicken-goujons-430g', 'Moy Park Incredibly Crunchy Breaded Chicken Goujons 430g', '£3.00', '£6.98 / kg')
('https://www.sainsburys.co.uk/shop/gb/groceries/product/details/all-chicken-44/sainsburys-british-fresh-chicken-drumsticks-2kg', "Sainsbury's British Fresh Chicken Skin on Drumsticks 2kg", '£2.60', '£1.30 / kg')
('https://www.sainsburys.co.uk/shop/gb/groceries/product/details/all-chicken-44/leon-coconut-lime-chicken-thighs-150g', 'LEON Coconut & Zesty Kaffir Lime British Chargrilled Chicken Thigh 150g', '£2.70', '£1.80 / 100g')
('https://www.sainsburys.co.uk/shop/gb/groceries/product/details/all-chicken-44/heck-minced-simply-chicken-500g', 'Heck Minced Simply Chicken 500g', '£3.00', '£6.00 / kg')
('https://www.sainsburys.co.uk/shop/gb/groceries/product/details/all-chicken-44/bm-basted-crown-15-195kg', 'Bernard Matthews Golden Norfolk Basted Turkey Crown 1.5--1.95kg', '£13.50', '£9.00 / kg')
('https://www.sainsburys.co.uk/shop/gb/groceries/product/details/all-chicken-44/bm-basted-crown-2-3kg', 'Bernard Matthews Golden Norfolk Basted Turkey Crown Medium 2-3kg', '£17.00', '£9.44 / kg')
('https://www.sainsburys.co.uk/shop/gb/groceries/product/details/all-chicken-44/sedt-malagta-chilli-lime-mini-filt-320g', "Sainsbury's Malagta Chilli Lime Mini Filt, Summer Edition 320g", '£3.25', '£10.16 / kg')
('https://www.sainsburys.co.uk/shop/gb/groceries/product/details/all-chicken-44/sainsburys-slow-cook-fire-cracker-chicken-573g-7825488-p-44', "Sainsbury's Slow Cooked British Boneless Chicken Thighs with Spicy Firecracker Glaze 573g (Serves 2)", '£5.00', '£8.73 / kg')
('https://www.sainsburys.co.uk/shop/gb/groceries/product/details/all-chicken-44/sainsburys-chicken-breast-fillets-300g', "Sainsbury's British Fresh Chicken Breast Fillets Skinless & Boneless 300g", '£1.70', '£5.67 / kg')
('https://www.sainsburys.co.uk/shop/gb/groceries/product/details/all-chicken-44/sainsburys-summer-edition-beer-marinated-british-chicken-breast-sizzlers-330g', "Sainsbury's Summer Edition Beer Marinated British Chicken Breast Sizzlers 330g", '£3.75', '£11.36 / kg')
('https://www.sainsburys.co.uk/shop/gb/groceries/product/details/all-chicken-44/sainsburys-tikka-style-british-chicken-breast-kebabs-summer-edition-x4-237g', "Sainsbury's Tikka Style British Chicken Kebabs, Summer Edition x4 237g", '£3.75', '£15.89 / kg')
('https://www.sainsburys.co.uk/shop/gb/groceries/product/details/all-chicken-44/sainsburys-chinese-style-british-chicken-drumsticks-350g', "Sainsbury's Chinese Style British Chicken Drumsticks 350g", '£2.25', '64p / 100g')
('https://www.sainsburys.co.uk/shop/gb/groceries/product/details/all-chicken-44/sainsburys-plain-breaded-british-chicken-pop-selection-300g', "Sainsbury's Plain Breaded British Chicken Pop Selection 300g", '£2.75', '£9.17 / kg')
('https://www.sainsburys.co.uk/shop/gb/groceries/product/details/all-chicken-44/sainsburys-breaded-british-chicken-burgers-x2-230g', "Sainsbury's Breaded British Chicken Burgers x2 230g", '£2.00', '£8.70 / kg')
('https://www.sainsburys.co.uk/shop/gb/groceries/product/details/all-chicken-44/sainsburys-gluten-free-coated-chicken-breast-fillet-330g', "Sainsbury's Gluten Free Coated Chicken Breast Fillet 330g", '£3.00', '£9.09 / kg')
('https://www.sainsburys.co.uk/shop/gb/groceries/product/details/all-chicken-44/sainsburys-southern-fried-breaded-goujons-350g', "Sainsbury's Southern Fried Breaded Chicken Goujons 325g", '£2.05', '£6.31 / kg')
('https://www.sainsburys.co.uk/shop/gb/groceries/product/details/all-chicken-44/bernard-matthews-ham---cheese-turkey-escalopes-285g', 'Bernard Matthews Ham & Cheese Turkey Escalopes 285g', '£2.10', '£7.37 / kg')
('https://www.sainsburys.co.uk/shop/gb/groceries/product/details/all-chicken-44/sainsburys-firecracker-chicken-wings-350g', "Sainsbury's Firecracker Chicken Wings 350g", '£2.25', '64p / 100g')
('https://www.sainsburys.co.uk/shop/gb/groceries/product/details/all-chicken-44/sainsburys-chargrilled-chicken-slices-300g-7863307-p-44', "Sainsbury's Chargrilled Chicken Breast Slices 300g", '£3.50', '£1.16 / 100g')
('https://www.sainsburys.co.uk/shop/gb/groceries/product/details/all-chicken-44/sainsburys-garlic---herb-sliced-chicken-breast-160g', "Sainsbury's Garlic & Herb Cooked Chicken Breast Slices 160g", '£2.50', '£1.56 / 100g')
('https://www.sainsburys.co.uk/shop/gb/groceries/product/details/all-chicken-44/sainsburys-cheese---onion-crispbake-227g', "Sainsbury's Cheese & Onion Crispbake 227g", '£1.60', '£7.05 / kg')
('https://www.sainsburys.co.uk/shop/gb/groceries/product/details/all-chicken-44/sainsburys-salt---pepper-wholebird-1595kg', "Sainsbury's Roast in the Bag British Whole Fresh Chicken with Salt & Pepper 1.595kg", '£5.25', '£3.31 / kg')
('https://www.sainsburys.co.uk/shop/gb/groceries/product/details/all-chicken-44/sainsburys-cooked-roast-chicken-fillets-x2-240g', "Sainsbury's Cooked Roast Chicken Breast Fillets x2 240g", '£3.50', '£1.46 / 100g')
('https://www.sainsburys.co.uk/shop/gb/groceries/product/details/all-chicken-44/sainsburys-free-range-chicken-thigh-fillets-taste-the-difference-approx-360g-', "Sainsbury's Free Range British Chicken Thigh Fillets, Taste the Difference (approx.590g)", '£5.87', '£1.00 / 100g')
('https://www.sainsburys.co.uk/shop/gb/groceries/product/details/all-chicken-44/sainsburys-british-garlic-basted-whole-chicken-135kg', "Sainsbury's Roast in the Bag British Whole Fresh Chicken & Garlic & Parsley Basted 1.4kg", '£4.50', '£3.24 / kg')
('https://www.sainsburys.co.uk/shop/gb/groceries/product/details/price-lock-pet/sainsburys-snack-pockets-catnip-65g', "Sainsbury's Cat Treat Snack Pockets with Catnip 65g", '80p', '£12.31 / kg')
('https://www.sainsburys.co.uk/shop/gb/groceries/product/details/price-lock-pet/sainsburys-dental-sticks-for-large-dogs-x14', "Sainsbury's Dental Sticks for Large Dogs x14 540g", '£2.00', '£3.70 / kg')
('https://www.sainsburys.co.uk/shop/gb/groceries/product/details/price-lock-pet/felix-goody-bag-cat-treats-seaside-mix-60g-7561672-p', 'Felix Goody Bag Cat Treats Seaside Mix 60g', '90p', '£15.00 / kg')
('https://www.sainsburys.co.uk/shop/gb/groceries/product/details/price-lock-pet/webbox-lick-e-lix-cat-treat--chicken-5x15g', 'Webbox Lick-e-lix Cat Treat, Chicken 5x15g', '£1.00', '£13.33 / kg')
('https://www.sainsburys.co.uk/shop/gb/groceries/product/details/price-lock-pet/bakers-dog-treats-sizzlers-with-tasty-bacon-flavour-120g', 'Bakers Sizzlers Dog Treats Bacon 90g', '95p', '£10.56 / kg')
('https://www.sainsburys.co.uk/shop/gb/groceries/product/details/price-lock-pet/good-boy-beef-rolls-450g', 'Good Boy Pawsley & Co Beef Rolls Bumper Pack Dog Treats 18 Pack', '£7.00', '£15.56 / kg')
('https://www.sainsburys.co.uk/shop/gb/groceries/product/details/price-lock-pet/good-boy-dog-treats--chicken-fillet-with-munchy-dumbbells-100g', 'Good Boy Pawsley & Co Chewy Chicken Dumbbells Dog Treats 100g', '£2.25', '£22.50 / kg')
('https://www.sainsburys.co.uk/shop/gb/groceries/product/details/price-lock-pet/pedigree-dentastix-large-dog-x56-2160g', 'Pedigree Dentastix Daily Adult 1+ Large Dog Treats Dental Chews x56 Sticks', '£9.90', '£4.58 / kg')
('https://www.sainsburys.co.uk/shop/gb/groceries/product/details/price-lock-pet/bakers-allsorts-dog-treats-chicken-and-beef-98g-6628154-p', 'Bakers Allsorts Dog Treats Chicken and Beef 98g', '95p', '£9.69 / kg')
('https://www.sainsburys.co.uk/shop/gb/groceries/product/details/price-lock-pet/webbox-cats-delight-salmon---trout-sticks-x6', 'Webbox Cats Delight, Salmon & Trout Sticks x6', '£1.00', '£33.33 / kg')
('https://www.sainsburys.co.uk/shop/gb/groceries/product/details/price-lock-pet/whiskas-temptations--chicken---cheese-60g', 'Whiskas Temptations Adult 1+ Cat Treat with Chicken 60g', '£1.00', '£16.67 / kg')
('https://www.sainsburys.co.uk/shop/gb/groceries/product/details/price-lock-pet/felix-as-good-as-it-looks--doubly-delicious-meat-12x100g', 'Felix As Good As It Looks Doubly Delicious Cat Food Meat 12x100g', '£3.50', '£2.92 / kg')
('https://www.sainsburys.co.uk/shop/gb/groceries/product/details/price-lock-pet/sainsburys-chunks-in-jelly-with-salmon-100g-7393836-p-44', "Sainsbury's Adult Fine Flakes 1+ Adult Cat Food with Salmon in Jelly 100g", '30p', '£3.00 / kg')
('https://www.sainsburys.co.uk/shop/gb/groceries/product/details/price-lock-pet/sainsburys-farmhouse-kitchen-adult-dog-smooth-pâté-with-chicken-turkey-300g', "Sainsbury's Farmhouse Kitchen Adult Dog Smooth Pâté With Chicken & Turkey 300g", '55p', '£1.83 / kg')
('https://www.sainsburys.co.uk/shop/gb/groceries/product/details/price-lock-pet/go-cat-indoor-cat-dry-cat-food-chicken-and-garden-greens-825g-6548885-p', 'Go-Cat Indoor Cat Dry Cat Food Chicken And Garden Greens 825g', '£2.25', '£2.73 / kg')
('https://www.sainsburys.co.uk/shop/gb/groceries/product/details/price-lock-pet/gourmet-perle-cat-food-pouches-ocean-delicacies-12x85g-6382209-p', 'Gourmet Perle Cat Food Pouches Ocean Delicacies 12x85g', '£4.00', '£3.92 / kg')
('https://www.sainsburys.co.uk/shop/gb/groceries/product/details/price-lock-pet/felix-meaty-loaf-fish---meat-selection-12x100g', 'Felix Cat Food Mixed Selection Meaty Loaf 12 X 100g', '£3.00', '£2.50 / kg')
('https://www.sainsburys.co.uk/shop/gb/groceries/product/details/price-lock-pet/whiskas-in-jelly-wet-adult-1-cat-food-pouches-poultry-12x100g', 'Whiskas in Jelly Wet Adult 1+ Cat Food Pouches Poultry 12x100g', '£3.50', '£2.92 / kg')
('https://www.sainsburys.co.uk/shop/gb/groceries/product/details/price-lock-pet/sainsburys-dog-food-mixer-4kg', "Sainsbury's Dry Dog Food Mixer 4kg", '£3.50', '88p / kg')
('https://www.sainsburys.co.uk/shop/gb/groceries/product/details/price-lock-pet/whiskas-temptations--salmon-60g', 'Whiskas Temptations Adult 1+ Cat Treat with Salmon 60g', '£1.00', '£16.67 / kg')
('https://www.sainsburys.co.uk/shop/gb/groceries/product/details/price-lock-pet/bonio-the-original-biscuits-dog-food-12kg-2451794-p', 'Bonio The Original Biscuits Dog Food 1.2kg', '£3.20', '£2.67 / kg')
('https://www.sainsburys.co.uk/shop/gb/groceries/product/details/price-lock-pet/bonio-the-original-biscuits-dog-food-650g-2034683-p', 'Bonio The Original Biscuits Dog Food 650g', '£1.50', '£2.31 / kg')
('https://www.sainsburys.co.uk/shop/gb/groceries/product/details/price-lock-pet/bakers-meaty-meals-adult-small-dry-dog-food-beef-1kg-7510074-p', 'Bakers Meaty Meals Adult Small Dry Dog Food Beef 1kg', '£2.75', '£2.75 / kg')
('https://www.sainsburys.co.uk/shop/gb/groceries/product/details/price-lock-pet/sainsburys-1-adult-cat-food-smooth-pâté-with-turkey-chicken-100g', "Sainsbury's 1+ Adult Cat Food Smooth Pâté with Turkey & Chicken 100g", '30p', '£3.00 / kg')
('https://www.sainsburys.co.uk/shop/gb/groceries/product/details/price-lock-pet/sainsburys-complete-dog-food--chicken---vegetables-6kg', "Sainsbury's Complete Nutrition Adult Dog Food with Chicken & Vegetables 5kg", '£4.00', '80p / kg')
('https://www.sainsburys.co.uk/shop/gb/groceries/product/details/price-lock-pet/felix-as-good-as-it-looks-cat-food-ocean-12-x-100g-7185797-p', 'Felix As Good As It Looks Cat Food Ocean 12 X 100g', '£3.50', '£2.92 / kg')
('https://www.sainsburys.co.uk/shop/gb/groceries/product/details/price-lock-pet/go-cat-senior-dry-cat-food-chicken-rice-and-veg-2kg-7056853-p', 'Go-Cat Senior Dry Cat Food Chicken Rice And Veg 2kg', '£4.00', '£2.00 / kg')
('https://www.sainsburys.co.uk/shop/gb/groceries/product/details/price-lock-pet/felix-as-good-as-it-looks-kitten-cat-food-mixed-in-jelly-12x100g-6818997-p', 'Felix As Good As It Looks Kitten Cat Food Mixed In Jelly 12X100g', '£3.50', '£2.92 / kg')
('https://www.sainsburys.co.uk/shop/gb/groceries/product/details/price-lock-pet/whiskas-in-jelly-wet-adult-1-cat-food-pouches-fish-40x100g', 'Whiskas in Jelly Wet Adult 1+ Cat Food Pouches Fish 40x100g', '£10.00', '£2.50 / kg')
('https://www.sainsburys.co.uk/shop/gb/groceries/product/details/price-lock-pet/felix-as-good-as-it-looks--meat-selection-in-jelly-12x100g', 'Felix As Good As It Looks Cat Food Meat Selection 12x100g', '£3.50', '£2.92 / kg')
('https://www.sainsburys.co.uk/shop/gb/groceries/product/details/price-lock-pet/felix-cat-food-fish-selection-in-jelly-12-x-100g\xa0-4048992-p', 'Felix Cat Food Fish Selection In Jelly 12 X 100G ', '£3.00', '£2.50 / kg')
('https://www.sainsburys.co.uk/shop/gb/groceries/product/details/new-355373-44/good-boy-chompers-100-natural-dental-bone-dog-treats-60g', 'Good Boy Chompers 100% Natural Dental Bone Dog Treats 60g', '£1.25', '£20.83 / kg')
('https://www.sainsburys.co.uk/shop/gb/groceries/product/details/new-355373-44/good-boy-chompers-100-natural-dental-sticks-medium-dog-x7-210g', 'Good Boy Natural Dental Sticks Medium Dog Treats x7', '£2.50', '36p / ea')
('https://www.sainsburys.co.uk/shop/gb/groceries/product/details/new-355373-44/vivera-southern-fried-plant-nuggets-x8-220g', 'Vivera Southern Fried Plant Nuggets x8 220g', '£3.00', '£15.00 / kg')
('https://www.sainsburys.co.uk/shop/gb/groceries/product/details/new-355373-44/plant-pioneer-vegan-no-beef-mince-220g', 'Plant Pioneer Vegan No Beef Mince 220g', '£2.25', '£10.23 / kg')
('https://www.sainsburys.co.uk/shop/gb/groceries/product/details/new-355373-44/sainsburys-home-lady-boss-medium-bag', "Sainsbury's Home Lady Boss Medium Bag", '£1.50', '£1.50 / ea')
('https://www.sainsburys.co.uk/shop/gb/groceries/product/details/new-355373-44/sainsburys-home-crafted-nature-large-bag-lux', "Sainsbury's Home Crafted Nature Large Bag Lux", '£3.00', '£3.00 / ea')
('https://www.sainsburys.co.uk/shop/gb/groceries/product/details/new-355373-44/elegant-rose-room-spray-100ml', 'Elegant Rose Room Spray 100ml', '£5.00', '£5.00 / ea')
('https://www.sainsburys.co.uk/shop/gb/groceries/product/details/new-355373-44/peony-blush-diffuser-150ml', 'Peony Blush Diffuser 150ml', '£12.00', '£12.00 / ea')
('https://www.sainsburys.co.uk/shop/gb/groceries/product/details/milk-fresh-milk/sainsburys-british-semi-skimmed-milk-227l-4-pint-', "Sainsbury's British Semi Skimmed Milk 2.27L (4 pint)", '£1.09', '48p / ltr')
('https://www.sainsburys.co.uk/shop/gb/groceries/product/details/milk-fresh-milk/sainsburys-british-semi-skimmed-milk-1-pint', "Sainsbury's British Semi Skimmed Milk 1 Pint", '55p', '97p / ltr')
('https://www.sainsburys.co.uk/shop/gb/groceries/product/details/milk-fresh-milk/sainsburys-northern-irish-skimmed-milk-1-pint-568ml', "Sainsbury's Northern Irish Skimmed Milk 568ml (1 Pint)", '55p', '97p / ltr')
('https://www.sainsburys.co.uk/shop/gb/groceries/product/details/milk-fresh-milk/sainsburys-scottish-whole-milk-6pint-34l', "Sainsbury's Scottish Whole Milk 3.4L (6 pint)", '£1.55', '45p / ltr')
('https://www.sainsburys.co.uk/shop/gb/groceries/product/details/milk-fresh-milk/cravendale-purefilter-whole-milk-1l', 'Cravendale Purefilter Whole Milk 1L', '£1.15', '£1.15 / ltr')
('https://www.sainsburys.co.uk/shop/gb/groceries/product/details/milk-fresh-milk/grahams-dairies-skimmed-milk-2l', "Graham's Dairies Skimmed Milk 2L", '£1.25', '63p / ltr')
('https://www.sainsburys.co.uk/shop/gb/groceries/product/details/milk-fresh-milk/yeo-valley-organic-whole-milk-2l', 'Yeo Valley Organic Whole Milk 2L', '£1.80', '90p / ltr')
('https://www.sainsburys.co.uk/shop/gb/groceries/product/details/milk-fresh-milk/yeo-valley-skimmed-milk-2l', 'Yeo Valley Organic Skimmed Milk 2L', '£1.80', '90p / ltr')
('https://www.sainsburys.co.uk/shop/gb/groceries/product/details/milk-fresh-milk/sainsburys-west-country-whole-milk-113l-2-pint-7938763-p-44', "Sainsbury's West Country Whole Milk 1.13L (2 Pint)", '80p', '70p / ltr')
('https://www.sainsburys.co.uk/shop/gb/groceries/product/details/milk-fresh-milk/sainsburys-west-country-skimmed-milk-1-pint-568ml-7938602-p-44', "Sainsbury's West Country Skimmed Milk (1 Pint) 568ml", '55p', '97p / ltr')
('https://www.sainsburys.co.uk/shop/gb/groceries/product/details/milk-fresh-milk/a2-whole-cows-milk-1l', "a2 Milk Fresh Whole Cows' Milk 1L", '£1.35', '£1.35 / ltr')
('https://www.sainsburys.co.uk/shop/gb/groceries/product/details/milk-fresh-milk/grahams-whole-milk--organic-1l-7844801-p-44', "Graham's Whole Milk, Organic 1L", '£1.15', '£1.15 / ltr')
('https://www.sainsburys.co.uk/shop/gb/groceries/product/details/milk-fresh-milk/grahams-whole-milk-organic-1136l-2-pint-', "Graham's Whole Milk, Organic 1.136L (2 pint)", '£1.35', '£1.19 / ltr')
('https://www.sainsburys.co.uk/shop/gb/groceries/product/details/milk-fresh-milk/arla-best-of-both-milk-2l', 'Arla B.O.B. Skimmed Milk 2L', '£1.65', '82p / ltr')
('https://www.sainsburys.co.uk/shop/gb/groceries/product/details/milk-fresh-milk/sainsburys-west-country-semi-skimmed-milk-113l-2-pint-', "Sainsbury's West Country Semi Skimmed Milk 1.13L (2 Pint)", '80p', '70p / ltr')
('https://www.sainsburys.co.uk/shop/gb/groceries/product/details/milk-fresh-milk/sainsburys-west-country-whole-milk-227l-4-pint-', "Sainsbury's West Country Whole Milk 2.27L (4 Pint)", '£1.15', '51p / ltr')
('https://www.sainsburys.co.uk/shop/gb/groceries/product/details/milk-fresh-milk/sainsburys-scottish-whole-milk-so-organic-113l-2-pint-', "Sainsbury's Scottish Whole Milk, SO Organic 1.13L (2 pint)", '£1.05', '92p / ltr')
('https://www.sainsburys.co.uk/shop/gb/groceries/product/details/milk-fresh-milk/sainsburys-scottish-whole-milk-so-organic-568ml-1-pint-', "Sainsbury's Scottish Whole Milk, SO Organic 568ml (1 pint)", '65p', '£1.14 / ltr')
('https://www.sainsburys.co.uk/shop/gb/groceries/product/details/milk-fresh-milk/sainsburys-scottish-semi-skimmed-milk-so-organic-568ml-1-pint-', "Sainsbury's Scottish Semi Skimmed Milk, SO Organic 568ml (1 pint)", '65p', '£1.14 / ltr')
('https://www.sainsburys.co.uk/shop/gb/groceries/product/details/milk-fresh-milk/sainsburys-northern-irish-semi-skimmed-milk-1l', "Sainsbury's Northern Irish Semi-skimmed Milk 1L", '75p', '75p / ltr')
('https://www.sainsburys.co.uk/shop/gb/groceries/product/details/milk-fresh-milk/sainsburys-british-skimmed-milk-113l-2-pint-', "Sainsbury's British Skimmed Milk 1.13L (2 pint)", '80p', '70p / ltr')
('https://www.sainsburys.co.uk/shop/gb/groceries/product/details/milk-fresh-milk/sainsburys-british-semi-skimmed-milk-113l-2-pint-', "Sainsbury's British Semi Skimmed Milk 1.13L (2 pint)", '80p', '70p / ltr')
('https://www.sainsburys.co.uk/shop/gb/groceries/product/details/milk-fresh-milk/sainsburys-scottish-semi-skimmed-milk-227l-4-pint-', "Sainsbury's Scottish Semi Skimmed Milk 2.27L (4 pint)", '£1.09', '48p / ltr')
('https://www.sainsburys.co.uk/shop/gb/groceries/product/details/milk-fresh-milk/sainsburys-northern-irish-whole-milk-3l', "Sainsbury's Northern Irish Whole Milk 3L", '£1.40', '47p / ltr')
('https://www.sainsburys.co.uk/shop/gb/groceries/product/details/milk-fresh-milk/yeo-valley-organic-semi-skimmed-milk-1l', 'Yeo Valley Organic Semi Skimmed Milk 1L', '£1.30', '£1.30 / ltr')
('https://www.sainsburys.co.uk/shop/gb/groceries/product/details/milk-fresh-milk/dalefarm-organic-semi-skimmed-milk-1l', 'Dale Farm Organic Semi Skimmed Milk 1L', '£1.15', '£1.15 / ltr')
('https://www.sainsburys.co.uk/shop/gb/groceries/product/details/milk-fresh-milk/cravendale-purefilter-semi-skimmed-1l', 'Cravendale Purefilter Semi Skimmed Milk 1L', '£1.15', '£1.15 / ltr')
('https://www.sainsburys.co.uk/shop/gb/groceries/product/details/milk-fresh-milk/sainsburys-whole-lactose-free-milk-1l', "Sainsbury's Everyday Lactose Free Whole Dairy Drink 1l", '£1.00', '£1.00 / ltr')
('https://www.sainsburys.co.uk/shop/gb/groceries/product/details/milk-fresh-milk/sainsburys-everyday-lactose-free-semi-skimmed-dairy-drink-1l', "Sainsbury's Everyday Lactose Free Semi Skimmed Dairy Drink 1L", '£1.00', '£1.00 / ltr')
('https://www.sainsburys.co.uk/shop/gb/groceries/product/details/milk-fresh-milk/sainsburys-west-country-whole-milk-568ml-1-pint-7938754-p-44', "Sainsbury's West Country Whole Milk 568ml (1 Pint)", '55p', '97p / ltr')
('https://www.sainsburys.co.uk/shop/gb/groceries/product/details/milk-flavoured-milk/bio-tiful-kefir-milk-drink-500ml', 'Biotiful Kefir Original 500ml', '£2.25', '45p / 100ml')
('https://www.sainsburys.co.uk/shop/gb/groceries/product/details/milk-flavoured-milk/fuel10k-liquid-breakfast-protein-boosted-milk-drink--strawberry-330ml', 'FUEL10K High Protein Breakfast Milk Drink Strawberry 330ml', '£1.50', '45p / 100ml')
('https://www.sainsburys.co.uk/shop/gb/groceries/product/details/milk-flavoured-milk/alpro-almond-unroasted-1l', 'Alpro Unroasted Unsweetened Almond UHT Drink 1L', '£1.80', '£1.80 / ltr')
('https://www.sainsburys.co.uk/shop/gb/groceries/product/details/milk-flavoured-milk/jimmys-iced-coffee-mocha-330ml', "Jimmy's Iced Coffee Mocha 330ml", '£1.60', '£4.85 / ltr')
('https://www.sainsburys.co.uk/shop/gb/groceries/product/details/milk-flavoured-milk/yop-raspberry-500g', 'Yop Raspberry Yogurt Drink 500g', '£1.00', '20p / 100g')
('https://www.sainsburys.co.uk/shop/gb/groceries/product/details/milk-flavoured-milk/emmi-cappuccino-caffe-latte-iced-coffee-230ml', 'Emmi Caffe Latte Cappuccino Iced Coffee 230ml', '£1.55', '£6.74 / ltr')
('https://www.sainsburys.co.uk/shop/gb/groceries/product/details/milk-flavoured-milk/sainsburys-fresh-chocolate-flavoured-milk-1l', "Sainsbury's Chocolate Milkshake 1L", '£1.00', '£1.00 / ltr')
('https://www.sainsburys.co.uk/shop/gb/groceries/product/details/milk-flavoured-milk/biotiful-kefir-mango-500ml', 'Biotiful Kefir Mango 500ml', '£2.25', '45p / 100ml')
('https://www.sainsburys.co.uk/shop/gb/groceries/product/details/milk-flavoured-milk/ufit-chocolate-flavour-high-protein-milkshake-310ml', 'Ufit High Protein Shake Drink Chocolate 310ml', '£1.80', '58p / 100ml')
('https://www.sainsburys.co.uk/shop/gb/groceries/product/details/milk-flavoured-milk/emmi-caffe-latte-mr-big-skinny-370ml', 'Emmi Caffe Latte Mr Big Skinny 370ml', '£1.75', '£4.73 / ltr')
('https://www.sainsburys.co.uk/shop/gb/groceries/product/details/milk-flavoured-milk/sleep-well-vanilla-milk-drink-uht-200ml', 'Sleep Well Vanilla Milk Drink UHT 200ml', '£1.25', '63p / 100ml')
('https://www.sainsburys.co.uk/shop/gb/groceries/product/details/milk-flavoured-milk/shaken-udder-chocolush!-750ml', 'Shaken Udder Chocolush! 750ml', '£2.15', '£2.87 / ltr')
('https://www.sainsburys.co.uk/shop/gb/groceries/product/details/new-trending-special-offers/feather-down-perfect-partners-set', 'Feather & Down Perfect Partners Set', '£5.50', '£5.50 / ea')
('https://www.sainsburys.co.uk/shop/gb/groceries/product/details/new-trending-special-offers/centrum-men-multivitamin-tablets-x60', 'Centrum Men Multivitamin Tablets x60', '£9.00', '£9.00 / ea')
('https://www.sainsburys.co.uk/shop/gb/groceries/product/details/new-trending-special-offers/jolly-hog-oak-beech-smoked-dry-cure-streaky-bacon-x12-200g', 'The Jolly Hog Oak & Beech Smoked Dry Cure Streaky Bacon x12 180g', '£2.50', '£13.89 / kg')
('https://www.sainsburys.co.uk/shop/gb/groceries/product/details/new-trending-special-offers/halo-top-peanut-butter-cup-ice-cream-473ml', 'Halo Top Peanut Butter Cup Ice Cream 473ml', '£3.00', '64p / 100ml')
('https://www.sainsburys.co.uk/shop/gb/groceries/product/details/new-trending-special-offers/neutrogena-hydro-boost-hydrogel-recovery-mask-30ml', 'Neutrogena Hydro Boost Hydrogel Recovery Mask 30ml', '£3.50', '£14.00 / 100ml')
('https://www.sainsburys.co.uk/shop/gb/groceries/product/details/new-trending-special-offers/barry-m-classic-np---ruby-slippers-7927710-p', 'Barry M Classic Nail Paint - Ruby Slippers', '£3.00', '£3.00 / ea')
('https://www.sainsburys.co.uk/shop/gb/groceries/product/details/new-trending-special-offers/super-facialist-pure-sensitive-micellar-cleansing-gel-150ml', 'Super Facialist Pure Sensitive Micellar Cleansing Gel 150ml', '£6.00', '£4.00 / 100ml')
('https://www.sainsburys.co.uk/shop/gb/groceries/product/details/new-trending-special-offers/super-facialist-pure-sensitive-overnight-skin-recovery-cream-75ml', 'Super Facialist Pure Sensitive Overnight Skin Recovery Cream 75ml', '£10.00', '£13.33 / 100ml')
('https://www.sainsburys.co.uk/shop/gb/groceries/product/details/new-trending-special-offers/landric-champagne-brut-75cl', 'Landric Champagne Brut 75cl', '£20.00', '£20.00 / 75cl')
('https://www.sainsburys.co.uk/shop/gb/groceries/product/details/new-trending-special-offers/happy-naturals-revitalising-foot-scrub-sea-minerals-ginger-root-100ml', 'Happy Naturals Revitalising Foot Scrub Sea Minerals & Ginger Root 100ml', '£2.50', '£1.25 / 100ml')
('https://www.sainsburys.co.uk/shop/gb/groceries/product/details/new-trending-special-offers/happy-naturals-nourishing-body-wash-argan-oil-sweet-orange-250ml', 'Happy Naturals Nourishing Body Wash Argan Oil & Shea 250ml', '£2.75', '£1.10 / 100ml')
('https://www.sainsburys.co.uk/shop/gb/groceries/product/details/new-trending-special-offers/love-beauty-and-planet-bountiful-moisture-shower-gel-500ml', 'Love Beauty And Planet Bountiful Moisture Shower Gel 500ml', '£5.00', '£1.00 / 100ml')
('https://www.sainsburys.co.uk/shop/gb/groceries/product/details/new-trending-special-offers/love-beauty-and-planet-radical-refresher-shower-gel', 'Love Beauty And Planet Radical Refresher Shower Gel', '£5.00', '£1.00 / 100ml')
('https://www.sainsburys.co.uk/shop/gb/groceries/product/details/new-trending-special-offers/love-beauty-and-planet-tropical-hydration-shower-gel', 'Love Beauty And Planet Tropical Hydration Shower Gel', '£5.00', '£1.00 / 100ml')
('https://www.sainsburys.co.uk/shop/gb/groceries/product/details/new-trending-special-offers/love-beauty-and-planet-delicious-glow-body-lotion', 'Love Beauty And Planet Delicious Glow Body Lotion', '£8.00', '£2.00 / 100ml')
('https://www.sainsburys.co.uk/shop/gb/groceries/product/details/new-trending-special-offers/gogo-squeez-fruit-snack-apple-strawberry-4x90g', 'GoGo squeeZ Fruit Snack Apple Strawberry 4x90g', '£1.95', '54p / 100g')
('https://www.sainsburys.co.uk/shop/gb/groceries/product/details/new-trending-special-offers/crosta-mollica-black-olive-grissini-breadsticks-140g', 'Crosta & Mollica Black Olive Grissini Breadsticks 140g', '£1.95', '£1.39 / 100g')
('https://www.sainsburys.co.uk/shop/gb/groceries/product/details/new-trending-special-offers/innocent-almond-dairy-free-750ml', 'Innocent Dairy Free Almond 750ml', '£2.00', '£2.67 / ltr')
('https://www.sainsburys.co.uk/shop/gb/groceries/product/details/new-trending-special-offers/sainsburys-smokey-cheddar-cheese-200g', "Sainsbury's Smokey Cheddar Cheese 200g", '£1.50', '£7.50 / kg')
('https://www.sainsburys.co.uk/shop/gb/groceries/product/details/new-trending-special-offers/prep-co-mexican-chilli-rice-69g', 'Prep Co. Mexican Chilli Rice 69g', '£1.50', '£21.74 / kg')
('https://www.sainsburys.co.uk/shop/gb/groceries/product/details/new-trending-special-offers/pilot-frixion-blue-x5', 'Pilot Frixion 5pk Blue', '£10.50', '£10.50 / ea')
('https://www.sainsburys.co.uk/shop/gb/groceries/product/details/new-trending-special-offers/casio-fx-991ex-scientific-calculator--133464781-p', 'Casio Fx-991Ex Scientific Calculator', '£29.00', '£29.00 / ea')
('https://www.sainsburys.co.uk/shop/gb/groceries/product/details/new-trending-special-offers/brita-fill-go-active-xl-bottle-lime-133425619-p', 'Brita Fill & Go Active Xl – Lime', '£16.50', '£16.50 / ea')
('https://www.sainsburys.co.uk/shop/gb/groceries/product/details/new-trending-special-offers/w-k-kellogg-no-added-sugar-granola-coconut-cashew---almond-granola-570g-7894597-p', 'W K Kellogg No Added Sugar Granola Coconut Cashew & Almond Granola 570g', '£3.80', '67p / 100g')
('https://www.sainsburys.co.uk/shop/gb/groceries/product/details/new-trending-special-offers/bol-thai-coconut-curry-345g-7832993-p-44', 'BOL Creamy Thai Green Curry 345g', '£2.75', '£7.97 / kg')
('https://www.sainsburys.co.uk/shop/gb/groceries/product/details/new-trending-special-offers/super-facialist-antiage-night-cream-50ml', 'Super Facialist Hyaluronic Acid Firming Super Lift Night Cream 50ml', '£11.50', '£23.00 / 100ml')
('https://www.sainsburys.co.uk/shop/gb/groceries/product/details/new-trending-special-offers/super-facialist-anti-ageing-day-crm-50ml', 'Super Facialist Hyaluronic Acid Firming Super Lift Day Cream 50ml', '£11.50', '£23.00 / 100ml')
('https://www.sainsburys.co.uk/shop/gb/groceries/product/details/new-trending-special-offers/sainsburys-home-replacement-fountain-pen-cartridges-x25-132210270-p', "Sainsbury's Home Replacement Fountain Pen Cartridges x25", '£1.00', '£1.00 / ea')
('https://www.sainsburys.co.uk/shop/gb/groceries/product/details/new-trending-special-offers/sainsburys-bacon---free-range-egg-sandwich', "Sainsbury's Bacon & Free Range Egg Sandwich", '£2.00', '£2.00 / ea')
('https://www.sainsburys.co.uk/shop/gb/groceries/product/details/new-trending-special-offers/sainsburys-home-four-colour-pen--131521287-p', "Sainsbury's Home Four Colour Pen", '£1.00', '£1.00 / ea')
('https://www.sainsburys.co.uk/shop/gb/groceries/product/details/new-trending-special-offers/the-jolly-hog-smoked-back-bacon-200g', 'The Jolly Hog Smoked Back Bacon 200g', '£2.00', '£10.00 / kg')
('https://www.sainsburys.co.uk/shop/gb/groceries/product/details/new-trending-special-offers/sainsburys-home-stick-ballpoint-black-x50-131459031-p', "Sainsbury's Home Stick Ballpoint 50pk Black", '£4.00', '£4.00 / ea')
('https://www.sainsburys.co.uk/shop/gb/groceries/product/details/new-trending-special-offers/sainsburys-home-index-cards-x50-131409332-p', "Sainsbury's Home Index Cards", '£1.50', '£1.50 / ea')
('https://www.sainsburys.co.uk/shop/gb/groceries/product/details/new-trending-special-offers/berol-dry-erase-bullet-standard-x4-131185893-p', 'Berol Dry Erase Bullet Standard X4', '£5.00', '£5.00 / ea')
('https://www.sainsburys.co.uk/shop/gb/groceries/product/details/new-trending-special-offers/papermate-inkjoy-gel-6pk-assorted-131184778-p', 'Papermate Inkjoy Gel 6pk Assorted', '£12.00', '£12.00 / ea')
('https://www.sainsburys.co.uk/shop/gb/groceries/product/details/new-trending-special-offers/sainsburys-home-folding-ruler-30cm-130857504-p', "Sainsbury's Home Folding Ruler", '£1.00', '£1.00 / ea')
('https://www.sainsburys.co.uk/shop/gb/groceries/product/details/new-trending-special-offers/camino-del-angel-malbec-75cl', 'Camino Del Angel Malbec 75cl', '£6.25', '£6.25 / 75cl')
('https://www.sainsburys.co.uk/shop/gb/groceries/product/details/new-trending-special-offers/camino-del-angel-chardonnay-75cl', 'Camino Del Angel Chardonnay 75cl', '£6.25', '£6.25 / 75cl')
('https://www.sainsburys.co.uk/shop/gb/groceries/product/details/vegetarian-food/tivall-vegetarian-frankfurter-sausages-300g', 'Tivall Vegetarian Frankfurter Sausages 300g', '£2.70', '£9.00 / kg')
('https://www.sainsburys.co.uk/shop/gb/groceries/product/details/vegetarian-food/ds-breadsticks--gluten-free-150g', 'Schar Gluten Free Grissini Breadsticks 3x50g', '£2.50', '£1.67 / 100g')
('https://www.sainsburys.co.uk/shop/gb/groceries/product/details/vegetarian-food/alpro-soya-dairy-free-custard-525g', 'Alpro Vanilla Custard 525g', '£1.00', '19p / 100g')
('https://www.sainsburys.co.uk/shop/gb/groceries/product/details/vegetarian-food/nakd-cocoa-orange-fruit---nut-bars-4-x-35g-7540554-p', 'Nakd Cocoa Orange Fruit & Nut Bars 4x35g', '£2.50', '£1.79 / 100g')
('https://www.sainsburys.co.uk/shop/gb/groceries/product/details/vegetarian-food/naked-glory-roast-deli-readybites-165g', 'Naked Glory Meat Free Vegan Roast Deli Readybites 165g', '£2.50', '£15.15 / kg')
('https://www.sainsburys.co.uk/shop/gb/groceries/product/details/vegetarian-food/plant-pioneer-no-turkey-parcel-365g', 'Plant Pioneer No Turkey Parcel 365g', '£6.00', '£16.39 / kg')
('https://www.sainsburys.co.uk/shop/gb/groceries/product/details/vegetarian-food/plant-pioneers-no-beef-wellington-520g', 'Plant Pioneers No Beef Wellington 520g', '£10.50', '£20.19 / kg')
('https://www.sainsburys.co.uk/shop/gb/groceries/product/details/vegetarian-food/oggs-brownie-bites-126g', 'Oggs Brownie Bites 126g', '£2.25', '£1.79 / 100g')
('https://www.sainsburys.co.uk/shop/gb/groceries/product/details/vegetarian-food/oggs-millionaire-bites-126g', 'Oggs Millionaire Bites 126g', '£2.25', '£1.79 / 100g')
('https://www.sainsburys.co.uk/shop/gb/groceries/product/details/vegetarian-food/naked-glory-no-beef-strips-165g', 'Naked Glory Meat Free Vegan No Beef Strips 165g', '£2.75', '£16.18 / kg')
('https://www.sainsburys.co.uk/shop/gb/groceries/product/details/vegetarian-food/plant-pioneers-lasagne-400g', 'Plant Pioneers Lasagne 400g', '£2.75', '£6.88 / kg')
('https://www.sainsburys.co.uk/shop/gb/groceries/product/details/vegetarian-food/gosh!-smokey-bbq-sweet-potato-bites-56g', 'Gosh! Smokey BBQ Sweet Potato Bites 56g', '£1.00', '£17.86 / kg')
('https://www.sainsburys.co.uk/shop/gb/groceries/product/details/vegetarian-food/gu-hot-puds-apple-salted-caramel-sponge-2x82g', 'Gü Hot Apple & Salted Caramel Sponge Desserts 2x82g', '£3.30', '£2.01 / 100g')
('https://www.sainsburys.co.uk/shop/gb/groceries/product/details/vegetarian-food/plant-pioneers-chocolate-caramel-star-450g', 'Plant Pioneers Chocolate & Caramel Star 450g', '£2.40', '53p / 100g')
('https://www.sainsburys.co.uk/shop/gb/groceries/product/details/vegetarian-food/plant-pioneers-no-chicken-burgers-x2-227g', 'Plant Pioneers No Chicken Burgers x2 227g', '£1.75', '£7.71 / kg')
('https://www.sainsburys.co.uk/shop/gb/groceries/product/details/vegetarian-food/plant-pioneers-4-no-steak-pies-600g', 'Plant Pioneers No Steak Pies x4 600g', '£2.50', '£4.17 / kg')
('https://www.sainsburys.co.uk/shop/gb/groceries/product/details/vegetarian-food/the-vegetarian-butcher-whatthecluck-160g', 'The Vegetarian Butcher Vegan High Protein Soy Based Chicken Style Chunks 160g', '£3.00', '£18.75 / kg')
('https://www.sainsburys.co.uk/shop/gb/groceries/product/details/vegetarian-food/squeaky-bean-rte-roast-chicken-90g', 'Squeaky Bean Vegan Roast Chicken Sandwich Slices Ready To Eat 90g', '£2.50', '£2.78 / kg')
('https://www.sainsburys.co.uk/shop/gb/groceries/product/details/vegetarian-food/richmond-2-meat-free-burgers', 'Richmond Meat Free Vegan Burgers x2 170g', '£2.00', '£11.76 / kg')
('https://www.sainsburys.co.uk/shop/gb/groceries/product/details/vegetarian-food/nescafe-gold-non-dairy-oat-latte-96g', 'Nescafé Gold Non-Dairy Oat Latte Instant Coffee 6x16g (96g)', '£2.00', '£2.08 / 100g')
('https://www.sainsburys.co.uk/shop/gb/groceries/product/details/vegetarian-food/alpro-oat-barista-750ml', 'Alpro Barista Oat Chilled Drink 750ml', '£1.60', '£2.13 / ltr')
('https://www.sainsburys.co.uk/shop/gb/groceries/product/details/vegetarian-food/alpro-immunity-oat-echinacea-750ml', 'Alpro Daily Immunity Oat with Echinacea Drink 750ml', '£2.30', '£3.07 / ltr')
('https://www.sainsburys.co.uk/shop/gb/groceries/product/details/vegetarian-food/plant-pioneer-potato-dauphinoise-400g', 'Plant Pioneers Potato Dauphinoise 400g', '£2.25', '£5.63 / kg')
('https://www.sainsburys.co.uk/shop/gb/groceries/product/details/vegetarian-food/sainsburys-festive-vegan-wellington-500g', 'Plant Pioneers Meatfree Wellington 500g', '£3.00', '£6.00 / kg')
('https://www.sainsburys.co.uk/shop/gb/groceries/product/details/vegetarian-food/nutty-bruce-org-almond-coconut-m*lk-1l', 'Nutty Bruce Organic Almond & Coconut M*lk', '£2.25', '£2.25 / ltr')
('https://www.sainsburys.co.uk/shop/gb/groceries/product/details/vegetarian-food/oaty-bruce-org-unsweetened-oat-m*lk-1l', 'Oaty Bruce Organic Unsweetened Oat M*lk', '£2.00', '£2.00 / ltr')
('https://www.sainsburys.co.uk/shop/gb/groceries/product/details/vegetarian-food/holy-moly:-chocolate-nut-shake-750ml', 'Holy Moly Chocolate Nut Shake 750ml', '£3.80', '£5.07 / ltr')
('https://www.sainsburys.co.uk/shop/gb/groceries/product/details/vegetarian-food/little-dish-vegetable-chilli-200g', 'Little Dish Plant Based Veg Chilli & Rice 200g', '£1.80', '£9.00 / kg')
('https://www.sainsburys.co.uk/shop/gb/groceries/product/details/vegetarian-food/lyv!-rainbow-vegetable-pasta-bake-400g', "Sainsbury's Love Your Veg! Vegan Rainbow Vegetable Pasta Bake 400g", '£2.00', '£5.00 / kg')
('https://www.sainsburys.co.uk/shop/gb/groceries/product/details/vegetarian-food/dff-jammy-wheel-142g', "Sainsbury's Deliciously Free From Jammy Wheels 142g", '£1.40', '99p / 100g')
('https://www.sainsburys.co.uk/shop/gb/groceries/product/details/vegetarian-food/this-isnt-chicken-salt-pepper', "This Isn't Chicken Plant-Based Sea-Salt & Black Pepper Pieces 190g", '£3.85', '£20.26 / kg')
('https://www.sainsburys.co.uk/shop/gb/groceries/product/details/plant-based-drinks/shaken-other-strawberry-330ml', 'Shaken Other Strawberry 330ml', '£1.60', '£4.85 / ltr')
('https://www.sainsburys.co.uk/shop/gb/groceries/product/details/plant-based-drinks/jord-oat-barley-1l', 'Jörd Organic Oat & Barley Drink 1L', '£1.80', '£1.80 / ltr')
('https://www.sainsburys.co.uk/shop/gb/groceries/product/details/plant-based-drinks/holy-moly:-banana-nut-shake-750ml', 'Holy Moly Banana Nut Shake 750ml', '£3.80', '£5.07 / ltr')
('https://www.sainsburys.co.uk/shop/gb/groceries/product/details/plant-based-drinks/plenish-organic-soya-1l', 'Plenish Organic Soya 1L', '£2.00', '£2.00 / ltr')
('https://www.sainsburys.co.uk/shop/gb/groceries/product/details/plant-based-drinks/sainsburys-unsweetened-almond-drink-1l', "Sainsbury's Unsweetened Almond Drink 1L", '£1.10', '£1.10 / ltr')
('https://www.sainsburys.co.uk/shop/gb/groceries/product/details/plant-based-drinks/oatly-the-original-oat-drink-semi-1l', 'Oatly Oat Drink Semi Chilled 1L', '£1.80', '£1.80 / ltr')
('https://www.sainsburys.co.uk/shop/gb/groceries/product/details/plant-based-drinks/innocent-almond-dairy-free-750ml', 'Innocent Dairy Free Almond 750ml', '£2.00', '£2.67 / ltr')
('https://www.sainsburys.co.uk/shop/gb/groceries/product/details/plant-based-drinks/califia-farms-almond-milk--unsweetened-750ml', 'Califia Farms Unsweetened Almond Drink 750ml', '£2.40', '£3.20 / ltr')
('https://www.sainsburys.co.uk/shop/gb/groceries/product/details/plant-based-drinks/rude-health-coconut-drink-1l', 'Rude Health Coconut Drink 1L', '£2.00', '£2.00 / ltr')
('https://www.sainsburys.co.uk/shop/gb/groceries/product/details/plant-based-drinks/alpro-long-life-coconut-rice-drink-1l', 'Alpro Coconut Long Life Drink 1L', '£1.80', '£1.80 / ltr')
('https://www.sainsburys.co.uk/shop/gb/groceries/product/details/plant-based-drinks/alpro-chilled-almond-milk-1l', 'Alpro Almond Chilled Drink 1L', '£1.00', '£1.00 / ltr')
('https://www.sainsburys.co.uk/shop/gb/groceries/product/details/plant-based-drinks/alpro-my-cuppa-soya-drink-750ml', 'Alpro My Cuppa Soya Chilled Drink 750ml', '£1.60', '£2.13 / ltr')
('https://www.sainsburys.co.uk/shop/gb/groceries/product/details/plant-based-drinks/holy-nuts:-chocolate-nut-shake-250ml', 'Holy Moly Chocolate Nut Shake 250ml', '£2.25', '£9.00 / ltr')
('https://www.sainsburys.co.uk/shop/gb/groceries/product/details/all-ready-meals-/mumtaz-halal-seekh-kebabs-188g', 'Mumtaz Halal Seekh Kebabs 188g', '£2.70', '£14.36 / kg')
('https://www.sainsburys.co.uk/shop/gb/groceries/product/details/all-ready-meals-/sainsburys-lamb---rosemary-tagliatelle--taste-the-difference-400g', "Sainsbury's Slow Cooked Shredded Lamb & Rosemary Tagliatelle, Taste the Difference 400g (Serves 1)", '£4.00', '£10.00 / kg')
('https://www.sainsburys.co.uk/shop/gb/groceries/product/details/all-ready-meals-/sainsburys-cottage-pie--taste-the-difference-800g-7333025-p-44', "Sainsbury's Cottage Pie, Taste the Difference 800g (Serves 2)", '£6.00', '£7.50 / kg')
('https://www.sainsburys.co.uk/shop/gb/groceries/product/details/all-ready-meals-/sainsburys-maris-piper-mash--taste-the-difference-450g', "Sainsbury's British Maris Piper Mashed Potato, Taste the Difference 400g (Serves 2)", '£1.80', '£4.50 / kg')
('https://www.sainsburys.co.uk/shop/gb/groceries/product/details/all-ready-meals-/charlie-bighams-cottage-pie-650g', "Charlie Bigham's Cottage Pie 650g (Serves 2)", '£7.75', '£11.92 / kg')
('https://www.sainsburys.co.uk/shop/gb/groceries/product/details/all-ready-meals-/sainsburys-2-baked-potatoes-430g', "Sainsbury's Classic Baked Potatoes x2 430g", '£2.00', '£4.65 / kg')
('https://www.sainsburys.co.uk/shop/gb/groceries/product/details/all-ready-meals-/annabel-karmel-chicken-with-rice-200g', 'Annabel Karmel Chicken With Butternut Squash & Rice Toddler Meal 200g 12 Month+', '£2.30', '£11.50 / kg')
('https://www.sainsburys.co.uk/shop/gb/groceries/product/details/all-ready-meals-/mash-direct-carrot---parsnip-mash-400g', 'Mash Direct Carrot & Parsnip Mash 400g', '£1.50', '£3.75 / kg')
('https://www.sainsburys.co.uk/shop/gb/groceries/product/details/all-ready-meals-/sainsburys-crispy-sweet---sour-chicken-with-rice-400g', "Sainsbury's Crispy Sweet & Sour Chicken With Rice 400g (Serves 1)", '£3.00', '£7.50 / kg')
('https://www.sainsburys.co.uk/shop/gb/groceries/product/details/all-ready-meals-/sainsburys-crispy-chicken-with-lemon-sauce-340g', "Sainsbury's Crispy Chicken With Lemon Sauce 350g (Serves 2)", '£3.50', '£10.00 / kg')
('https://www.sainsburys.co.uk/shop/gb/groceries/product/details/all-ready-meals-/bells-top-crust-steak-pie-900g-serves-3-4-', 'Bells Top Crust Steak Pie 660g (Serves 3-4)', '£5.00', '76p / 100g')
('https://www.sainsburys.co.uk/shop/gb/groceries/product/details/all-ready-meals-/sainsburys-plain-naan-260g', "Sainsbury's Indian Plain Naan x2 260g", '80p', '30p / 100g')
('https://www.sainsburys.co.uk/shop/gb/groceries/product/details/all-ready-meals-/sainsburys-garlic---coriander-naan-260g', "Sainsbury's Indian Garlic & Coriander Naan 260g", '80p', '30p / 100g')
('https://www.sainsburys.co.uk/shop/gb/groceries/product/details/all-ready-meals-/sainsburys-garlic---coriander-naan-130g', "Sainsbury's Indian Garlic & Coriander Naan 130g", '65p', '50p / 100g')
('https://www.sainsburys.co.uk/shop/gb/groceries/product/details/all-ready-meals-/sainsburys-indian-chicken-vindaloo-400g-serves-2-', "Sainsbury's Indian Chicken Vindaloo 400g (Serves 2)", '£3.50', '£8.75 / kg')
('https://www.sainsburys.co.uk/shop/gb/groceries/product/details/all-ready-meals-/sainsburys-indian-king-prawn-masala-400g-serves-2-', "Sainsbury's Indian King Prawn Masala 400g (Serves 2)", '£4.00', '£10.00 / kg')
('https://www.sainsburys.co.uk/shop/gb/groceries/product/details/all-ready-meals-/sainsburys-chicken-tikka-masala-400g-1190847-p-44', "Sainsbury's Indian Chicken Tikka Masala 400g (Serves 2)", '£3.50', '£8.75 / kg')
('https://www.sainsburys.co.uk/shop/gb/groceries/product/details/all-ready-meals-/mcintosh-of-dyce-cottage-pie-340g', 'McIntosh Cottage Pie 340g (Serves 1)', '£1.60', '£4.71 / kg')
('https://www.sainsburys.co.uk/shop/gb/groceries/product/details/all-ready-meals-/jeff-the-chef-doner-kebab-with-garlic-sauce-290g', 'Jeff The Chef Doner Kebab With Garlic Sauce 290g', '£3.00', '£10.34 / kg')
('https://www.sainsburys.co.uk/shop/gb/groceries/product/details/all-ready-meals-/sainsburys-british-classic-lancashire-hotpot-450g', "Sainsbury's British Classic Lancashire Hotpot 450g (Serves 1)", '£3.50', '£7.78 / kg')
('https://www.sainsburys.co.uk/shop/gb/groceries/product/details/all-ready-meals-/sainsburys-jambalaya--be-good-to-yourself-400g', "Sainsbury's Jambalaya, Be Good To Yourself 400g (Serves 1)", '£3.00', '£7.50 / kg')
('https://www.sainsburys.co.uk/shop/gb/groceries/product/details/all-ready-meals-/sainsburys-just-cook-garlic-chicken-crown-530g', "Sainsbury's Just Cook British Chicken Crown with Garlic & Herb Butter 525g (Serves 3)", '£3.75', '£7.14 / kg')
('https://www.sainsburys.co.uk/shop/gb/groceries/product/details/chilled-vegetarian-ready-meals/sainsburys-mini-plain-naan-x4-188g', "Sainsbury's Mini Plain Naan x4 188g", '90p', '48p / 100g')
('https://www.sainsburys.co.uk/shop/gb/groceries/product/details/chilled-vegetarian-ready-meals/mumtaz-onion-bhajis-210g', 'Mumtaz Onion Bhajis 210g', '£2.00', '£9.52 / kg')
('https://www.sainsburys.co.uk/shop/gb/groceries/product/details/chilled-vegetarian-ready-meals/sainsburys-poppadoms-plain-80g', "Sainsbury's Poppadoms Plain 64g", '£1.40', '£2.19 / 100g')
('https://www.sainsburys.co.uk/shop/gb/groceries/product/details/chilled-vegetarian-ready-meals/sainsburys-indian-tadka-daal-300g-serves-2-', "Sainsbury's Indian Tadka Daal 300g (Serves 2)", '£2.00', '£6.67 / kg')
('https://www.sainsburys.co.uk/shop/gb/groceries/product/details/chilled-vegetarian-ready-meals/mcintosh-macaroni-cheese-400g', 'Mcintosh Macaroni Cheese 400g (Serves 2)', '£2.40', '£6.00 / kg')
('https://www.sainsburys.co.uk/shop/gb/groceries/product/details/chilled-vegetarian-ready-meals/sainsburys-spinach---ricotta-cannelloni--be-good-to-yourself-400g', "Sainsbury's Spinach & Ricotta Cannelloni, Be Good To Yourself 400g (Serves 1)", '£2.00', '£5.00 / kg')
('https://www.sainsburys.co.uk/shop/gb/groceries/product/details/chilled-vegetarian-ready-meals/sainsburys-my-goodness-jerk-style-jackfruit-with-sweet-potato-380g', "Sainsbury's My Goodness! Vegan Jerk Style Jackfruit with Sweet Potato 380g", '£3.00', '£7.89 / kg')
('https://www.sainsburys.co.uk/shop/gb/groceries/product/details/chilled-vegetarian-ready-meals/plant-pioneer-no-duck-spring-roll-200g', 'Plant Pioneers No Duck Spring Roll 200g', '£2.25', '£11.25 / kg')
('https://www.sainsburys.co.uk/shop/gb/groceries/product/details/chilled-vegetarian-ready-meals/cloughbane-three-bean-casserole-w-rice', 'Cloughbane Veggi Three Bean Casserole 380g', '£2.50', '£6.58 / kg')
('https://www.sainsburys.co.uk/shop/gb/groceries/product/details/chilled-vegetarian-ready-meals/higgidy-aubergine-pepper-gratin-390g', 'Higgidy Roasted Aubergine & Pepper Gratin 390g', '£4.25', '£10.90 / kg')
('https://www.sainsburys.co.uk/shop/gb/groceries/product/details/chilled-vegetarian-ready-meals/quorn-vegetarian-tikka-masala-ready-meal-400g', 'Quorn Vegetarian Tikka Masala Ready Meal 400g', '£3.00', '£7.50 / kg')
('https://www.sainsburys.co.uk/shop/gb/groceries/product/details/chilled-vegetarian-ready-meals/sainsburys-love-your-veg!-sweet-potato-katsu-curry-rice-400g-serves-1-', "Sainsbury's Love Your Veg! Sweet Potato Katsu Curry & Rice 400g (Serves 1)", '£3.00', '£7.50 / kg')
('https://www.sainsburys.co.uk/shop/gb/groceries/product/details/chilled-vegetarian-ready-meals/sainsburys-macaroni-cheese--taste-the-difference-375g', "Sainsbury's Vintage Cheddar Mac & Cheese, Taste the Difference 375g (Serves 1)", '£3.00', '£8.00 / kg')
('https://www.sainsburys.co.uk/shop/gb/groceries/product/details/chilled-vegetarian-ready-meals/mrs-unis-spiced-onions-200g', 'Mrs Unis Spiced Onions 200g', '£1.10', '£5.50 / kg')
('https://www.sainsburys.co.uk/shop/gb/groceries/product/details/chilled-vegetarian-ready-meals/sainsburys-chapattis-x2-200g', "Sainsbury's Chapattis x2 200g", '95p', '48p / 100g')
('https://www.sainsburys.co.uk/shop/gb/groceries/product/details/chilled-vegetarian-ready-meals/sainsburys-crispy-coated-mushrooms-with-garlic-mayonnaise-dip-310g', "Sainsbury's Crispy Coated Mushrooms With Garlic Mayonnaise Dip 310g (Serves 4)", '£3.15', '£10.16 / kg')
('https://www.sainsburys.co.uk/shop/gb/groceries/product/details/all-fruit/sainsburys-nectarine-single', "Sainsbury's Nectarine Single", '25p', '25p / ea')
('https://www.sainsburys.co.uk/shop/gb/groceries/product/details/all-fruit/sainsburys-giant-mango-single', "Sainsbury's Giant Mango Single", '£1.70', '£1.70 / ea')
('https://www.sainsburys.co.uk/shop/gb/groceries/product/details/all-fruit/parrs-toffee-apple-single', 'Parrs Toffee Apple Single', '75p', '£5.00 / kg')
('https://www.sainsburys.co.uk/shop/gb/groceries/product/details/all-fruit/parrs-retro-milk-chocolate-coated-apple', 'Parrs Retro Milk Chocolate Coated Apple', '75p', '75p / ea')
('https://www.sainsburys.co.uk/shop/gb/groceries/product/details/all-fruit/sainsburys-cherries-500g', "Sainsbury's Cherries 500g", '£3.75', '£7.50 / kg')
('https://www.sainsburys.co.uk/shop/gb/groceries/product/details/all-fruit/sainsburys-migo-pears-x4-7624600-p-44', "Sainsbury's Migo Pears x4", '£1.80', '45p / ea')
('https://www.sainsburys.co.uk/shop/gb/groceries/product/details/all-fruit/fosters-toffee-apple--single', 'Fosters Toffee Apple, Single', '75p', '75p / ea')
('https://www.sainsburys.co.uk/shop/gb/groceries/product/details/all-fruit/sainsburys-watermelon-slices-440g', "Sainsbury's Watermelon Slices 440g", '£2.00', '£4.55 / kg')
('https://www.sainsburys.co.uk/shop/gb/groceries/product/details/all-fruit/sainsburys-tree-ripened-mango--taste-the-difference', "Sainsbury's Tree Ripened Mango, Taste the Difference", '£2.50', '£2.50 / ea')
('https://www.sainsburys.co.uk/shop/gb/groceries/product/details/all-fruit/sainsburys-avocados--ripe---ready-x4', 'By Sainsbury’s 4 Small Ripe & Ready Avocados', '£2.50', '63p / ea')
('https://www.sainsburys.co.uk/shop/gb/groceries/product/details/all-fruit/sainsburys-watermelon-wedge-220g', "Sainsbury's Watermelon Wedge 220g", '£1.10', '£5.00 / kg')
('https://www.sainsburys.co.uk/shop/gb/groceries/product/details/all-fruit/sainsburys-apple--kiwi---strawberry-160g', "Sainsbury's Apple, Kiwi & Strawberry 160g", '£1.25', '£7.81 / kg')
('https://www.sainsburys.co.uk/shop/gb/groceries/product/details/all-fruit/sainsburys-lemons', "Sainsbury's Lemons", '30p', '30p / ea')
('https://www.sainsburys.co.uk/shop/gb/groceries/product/details/all-fruit/sainsburys-large-pineapple', "Sainsbury's Large Pineapple", '£1.50', '£1.50 / ea')
('https://www.sainsburys.co.uk/shop/gb/groceries/product/details/all-fruit/sainsburys-fairtrade-bananas--so-organic', "Sainsbury's Fairtrade Bananas, SO Organic", '£1.40 / kg', '£1.40 / kg')
('https://www.sainsburys.co.uk/shop/gb/groceries/product/details/all-fruit/sainsburys-giant-watermelon', "Sainsbury's Giant Watermelon", '£3.30', '£3.30 / ea')
('https://www.sainsburys.co.uk/shop/gb/groceries/product/details/all-fruit/sainsburys-braeburn-apples-x4', "Sainsbury's Braeburn Apples x4", '£1.50', '38p / ea')
('https://www.sainsburys.co.uk/shop/gb/groceries/product/details/all-fruit/sainsburys-grapes-limited-edition--taste-the-difference-400g', "Sainsbury's Cotton Candy Seedless Grapes, Taste the Difference, Ltd Edition 400g", '£2.50', '£6.25 / kg')
('https://www.sainsburys.co.uk/shop/gb/groceries/product/details/all-fruit/sainsburys-coconut-pieces-100g', "Sainsbury's Coconut Pieces 100g", '£1.00', '£10.00 / kg')
('https://www.sainsburys.co.uk/shop/gb/groceries/product/details/all-fruit/sainsburys-pears-taste-the-difference-x4', "Sainsbury's Pears, Taste the Difference x4", '£2.25', '56p / ea')
('https://www.sainsburys.co.uk/shop/gb/groceries/product/details/all-fruit/sainsburys-braeburn-apple-single', "Sainsbury's Braeburn Apple Single", '30p', '30p / ea')
('https://www.sainsburys.co.uk/shop/gb/groceries/product/details/all-fruit/sainsburys-seedless-navel-oranges--taste-the-difference-x4', "Sainsbury's Oranges, Taste the Difference x4", '£2.00', '50p / ea')
('https://www.sainsburys.co.uk/shop/gb/groceries/product/details/all-fruit/sainsburys-cantaloupe-melon', "Sainsbury's Cantaloupe Melon", '£1.80', '£1.80 / ea')
('https://www.sainsburys.co.uk/shop/gb/groceries/product/details/all-fruit/sainsburys-red-grapefruit', "Sainsbury's Red Grapefruit", '60p', '60p / ea')
('https://www.sainsburys.co.uk/shop/gb/groceries/product/details/all-fruit/sainsburys-unwaxed-lemons-x5', "Sainsbury's Lemons Unwaxed minimum 5", '£1.50', '30p / ea')
('https://www.sainsburys.co.uk/shop/gb/groceries/product/details/all-fruit/sainsburys-toffee-apples-each-', "Sainsbury's Toffee Apples (each)", '60p', '60p / ea')
('https://www.sainsburys.co.uk/shop/gb/groceries/product/details/all-fruit/sainsburys-piel-de-sapo-melon', "Sainsbury's Piel De Sapo Melon", '£2.20', '£2.20 / ea')
('https://www.sainsburys.co.uk/shop/gb/groceries/product/details/all-fruit/sainsburys-pears-ripe-ready-x4', "Sainsbury's Pears, Ripe & Ready x4", '£2.00', '50p / ea')
('https://www.sainsburys.co.uk/shop/gb/groceries/product/details/all-fruit/sainsburys-large-pomegranate-x2', "Sainsbury's Large Pomegranate x2", '£2.95', '£1.48 / ea')
('https://www.sainsburys.co.uk/shop/gb/groceries/product/details/berries-cherries-currants/sainsburys-cherries-250g', "Sainsbury's Cherries 250g", '£2.50', '£10.00 / kg')
('https://www.sainsburys.co.uk/shop/gb/groceries/product/details/berries-cherries-currants/sainsburys-cherries-small-punnet-110g', "Sainsbury's Cherries Small Punnet 110g", '£1.00', '£9.09 / kg')
('https://www.sainsburys.co.uk/shop/gb/groceries/product/details/berries-cherries-currants/sainsburys-cherries-350g', "Sainsbury's Cherries 350g", '£3.50', '£10.00 / kg')
('https://www.sainsburys.co.uk/shop/gb/groceries/product/details/berries-cherries-currants/sainsburys-raspberries--taste-the-difference-150g', "Sainsbury's Raspberries, Taste the Difference 150g", '£2.50', '£16.67 / kg')
('https://www.sainsburys.co.uk/shop/gb/groceries/product/details/berries-cherries-currants/sainsburys-mixed-berries-300g', "Sainsbury's Mixed Berries 300g", '£3.50', '£11.67 / kg')
('https://www.sainsburys.co.uk/shop/gb/groceries/product/details/berries-cherries-currants/sainsburys-cranberries-300g', "Sainsbury's Cranberries 300g", '£2.00', '£6.67 / kg')
('https://www.sainsburys.co.uk/shop/gb/groceries/product/details/berries-cherries-currants/sainsburys-mixed-grapes-900g', "Sainsbury's Mixed Grapes 900g", '£3.50', '39p / 100g')
('https://www.sainsburys.co.uk/shop/gb/groceries/product/details/berries-cherries-currants/sainsburys-extra-large-blueberries-150g', "Sainsbury's Extra Large Blueberries 150g", '£2.00', '£13.33 / kg')
('https://www.sainsburys.co.uk/shop/gb/groceries/product/details/berries-cherries-currants/sainsburys-british-cherry---strawberry-pack-600g', "Sainsbury's British Cherry & Strawberry Pack 600g", '£4.00', '£6.67 / kg')
('https://www.sainsburys.co.uk/shop/gb/groceries/product/details/berries-cherries-currants/sainsburys-cherry-punnet-200g-468015-p-44', "Sainsbury's Cherry Punnet 200g", '£2.75', '£13.75 / kg')
('https://www.sainsburys.co.uk/shop/gb/groceries/product/details/berries-cherries-currants/sainsburys-blueberries--so-organic-150g', "Sainsbury's Blueberries, SO Organic 150g", '£2.50', '£16.67 / kg')
('https://www.sainsburys.co.uk/shop/gb/groceries/product/details/berries-cherries-currants/sainsburys-blackberries--tangy-150g', "Sainsbury's Blackberries, Tangy 150g", '£2.00', '£13.33 / kg')
('https://www.sainsburys.co.uk/shop/gb/groceries/product/details/berries-cherries-currants/sainsburys-strawberries-227g', "Sainsbury's Strawberries 250g", '£1.75', '£7.00 / kg')
('https://www.sainsburys.co.uk/shop/gb/groceries/product/details/berries-cherries-currants/sainsburys-distinctive-cherries-250g', "Sainsbury's Distinctive Cherries 250g", '£2.50', '£10.00 / kg')
('https://www.sainsburys.co.uk/shop/gb/groceries/product/details/berries-cherries-currants/sainsburys-raspberries-so-organic-150g', "Sainsbury's Raspberries, SO Organic 150g", '£2.75', '£18.33 / kg')
('https://www.sainsburys.co.uk/shop/gb/groceries/product/details/berries-cherries-currants/sainsburys-greengrocers-value-selection-cherries-250g', "Sainsbury's Greengrocer's Value Selection Cherries 250g", '£1.00', '£4.00 / kg')
('https://www.sainsburys.co.uk/shop/gb/groceries/product/details/berries-cherries-currants/sainsburys-blueberries-80g', "Sainsbury's Blueberries 80g", '£1.15', '£14.38 / kg')
('https://www.sainsburys.co.uk/shop/gb/groceries/product/details/pub-food-and-drink/sainsburys-beef-dripping-chips--taste-the-difference-400g', "Sainsbury's Crispy Triple Cooked Chips, Taste the Difference 400g (Serves 2)", '£2.70', '£6.75 / kg')
('https://www.sainsburys.co.uk/shop/gb/groceries/product/details/pub-food-and-drink/sainsburys-shepherds-pie--taste-the-difference-800g-7802773-p-44', "Sainsbury's Shepherds Pie, Taste the Difference 800g (Serves 2)", '£6.00', '£7.50 / kg')
('https://www.sainsburys.co.uk/shop/gb/groceries/product/details/pub-food-and-drink/jacobs-creek-double-barrel-shiraz-75cl', "Jacob's Creek Double Barrel Matured Shiraz Red Wine 75cl", '£10.00', '£10.00 / 75cl')
('https://www.sainsburys.co.uk/shop/gb/groceries/product/details/pub-food-and-drink/fudco-deluxe-assorted-nut-mix-500g', 'Fudco Deluxe Assorted Nuts 500g', '£7.00', '£1.40 / 100g')
('https://www.sainsburys.co.uk/shop/gb/groceries/product/details/pub-food-and-drink/spaghetti-bolognese--taste-the-difference-400g-6305687-p', 'Spaghetti Bolognese, Taste the Difference 400g', '£3.00', '£7.50 / kg')
('https://www.sainsburys.co.uk/shop/gb/groceries/product/details/pub-food-and-drink/sainsburys-queen-green-olives--lemon---corriander-180g', "Sainsbury's Queen Olives with Lemon & Herb 160g", '£2.40', '£1.50 / 100g')
('https://www.sainsburys.co.uk/shop/gb/groceries/product/details/pub-food-and-drink/sainsburys-beef-burgers-with-caramalised-onion--taste-the-difference-x2-340g', "Sainsbury's Beef Burgers With Caramelised Onion, Taste the Difference x2 340g", '£2.25', '£6.62 / kg')
('https://www.sainsburys.co.uk/shop/gb/groceries/product/details/pub-food-and-drink/walkers-salt---vinegar-crisps-6x25g', 'Walkers Salt & Vinegar Multipack Crisps 6x25g', '£1.70', '£1.13 / 100g')
('https://www.sainsburys.co.uk/shop/gb/groceries/product/details/pub-food-and-drink/kettle-chips-lightly-salted-150g', 'Kettle Chips Lightly Salted Sharing Crisps 150g', '£1.00', '67p / 100g')
('https://www.sainsburys.co.uk/shop/gb/groceries/product/details/pub-food-and-drink/sainsburys-pork-bramley-apple-sausages-taste-the-difference-x6-400g', "Sainsbury's Pork & Bramley Apple Sausages, Taste the Difference x6 400g", '£2.75', '£6.88 / kg')
('https://www.sainsburys.co.uk/shop/gb/groceries/product/details/pub-food-and-drink/pimms-1l', "Pimm's 1L", '£20.00', '£20.00 / ltr')
('https://www.sainsburys.co.uk/shop/gb/groceries/product/details/pub-food-and-drink/gordons-dry-gin-1l', "Gordon's London Dry Gin 1L", '£17.00', '£17.00 / ltr')
('https://www.sainsburys.co.uk/shop/gb/groceries/product/details/pub-food-and-drink/smirnoff-red-label-vodka-1l', 'Smirnoff Red Label Vodka 1L', '£17.00', '£17.00 / ltr')
('https://www.sainsburys.co.uk/shop/gb/groceries/product/details/pub-food-and-drink/bells-scotch-whisky-1l', "Bell's Blended Scotch Whisky 1L", '£16.00', '£16.00 / ltr')
('https://www.sainsburys.co.uk/shop/gb/groceries/product/details/pub-food-and-drink/leon-gluten-free-chicken-300g', 'Leon Gluten Free Chicken Nuggets 300g', '£4.00', '£13.33 / kg')
('https://www.sainsburys.co.uk/shop/gb/groceries/product/details/pub-food-and-drink/brewdog-elvis-juice-330ml-7809224-p-44', 'Brewdog Elvis Juice 330ml', '£1.80', '£5.45 / ltr')
('https://www.sainsburys.co.uk/shop/gb/groceries/product/details/pub-food-and-drink/camden-show-off-juicy-lager-330ml', 'Camden Show Off Juicy Lager 330ml', '£1.80', '£5.45 / ltr')
('https://www.sainsburys.co.uk/shop/gb/groceries/product/details/coffee-shop/sainsburys-dark-hot-chocolate-taste-the-difference-280g', "Sainsbury's Dark Hot Chocolate, Taste the Difference 280g", '£3.50', '£1.25 / 100g')
('https://www.sainsburys.co.uk/shop/gb/groceries/product/details/coffee-shop/califia-farms-mocha-cold-brew-coffee-with-almond-750ml', 'Califia Farms Mocha Cold Brew Coffee with Almond 750ml', '£2.95', '£3.93 / ltr')
('https://www.sainsburys.co.uk/shop/gb/groceries/product/details/coffee-shop/innocent-hazelnut-dairy-free-750ml', 'Innocent Dairy Free Hazelnut 750ml', '£2.00', '£2.67 / ltr')
('https://www.sainsburys.co.uk/shop/gb/groceries/product/details/coffee-shop/califia-cold-brew-black---white-750ml', 'Califia Farms Unsweetened Flat White Cold Brew Coffee with Almond 750ml', '£2.95', '£3.93 / ltr')
('https://www.sainsburys.co.uk/shop/gb/groceries/product/details/coffee-shop/nescafé-gold-cappuccino-unsweetened-instant-coffee-sachets-x8', 'Nescafé Gold Cappuccino Unsweetened Instant Coffee Sachets x8', '£2.00', '£1.76 / 100g')
('https://www.sainsburys.co.uk/shop/gb/groceries/product/details/coffee-shop/nescafe-azera-latte-barista-style-coffee-to-go-x4', 'Nescafe Azera Coffee To Go Latte 4 Cups', '£2.00', '£2.22 / 100g')
('https://www.sainsburys.co.uk/shop/gb/groceries/product/details/coffee-shop/jimmys-iced-coffee-mocha-330ml', "Jimmy's Iced Coffee Mocha 330ml", '£1.60', '£4.85 / ltr')
('https://www.sainsburys.co.uk/shop/gb/groceries/product/details/coffee-shop/naked-smoothie-blue-machine-750ml', 'Naked Blue Machine Blueberry Smoothie 750ml', '£2.00', '27p / 100ml')
('https://www.sainsburys.co.uk/shop/gb/groceries/product/details/coffee-shop/copella-apple---elderflower-15l', 'Copella Apple & Elderflower Juice 1.35L', '£2.00', '15p / 100ml')
('https://www.sainsburys.co.uk/shop/gb/groceries/product/details/coffee-shop/innocent-coconut-water-1l', 'Innocent Coconut Water 1L', '£2.50', '25p / 100ml')
('https://www.sainsburys.co.uk/shop/gb/groceries/product/details/coffee-shop/sainsburys-kenya-loose-tea--taste-the-difference-125g', "Sainsbury's Kenya Loose Tea, Taste the Difference 125g", '£1.75', '£1.40 / 100g')
('https://www.sainsburys.co.uk/shop/gb/groceries/product/details/coffee-shop/innocent-smoothie--pomegranate--blueberry---acai-750ml', 'Innocent Smoothie Pomegranate Magic, Blueberry & Acai 750ml', '£2.00', '27p / 100ml')
('https://www.sainsburys.co.uk/shop/gb/groceries/product/details/coffee-shop/innocent-smoothie--mango---passionfruit-750ml', 'Innocent Smoothie Magnificent Mango & Passion Fruits 750ml', '£2.00', '27p / 100ml')
('https://www.sainsburys.co.uk/shop/gb/groceries/product/details/coffee-shop/anchor-aerosol-cream-250g', 'Anchor Squirty Cream 250g', '£1.70', '68p / 100g')
('https://www.sainsburys.co.uk/shop/gb/groceries/product/details/coffee-shop/sainsburys-cornish-clotted-cream-scones--taste-the-difference-x4', "Sainsbury's Cornish Clotted Cream Scones, Taste the Difference x4", '£1.00', '25p / ea')
('https://www.sainsburys.co.uk/shop/gb/groceries/product/details/coffee-shop/sainsburys-danish-apple-trellis-x2', "Sainsbury's Danish Pastry Bramley Apple Lattices x2", '£1.30', '65p / ea')
('https://www.sainsburys.co.uk/shop/gb/groceries/product/details/coffee-shop/sainsburys-victoria-sponge-cake--taste-the-difference-5', "Sainsbury's Victoria Sponge Cake, Taste the Difference 345g (Serves 6)", '£2.00', '58p / 100g')
('https://www.sainsburys.co.uk/shop/gb/groceries/product/details/coffee-shop/sainsburys-pain-au-chocolat-x4', "Sainsbury's Pains Au Chocolat x4", '£1.25', '31p / ea')
('https://www.sainsburys.co.uk/shop/gb/groceries/product/details/coffee-shop/emmi-cappuccino-caffe-latte-iced-coffee-230ml', 'Emmi Caffe Latte Cappuccino Iced Coffee 230ml', '£1.55', '£6.74 / ltr')
('https://www.sainsburys.co.uk/shop/gb/groceries/product/details/coffee-shop/cadbury-highlights-chocolate-instant-11g', 'Cadbury Highlights Chocolate Instant 11g', '30p', '£2.73 / 100g')
('https://www.sainsburys.co.uk/shop/gb/groceries/product/details/coffee-shop/doria-amaretti-250g', 'Doria Amaretti 250g', '£2.00', '80p / 100g')
('https://www.sainsburys.co.uk/shop/gb/groceries/product/details/coffee-shop/twinings-raspberry--strawberry---loganberry-tea-bags-x20', 'Twinings Strawberry & Raspberry Tea, 20 Tea Bags', '£1.50', '£3.75 / 100g')
('https://www.sainsburys.co.uk/shop/gb/groceries/product/details/coffee-shop/cadbury-chocolate-break-drink-400g', 'Cadbury Hot Chocolate Instant Jar 400g', '£2.50', '63p / 100g')
('https://www.sainsburys.co.uk/shop/gb/groceries/product/details/coffee-shop/sainsburys-fairtrade-sundried-quinchia--taste-the-difference-227g', "Sainsbury's Fairtrade Sundried Quinchia Coffee, Taste the Difference, Strength 4 227g", '£3.50', '£1.54 / 100g')
('https://www.sainsburys.co.uk/shop/gb/groceries/product/details/special-offers-/sainsburys-chocolate-rose-18g', "Sainsbury's Chocolate Rose 18g", '3p', '17p / 100g')
('https://www.sainsburys.co.uk/shop/gb/groceries/product/details/special-offers-/grahams-gold-jersey-full-cream-milk-1l', "Graham's Gold Jersey Full Cream Milk 1L", '£1.00', '£1.00 / ltr')
('https://www.sainsburys.co.uk/shop/gb/groceries/product/details/special-offers-/belvoir-raspberry-lemonade-750ml', 'Belvoir Raspberry Lemonade 750ml (Sugar levy applied)', '£2.70', '36p / 100ml')
('https://www.sainsburys.co.uk/shop/gb/groceries/product/details/special-offers-/lindt-excellence-mint-bar-100g', 'Lindt Excellence Dark Mint Chocolate Bar 100g', '£1.50', '£1.50 / 100g')
('https://www.sainsburys.co.uk/shop/gb/groceries/product/details/special-offers-/lindt-excellence-intense-orange-100g', 'Lindt Excellence Dark Orange Chocolate Bar 100g', '£1.50', '£1.50 / 100g')
('https://www.sainsburys.co.uk/shop/gb/groceries/product/details/special-offers-/sainsburys-fresh-custard-slices-x2-180g', "Sainsbury's Fresh Custard Slices x2 180g", '£1.40', '78p / 100g')
('https://www.sainsburys.co.uk/shop/gb/groceries/product/details/special-offers-/sainsburys-just-cook-garlic-chicken-crown-530g', "Sainsbury's Just Cook British Chicken Crown with Garlic & Herb Butter 525g (Serves 3)", '£3.75', '£7.14 / kg')
('https://www.sainsburys.co.uk/shop/gb/groceries/product/details/special-offers-/brancott-estate-sauvignon-blanc-75cl', 'Brancott Estate Sauvignon Blanc 75cl', '£7.00', '£7.00 / 75cl')
('https://www.sainsburys.co.uk/shop/gb/groceries/product/details/special-offers-/boofle-mum-on-mothers-day-card', 'Boofle Mum on Mothers Day Card', '£4.00', '£4.00 / ea')
('https://www.sainsburys.co.uk/shop/gb/groceries/product/details/special-offers-/happy-mothers-day-with-love-card', 'Happy Mothers Day with love Card', '£2.50', '£2.50 / ea')
('https://www.sainsburys.co.uk/shop/gb/groceries/product/details/all-price-lock/alberto-balsam-energize-hair-conditioner-250-ml', 'Alberto Balsam Energise Tropical Peach & Mango Conditioner 250ml', '£1.50', '60p / 100ml')
('https://www.sainsburys.co.uk/shop/gb/groceries/product/details/all-price-lock/carex\xa0fun-edition\xa0love-hearts-hand-gel-50ml-7972219-p', 'Carex Fun Edition Love Hearts Hand Gel 50ml', '£1.00', '£2.00 / 100ml')
('https://www.sainsburys.co.uk/shop/gb/groceries/product/details/all-price-lock/sainsburys-british-plain-chicken-thighs-15kg', "Sainsbury's British Plain Chicken Thighs 1.5kg", '£4.50', '£3.00 / kg')
('https://www.sainsburys.co.uk/shop/gb/groceries/product/details/all-price-lock/sainsburys-super-absorbent-decorated-kitchen-towel-2-rolls-7971978-p-44', "Sainsbury's Super Absorbent Decorated Kitchen Towel 2 Rolls", '£2.00', '£1.00 / 100sht')
('https://www.sainsburys.co.uk/shop/gb/groceries/product/details/all-price-lock/dove-bodywash-silk-glow-450ml', 'Dove Nourishing Silk Body wash 450ml', '£2.00', '44p / 100ml')
('https://www.sainsburys.co.uk/shop/gb/groceries/product/details/all-price-lock/dove-pro-age-body-wash-450-ml', 'Dove Pro Age Body Wash 450ml', '£2.00', '44p / 100ml')
('https://www.sainsburys.co.uk/shop/gb/groceries/product/details/all-price-lock/dove-indulging-bath-cream-450-ml', 'Dove Indulging Bath Cream 450ml', '£2.00', '44p / 100ml')
('https://www.sainsburys.co.uk/shop/gb/groceries/product/details/all-price-lock/marstons-english-pale-ale-500ml', "Marston's English Pale Ale 500ml", '£1.00', '£2.00 / ltr')
('https://www.sainsburys.co.uk/shop/gb/groceries/product/details/all-price-lock/sainsburys-colombian-origin-instant-coffee-taste-the-difference-100g', "Sainsbury's Colombian Origin Instant Coffee, Taste the Difference 100g", '£2.55', '£2.55 / 100g')
('https://www.sainsburys.co.uk/shop/gb/groceries/product/details/all-price-lock/hula-hoops-flavarings-spicy-flavour-90g-7966949-p', 'Hula Hoops Flavarings Spicy Flavour Crisps 90g', '£1.00', '£1.11 / 100g')
('https://www.sainsburys.co.uk/shop/gb/groceries/product/details/all-price-lock/whiskas-in-jelly-wet-super-senior-11-cat-food-pouches-poultry-12x100g', 'Whiskas in Jelly Wet Super Senior 11+ Cat Food Pouches Poultry 12x100g', '£3.50', '£2.92 / kg')
('https://www.sainsburys.co.uk/shop/gb/groceries/product/details/all-price-lock/nescafé-dolce-gusto-mexico-chiapias-americano-coffee-x12-pods-12-drinks', 'Nescafé Dolce Gusto Mexico Chiapias Americano Coffee x12 Pods, 12 Drinks', '£3.50', '£3.50 / 100g')
('https://www.sainsburys.co.uk/shop/gb/groceries/product/details/all-price-lock/naked-rice-long-grain-rice-chinese-char-siu-78g', 'Naked Rice Long Grain Rice Chinese Char Siu 78g', '60p', '77p / 100g')
('https://www.sainsburys.co.uk/shop/gb/groceries/product/details/all-price-lock/naked-noodle-thai-sweet-chilli-egg-noodles-78g', 'Naked Noodle Thai Sweet Chilli Egg Noodles 78g', '60p', '77p / 100g')
('https://www.sainsburys.co.uk/shop/gb/groceries/product/details/all-price-lock/kenco-iced-latte-vanilla-instant-coffee-8-sachets', 'Kenco Iced Latte Vanilla Instant Coffee 8 Sachets', '£1.50', '88p / 100g')
('https://www.sainsburys.co.uk/shop/gb/groceries/product/details/all-price-lock/nescafé-dolce-gusto-flat-white-coffee-x16-pods-16-drinks', 'Nescafé Dolce Gusto Flat White Coffee x16 Pods, 16 Drinks', '£3.50', '£1.87 / 100g')
('https://www.sainsburys.co.uk/shop/gb/groceries/product/details/all-price-lock/nescafé-dolce-gusto-cafe-au-lait-intenso-coffee-x16-pods-16-drinks', 'Nescafé Dolce Gusto Cafe au Lait Intenso Coffee x16 Pods, 16 Drinks', '£3.50', '£3.50 / 100g')
('https://www.sainsburys.co.uk/shop/gb/groceries/product/details/all-price-lock/pepsi-max-cans-12x330ml', 'Pepsi Max Cans 12x330ml', '£4.00', '10p / 100ml')
('https://www.sainsburys.co.uk/shop/gb/groceries/product/details/all-price-lock/lenor-fabric-conditioner-spring-awakening-scent-119l-34-washes', 'Lenor Fabric Conditioner Spring Awakening Scent 1.19L (34 Washes)', '£2.00', '£1.68 / ltr')
('https://www.sainsburys.co.uk/shop/gb/groceries/product/details/all-price-lock/tayto-popcorn-sweet-salted-100g', 'Tayto Popcorn Sweet & Salted 100g', '£1.00', '£1.00 / 100g')
('https://www.sainsburys.co.uk/shop/gb/groceries/product/details/all-price-lock/oreo-original-vanilla-chocolate-sandwich-biscuit-132g', 'Oreo Original Vanilla Chocolate Sandwich Biscuit 132g', '£1.00', '76p / 100g')
('https://www.sainsburys.co.uk/shop/gb/groceries/product/details/all-price-lock/hula-hoops-flavarings-salt-vinegar-flavour-crisps-90g', 'Hula Hoops Flavarings Salt & Vinegar Flavour Crisps 90g', '£1.00', '£1.11 / 100g')
('https://www.sainsburys.co.uk/shop/gb/groceries/product/details/all-price-lock/sainsburys-bath-foam-with-sea-minerals-extract-1l', "Sainsbury's Bath Foam with Sea Minerals Extract 1L", '70p', '7p / 100ml')
('https://www.sainsburys.co.uk/shop/gb/groceries/product/details/all-price-lock/nivea-men-anti-perspirant-deodorant-spray-deep-48-hours-deo-250ml', 'Nivea Men Anti-Perspirant Deodorant Spray Deep 48 Hours Deo 250ml', '£1.60', '64p / 100ml')
('https://www.sainsburys.co.uk/shop/gb/groceries/product/details/all-price-lock/sainsburys-scottish-salmon-fillet-140g', "Sainsbury's Scottish Salmon Fillet 140g", '£1.90', '£13.57 / kg')
('https://www.sainsburys.co.uk/shop/gb/groceries/product/details/all-price-lock/sainsburys-instant-malt-drink-400g', "Sainsbury's Instant Malt Drink 400g", '£1.50', '38p / 100g')
('https://www.sainsburys.co.uk/shop/gb/groceries/product/details/all-price-lock/bakers-small-dry-dog-food-beef-and-veg-11kg-7912668-p', 'Bakers Small Dry Dog Food Beef and Veg 1.1kg', '£2.75', '£2.50 / kg')
('https://www.sainsburys.co.uk/shop/gb/groceries/product/details/all-price-lock/bakers-dry-dog-food-chicken-and-veg-3kg-7912638-p', 'Bakers Dry Dog Food Chicken and Veg 3kg', '£6.00', '£2.00 / kg')
('https://www.sainsburys.co.uk/shop/gb/groceries/product/details/all-price-lock/heinz-by-nature-sweet-potato-lean-beef-hotpot-12-months-230g', 'Heinz By Nature Sweet Potato & Lean Beef Hotpot 12+ Months 230g', '£1.35', '59p / 100g')
('https://www.sainsburys.co.uk/shop/gb/groceries/product/details/all-price-lock/heinz-by-nature-cottage-pie-12-months-230g', 'Heinz By Nature Cottage Pie 12+ Months 230g', '£1.35', '59p / 100g')
('https://www.sainsburys.co.uk/shop/gb/groceries/product/details/all-chicken-44/sainsburys-just-cook-garlic-chicken-crown-530g', "Sainsbury's Just Cook British Chicken Crown with Garlic & Herb Butter 525g (Serves 3)", '£3.75', '£7.14 / kg')
('https://www.sainsburys.co.uk/shop/gb/groceries/product/details/all-chicken-44/sainsburys-just-cook-chicken-breast-with-sage---onion-stuffing-500g', "Sainsbury's Just Cook Chicken Breast with Pork, Sage & Onion Stuffing 500g (Serves 3)", '£3.75', '£7.50 / kg')
('https://www.sainsburys.co.uk/shop/gb/groceries/product/details/all-chicken-44/premier-deli-roasted-chicken-breast-slices-300g', 'Premier Deli Roasted Chicken Breast Slices 300g', '£3.00', '£1.00 / 100g')
('https://www.sainsburys.co.uk/shop/gb/groceries/product/details/all-chicken-44/bonein-wilt-spiced-hny-jnt-11kg', 'Bonein Wilt Spiced Hny Jnt 1.1kg', '£20.00', '£1.82 / 100g')
('https://www.sainsburys.co.uk/shop/gb/groceries/product/details/all-chicken-44/sainsburys-british-whole-chicken-19-kg', "Sainsbury's British Whole Chicken 1.9 Kg", '£6.00', '£3.55 / kg')
('https://www.sainsburys.co.uk/shop/gb/groceries/product/details/all-chicken-44/sainsburys-british-free-range-whole-chicken-taste-the-difference-18kg', "Sainsbury's British Free Range Whole Chicken, Taste the Difference 1.8kg", '£10.00', '£5.56 / kg')
('https://www.sainsburys.co.uk/shop/gb/groceries/product/details/all-chicken-44/sainsburys-cajun-chicken-mini-fillets-305g', "Sainsbury's British Cajun Spiced Chicken Mini Fillets 305g", '£2.70', '£8.85 / kg')
('https://www.sainsburys.co.uk/shop/gb/groceries/product/details/whole-birds/sainsburys-just-cook-garlic-chicken-crown-530g', "Sainsbury's Just Cook British Chicken Crown with Garlic & Herb Butter 525g (Serves 3)", '£3.75', '£7.14 / kg')
('https://www.sainsburys.co.uk/shop/gb/groceries/product/details/whole-birds/sainsburys-british-whole-chicken-19-kg', "Sainsbury's British Whole Chicken 1.9 Kg", '£6.00', '£3.55 / kg')
('https://www.sainsburys.co.uk/shop/gb/groceries/product/details/whole-birds/sainsburys-british-free-range-whole-chicken-taste-the-difference-18kg', "Sainsbury's British Free Range Whole Chicken, Taste the Difference 1.8kg", '£10.00', '£5.56 / kg')
('https://www.sainsburys.co.uk/shop/gb/groceries/product/details/whole-birds/sainsburys-norfolk-black-free-range-whole-chicken-approx-165kg-', "Sainsbury's Corn Fed Free Range British Whole Chicken, Norfolk Black (approx. 1.65kg)", '£9.85', '£6.70 / kg')
('https://www.sainsburys.co.uk/shop/gb/groceries/product/details/drumsticks---wings-44/tariq-halal-fresh-grade-a-oyster-cut-chicken-legs-12kg', 'Tariq Halal Fresh Grade A Oyster Cut Chicken Legs 1.2kg', '£3.50', '£2.92 / kg')
('https://www.sainsburys.co.uk/shop/gb/groceries/product/details/drumsticks---wings-44/tariq-halal-fresh-grade-a-chicken-wings-1kg', 'Tariq Halal Fresh Grade A Chicken Wings 1kg', '£3.00', '£3.00 / kg')
('https://www.sainsburys.co.uk/shop/gb/groceries/product/details/drumsticks---wings-44/sainsburys-free-range-chicken-thigh-drumsticks-so-organic-approx-650g-', "Sainsbury's Free Range British Chicken Thigh & Drumsticks, So Organic (approx.650g)", '£7.45 / kg', '75p / 100g')
('https://www.sainsburys.co.uk/shop/gb/groceries/product/details/drumsticks---wings-44/sainsburys-chicken-leg-pack-1kg', "Sainsbury's British Fresh Skin on Chicken Legs 1kg", '£1.69', '£1.69 / kg')
('https://www.sainsburys.co.uk/shop/gb/groceries/product/details/drumsticks---wings-44/sainsburys-summer-edition-masala-style-british-chicken-thighs-500g', "Sainsbury's Summer Edition Masala Style British Chicken Thighs 500g", '£3.00', '£6.00 / kg')
('https://www.sainsburys.co.uk/shop/gb/groceries/product/details/drumsticks---wings-44/tariq-halal-chicken-thighs-1kg', 'Tariq Halal Chicken Thighs 1kg', '£3.50', '£3.50 / kg')
('https://www.sainsburys.co.uk/shop/gb/groceries/product/details/drumsticks---wings-44/sainsburys-chicken-drum-fillets-500g', "Sainsbury's British Fresh Chicken Drumstick Fillets Skinless & Boneless 500g", '£2.30', '£4.60 / kg')
('https://www.sainsburys.co.uk/shop/gb/groceries/product/details/drumsticks---wings-44/sainsbury’s-chilli-lime-chicken-thighs-drumsticks-roast-in-the-bag-600g', 'Sainsbury’s Chilli & Lime Chicken Thighs & Drumsticks Roast In The Bag 600g', '£2.80', '£4.67 / kg')
('https://www.sainsburys.co.uk/shop/gb/groceries/product/details/drumsticks---wings-44/sainsburys-southern-fried-british-chicken-drums-thighs-800g', "Sainsbury's Southern Fried British Chicken Drums & Thighs 800g", '£3.50', '£4.38 / kg')
('https://www.sainsburys.co.uk/shop/gb/groceries/product/details/drumsticks---wings-44/tariq-halal-fresh-grade-a-chicken-drumsticks-thighs-1kg', 'Tariq Halal Fresh Grade A Chicken Drumsticks & Thighs 1kg', '£3.00', '£3.00 / kg')
('https://www.sainsburys.co.uk/shop/gb/groceries/product/details/drumsticks---wings-44/sainsburys-sweet-chilli-british-chicken-thighs-summer-edition-900g', "Sainsbury's Sweet Chilli British Chicken Thighs, Summer Edition 900g", '£4.50', '£5.00 / kg')
('https://www.sainsburys.co.uk/shop/gb/groceries/product/details/drumsticks---wings-44/sainsburys-chicken-thighs-1kg', "Sainsbury's British Fresh Chicken Skin on Thighs 1kg", '£1.65', '£1.65 / kg')
('https://www.sainsburys.co.uk/shop/gb/groceries/product/details/drumsticks---wings-44/sainsburys-chicken-thigh-fillets-640g', "Sainsbury's British Fresh Chicken Thigh Fillets Skinless & Boneless 640g", '£3.20', '£5.00 / kg')
('https://www.sainsburys.co.uk/shop/gb/groceries/product/details/drumsticks---wings-44/sainsburys-corn-fed-chicken-thigh-drumsticks-approx-550g-', "Sainsbury's Corn Fed British Chicken Thigh & Drumsticks (approx.550g)", '£5.70 / kg', '£5.70 / kg')
('https://www.sainsburys.co.uk/shop/gb/groceries/product/details/drumsticks---wings-44/sainsburys-chicken-drumsticks-1kg', "Sainsbury's British Fresh Chicken Skin on Drumsticks 1kg", '£1.35', '£1.35 / kg')
('https://www.sainsburys.co.uk/shop/gb/groceries/product/details/drumsticks---wings-44/sainsburys-free-range-chicken-thigh-fillets-so-organic-approx-360g-', "Sainsbury's Free Range Chicken Thigh Fillets, SO Organic (approx. 360g)", '£18.75 / kg', '£18.75 / kg')
('https://www.sainsburys.co.uk/shop/gb/groceries/product/details/drumsticks---wings-44/tariq-halal-skinless-chicken-drumsticks-1kg', 'Tariq Halal Skinless Chicken Drumsticks 1kg', '£3.00', '£3.00 / kg')
('https://www.sainsburys.co.uk/shop/gb/groceries/product/details/drumsticks---wings-44/sainsburys-corn-fed-free-range-norfolk-black-chicken-thigh-fillets-approx-360g-', "Sainsbury's Corn Fed Free Range British Chicken Thigh Fillets, Norfolk Black (approx. 360g)", '£4.36', '£1.21 / 100g')
('https://www.sainsburys.co.uk/shop/gb/groceries/product/details/drumsticks---wings-44/sainsburys-chicken-wings-1kg', "Sainsbury's British Fresh Chicken Wings 1kg", '£1.49', '£1.49 / kg')
('https://www.sainsburys.co.uk/shop/gb/groceries/product/details/drumsticks---wings-44/sainsburys-free-range-chicken-thigh-drumsticks-taste-the-difference-approx-340g-', "Sainsbury's Free Range British Chicken Thigh & Drumsticks, Taste the Difference (approx.590g)", '£4.10', '70p / 100g')
('https://www.sainsburys.co.uk/shop/gb/groceries/product/details/drumsticks---wings-44/sainsburys-chicken-fajitia-mini-fillets-320g', "Sainsbury's Fajita Spiced British Fresh Chicken Breast Mini Fillets 320g", '£2.55', '£7.97 / kg')
('https://www.sainsburys.co.uk/shop/gb/groceries/product/details/drumsticks---wings-44/tariq-halal-fresh-grade-a-chicken-drumsticks-with-piri-piri-glaze-1kg', 'Tariq Halal Fresh Grade A Chicken Drumsticks with Piri Piri Glaze 1kg', '£3.50', '£3.50 / kg')
('https://www.sainsburys.co.uk/shop/gb/groceries/product/details/bacon/sainsburys-thick-unsmoked-bacon-rasher-x6-300g', "Sainsbury's Thick Unsmoked Bacon Rasher x6 300g", '£2.05', '£6.83 / kg')
('https://www.sainsburys.co.uk/shop/gb/groceries/product/details/bacon/denny-traditional-bacon-240g', 'Denny Traditional Bacon 240g', '£3.00', '£12.50 / kg')
('https://www.sainsburys.co.uk/shop/gb/groceries/product/details/bacon/sainsburys-unsmoked-danish-lean-bacon-loin-steaks-x2-250g', "Sainsbury's Unsmoked Lean Bacon Loin Steaks x2 250g", '£3.00', '£12.00 / kg')
('https://www.sainsburys.co.uk/shop/gb/groceries/product/details/all-easter-eggs-and-chocolate-/tonys-chocolonely-easter-eggs-155g', "Tony's Chocolonely Fairtrade Great Big Chocolate Eggs 155g", '£3.75', '£2.50 / 100g')
('https://www.sainsburys.co.uk/shop/gb/groceries/product/details/all-easter-eggs-and-chocolate-/ferrero-grand-rocher-125g', 'Ferrero Rocher Chocolate Shell with 2 Ferrero Rocher Inside 125g', '£5.00', '£4.00 / 100g')
('https://www.sainsburys.co.uk/shop/gb/groceries/product/details/all-easter-eggs-and-chocolate-/monty-bojangles-choccy-trinket-135g', 'Monty Bojangles Choccy Scoffy 135g', '£3.00', '£2.22 / 100g')
('https://www.sainsburys.co.uk/shop/gb/groceries/product/details/all-easter-eggs-and-chocolate-/sainsburys-billionaire-egg-210g', 'Billionaires Milk Chocolate Egg 210g', '£4.00', '£1.90 / 100g')
('https://www.sainsburys.co.uk/shop/gb/groceries/product/details/all-easter-eggs-and-chocolate-/cocoa-et-co-beehive-egg-220g', 'Cocoa & Co. Belgian Chocolate Beehive Egg 220g', '£10.00', '£4.55 / 100g')
('https://www.sainsburys.co.uk/shop/gb/groceries/product/details/all-easter-eggs-and-chocolate-/swizzels-squashies-drumchick-orange-pineapple-foam-gums-160g', 'Swizzels Drumchick Squashies Orange & Pineapple Foam Gums', '£1.00', '63p / 100g')
('https://www.sainsburys.co.uk/shop/gb/groceries/product/details/all-easter-eggs-and-chocolate-/kinder-mini-eggs-75g', 'Kinder Mini Easter Eggs Pouch 75g', '£1.00', '55p / 100g')
('https://www.sainsburys.co.uk/shop/gb/groceries/product/details/all-easter-eggs-and-chocolate-/cadbury-dairy-milk-caramel-gift-boxed-easter-egg-331g-check-your-local-store-for-available-range-', 'Cadbury Dairy Milk Caramel Gift Boxed Egg 286g', '£6.00', '£2.10 / 100g')
('https://www.sainsburys.co.uk/shop/gb/groceries/product/details/all-easter-eggs-and-chocolate-/quality-street-easter-egg-277g-check-your-local-store-for-available-range-', 'Quality Street Milk Chocolate Giant Easter Egg 311g', '£6.00', '£1.93 / 100g')
('https://www.sainsburys.co.uk/shop/gb/groceries/product/details/all-easter-eggs-and-chocolate-/cadbury-dairy-milk-creme-egg-with-large-easter-egg-460g', 'Cadbury Dairy Milk Creme Egg with Large Easter Egg 497g', '£10.00', '£2.17 / 100g')
('https://www.sainsburys.co.uk/shop/gb/groceries/product/details/all-easter-eggs-and-chocolate-/cadbury-dairy-milk-with-oreo-minis-bag-82g', 'Cadbury Dairy Milk with Oreo Minis Bag 82g', '£1.00', '£1.39 / 100g')
('https://www.sainsburys.co.uk/shop/gb/groceries/product/details/miniandtreat-size/sainsburys-swiss-white-choc-mini-eggs-taste-the-difference-120g-check-your-local-store-for-available-range-', "Sainsbury's Swiss White Chocolate Eggs, Taste the Difference 120g", '£2.00', '£1.67 / 100g')
('https://www.sainsburys.co.uk/shop/gb/groceries/product/details/miniandtreat-size/sainsburys-swiss-milk-choc-mini-eggs-taste-the-difference-120g-check-your-local-store-for-available-range-', "Sainsbury's Swiss Milk Chocolate Eggs, Taste the Difference 120g", '£2.00', '£1.67 / 100g')
('https://www.sainsburys.co.uk/shop/gb/groceries/product/details/miniandtreat-size/galaxy-golden-mini-chocolate-eggs-72g', 'Galaxy Enchanted Eggs Easter Chocolate Bag 80g', '75p', '94p / 100g')
('https://www.sainsburys.co.uk/shop/gb/groceries/product/details/miniandtreat-size/cadbury-dairy-milk-egg-n-spoon-with-oreo-136g', "Cadbury Dairy Milk Egg 'n' Spoon with Oreo 128g", '£2.00', '£1.56 / 100g')
('https://www.sainsburys.co.uk/shop/gb/groceries/product/details/miniandtreat-size/lindt-gold-bunny-10g', 'Lindt Gold Bunny 10g', '40p', '£4.00 / 100g')
('https://www.sainsburys.co.uk/shop/gb/groceries/product/details/miniandtreat-size/cadbury-mini-eggs-bag-90g', 'Cadbury Mini Eggs Bag 80g', '£1.00', '£1.25 / 100g')
('https://www.sainsburys.co.uk/shop/gb/groceries/product/details/miniandtreat-size/cadbury-creme-egg-single-40g', 'Cadbury Creme Egg Single 40g', '35p', '35p / ea')
('https://www.sainsburys.co.uk/shop/gb/groceries/product/details/miniandtreat-size/maltesers-bunny-orange-chocolate-easter-treat-29g', 'Maltesers Bunny Orange Chocolate Easter Treat 29g', '50p', '£1.72 / 100g')
('https://www.sainsburys.co.uk/shop/gb/groceries/product/details/miniandtreat-size/thorntons-milk-chocolate-bunny-29g', 'Thorntons Milk Chocolate Bunny 29g', '55p', '£1.90 / 100g')
('https://www.sainsburys.co.uk/shop/gb/groceries/product/details/miniandtreat-size/haribo-eggs-galore-multipack-160g', 'Haribo Eggs Galore Multipack 160g', '£1.00', '63p / 100g')
('https://www.sainsburys.co.uk/shop/gb/groceries/product/details/miniandtreat-size/cadburys-creme-egg-tin-409g', 'Cadbury Creme Egg Chocolate Tub 409g', '£5.00', '£1.22 / 100g')
('https://www.sainsburys.co.uk/shop/gb/groceries/product/details/miniandtreat-size/cadbury-oreo-easter-egg-31g', 'Cadbury Oreo Easter Egg 31g', '50p', '£1.61 / 100g')
('https://www.sainsburys.co.uk/shop/gb/groceries/product/details/miniandtreat-size/cadbury-creme-egg-x5-197g', 'Cadbury Creme Egg x5 197g', '£2.00', '£1.02 / 100g')
('https://www.sainsburys.co.uk/shop/gb/groceries/product/details/miniandtreat-size/maltesers-malteaster-mini-chocolate-bunnies-bag-58g', 'Maltesers MaltEaster Mini Chocolate Bunnies Bag 58g', '£1.00', '£1.72 / 100g')
('https://www.sainsburys.co.uk/shop/gb/groceries/product/details/miniandtreat-size/maynards-bassetts-jelly-babies-chicks-bag-165g', 'Maynards Bassetts Jelly Babies Chicks Bag 165g', '£1.00', '61p / 100g')
('https://www.sainsburys.co.uk/shop/gb/groceries/product/details/miniandtreat-size/cadbury-chocolate-mini-eggs-clip-strip-80g', 'Cadbury Chocolate Mini Eggs Clip Strip 80g', '£1.00', '£1.25 / 100g')
('https://www.sainsburys.co.uk/shop/gb/groceries/product/details/miniandtreat-size/cadbury-caramel-egg-single-40g', 'Cadbury Caramel Egg Single 40g', '50p', '50p / ea')
('https://www.sainsburys.co.uk/shop/gb/groceries/product/details/small-and-medium/cadbury-mini-eggs-medium-easter-egg-130g', 'Cadbury Mini Eggs Medium Easter Egg 130g', '£1.25', '96p / 100g')
('https://www.sainsburys.co.uk/shop/gb/groceries/product/details/small-and-medium/cadbury-dairy-milk-buttons-medium-easter-egg-128g', 'Cadbury Dairy Milk Buttons Easter Egg & Chocolate Bag 74g', '£1.00', '£1.35 / 100g')
('https://www.sainsburys.co.uk/shop/gb/groceries/product/details/small-and-medium/tonys-easter-milk-meringue-lemon-180g', "Tony's Chocolonely Fairtrade Milk Chocolate Meringue and Lemon 180g", '£3.50', '£1.94 / 100g')
('https://www.sainsburys.co.uk/shop/gb/groceries/product/details/small-and-medium/cadbury-creme-egg-medium-easter-egg-138g', 'Cadbury Dairy Milk Creme Egg Medium Easter Egg 138g', '£1.25', '91p / 100g')
('https://www.sainsburys.co.uk/shop/gb/groceries/product/details/small-and-medium/buttermilk-zingy-orange-crisp-chocolate-egg-soldier-165g', 'Buttermilk Zingy Orange Crisp Choccy Egg 165g', '£6.00', '£2.68 / 100g')
('https://www.sainsburys.co.uk/shop/gb/groceries/product/details/small-and-medium/nomo-vegan-free-from-caramel-sea-salt-egg-bar-148g-8044608-p-44', 'NOMO Vegan & Free From Fruit & Crunch Egg & Bar 207g', '£6.00', '£2.90 / 100g')
('https://www.sainsburys.co.uk/shop/gb/groceries/product/details/easterluxury/cocoa-co-caramel-box-130g', 'Cocoa & Co. The Caramel Chocolate Collection 130g', '£6.00', '£4.62 / 100g')
('https://www.sainsburys.co.uk/shop/gb/groceries/product/details/easterluxury/ferrero-collection-egg-275g', 'Ferrero Collection Fine Milk Chocolate Egg with 6 Specialities Inside 239.8g', '£13.00', '£5.42 / 100g')
('https://www.sainsburys.co.uk/shop/gb/groceries/product/details/easterluxury/lindt-lindor-salted-caramel-200g', 'Lindt Lindor Salted Caramel Chocolate Truffles Box 200g', '£4.00', '£2.00 / 100g')
('https://www.sainsburys.co.uk/shop/gb/groceries/product/details/easterluxury/maltesers-truffles-luxury-chocolate-easter-egg-286g-check-your-local-store-for-available-range-', 'Maltesers Truffles Luxury Chocolate Easter Egg 286g', '£10.00', '£3.50 / 100g')
('https://www.sainsburys.co.uk/shop/gb/groceries/product/details/easterluxury/lindt-lindor-mint-chocolate-limited-edition-200g', 'Lindt Lindor Mint Chocolate, Limited Edition 200g', '£4.00', '£2.00 / 100g')
('https://www.sainsburys.co.uk/shop/gb/groceries/product/details/easterluxury/cadbury-mini-eggs-gift-boxed-easter-egg-286g-check-your-local-store-for-available-range-', 'Cadbury Mini Eggs Giant Easter Egg 231g', '£6.00', '£2.60 / 100g')
('https://www.sainsburys.co.uk/shop/gb/groceries/product/details/chilled-vegetarian-ready-meals/pataks-brinjal-aubergine-pickle-312g', "Patak's Brinjal (Aubergine) Pickle 312g", '£1.95', '63p / 100g')
('https://www.sainsburys.co.uk/shop/gb/groceries/product/details/chilled-vegetarian-ready-meals/sainsburys-indian-saag-paneer-300g-serves-2-', "Sainsbury's Indian Saag Paneer 300g (Serves 2)", '£2.25', '£7.50 / kg')
('https://www.sainsburys.co.uk/shop/gb/groceries/product/details/chilled-vegetarian-ready-meals/plant-pioneer-4-no-chicken-samosas-200g', 'Plant Pioneers Vegan No Chicken Samosas x4 200g', '£2.25', '£11.25 / kg')
('https://www.sainsburys.co.uk/shop/gb/groceries/product/details/chilled-vegetarian-ready-meals/plant-pioneer-mash-potato-400g', 'Plant Pioneers Mash Potato 400g', '£1.35', '£3.38 / kg')
('https://www.sainsburys.co.uk/shop/gb/groceries/product/details/chilled-vegetarian-ready-meals/plant-pioneer-cauliflower-bake-400g', 'Plant Pioneers Cauliflower Bake 400g', '£2.25', '£5.63 / kg')
('https://www.sainsburys.co.uk/shop/gb/groceries/product/details/chilled-vegetarian-ready-meals/charlie-bighams-vegetable-lasagne-730g', "Charlie Bigham's Vegetable Lasagne 730g", '£7.75', '£10.62 / kg')
('https://www.sainsburys.co.uk/shop/gb/groceries/product/details/chilled-vegetarian-ready-meals/charlie-bighams-paneer-tikka-805g', "Charlie Bigham's Paneer Tikka 805g", '£7.75', '£9.63 / kg')
('https://www.sainsburys.co.uk/shop/gb/groceries/product/details/chilled-vegetarian-ready-meals/higgidy-mac-n-super-greens-360g', "Higgidy Mac 'n' Super Greens 360g", '£4.25', '£11.81 / kg')
('https://www.sainsburys.co.uk/shop/gb/groceries/product/details/chilled-vegetarian-ready-meals/sainsburys-love-your-veg!-sticky-miso-aubergine-udon-noodles-400g', "Sainsbury's Vegan Sticky Miso Aubergine Udon Noodles 400g", '£3.00', '£7.50 / kg')
('https://www.sainsburys.co.uk/shop/gb/groceries/product/details/chilled-vegetarian-ready-meals/sainsburys-love-your-veg!-chilli-bean-non-carne-rice-400g-serves-1-', "Sainsbury's Love Your Veg! Chilli Bean Non Carne & Rice 400g (Serves 1)", '£2.20', '£5.50 / kg')
('https://www.sainsburys.co.uk/shop/gb/groceries/product/details/chilled-vegetarian-ready-meals/sainsburys-egg-fried-rice-400g', "Sainsbury's Egg Fried Rice 400g (Serves 2)", '£1.90', '£4.75 / kg')
('https://www.sainsburys.co.uk/shop/gb/groceries/product/details/chilled-vegetarian-ready-meals/sainsburys-egg-fried-rice-200g', "Sainsbury's Egg Fried Rice 200g (Serves 1)", '£1.40', '£7.00 / kg')
('https://www.sainsburys.co.uk/shop/gb/groceries/product/details/chilled-vegetarian-ready-meals/belazu-beldi-olive-black-tapenade-170g', 'Belazu Beldi Olive Black Tapenade 170g', '£2.50', '£1.47 / 100g')
('https://www.sainsburys.co.uk/shop/gb/groceries/product/details/chilled-vegetarian-ready-meals/sainsburys-garlic---coriander-poppadoms-80g', "Sainsbury's Garlic & Coriander Poppadoms 80g", '£1.40', '£1.75 / 100g')
('https://www.sainsburys.co.uk/shop/gb/groceries/product/details/chilled-vegetarian-ready-meals/mumtaz-pilau-rice-340g', 'Mumtaz Pilau Rice 340g (Serves 2)', '£1.70', '£5.00 / kg')
('https://www.sainsburys.co.uk/shop/gb/groceries/product/details/chilled-vegetarian-ready-meals/sainsburys-vegetarian-cottage-pie-400g', "Sainsbury's Love Your Veg! Lentil Cottage Pie 400g (Serves 1)", '£2.20', '£5.50 / kg')
('https://www.sainsburys.co.uk/shop/gb/groceries/product/details/chilled-vegetarian-ready-meals/pataks-lime-pickle-283g', "Patak's Lime Pickle 283g", '£1.95', '69p / 100g')
('https://www.sainsburys.co.uk/shop/gb/groceries/product/details/chilled-vegetarian-ready-meals/sainsburys-mini-onion-bahjia--taste-the-difference-150g', "Sainsbury's Indian Aromatic Onion Bhajias, Taste the Difference 150g", '£1.75', '£10.94 / kg')
('https://www.sainsburys.co.uk/shop/gb/groceries/product/details/chilled-vegetarian-ready-meals/sainsburys-indian-aloo-saag-300g-serves-2-', "Sainsbury's Indian Aloo Saag 300g (Serves 2)", '£2.00', '£6.67 / kg')
('https://www.sainsburys.co.uk/shop/gb/groceries/product/details/chilled-vegetarian-ready-meals/sainsburys-bang-bang-cauliflower-150g', "Sainsbury's Vegan Bang Bang Cauliflower 150g", '£1.75', '£11.67 / kg')
('https://www.sainsburys.co.uk/shop/gb/groceries/product/details/chilled-vegetarian-ready-meals/leon-sweet-potato-katsu-curry-400g', 'LEON Sweet Potato Katsu Curry 400g', '£4.00', '£10.00 / kg')
('https://www.sainsburys.co.uk/shop/gb/groceries/product/details/healthier-choice-ready-meals/sainsburys-beef-lasagne--be-good-to-yourself-390g', "Sainsbury's Beef Lasagne, Be Good To Yourself 390g (Serves 1)", '£2.00', '£5.13 / kg')
('https://www.sainsburys.co.uk/shop/gb/groceries/product/details/healthier-choice-ready-meals/sainsburys-chicken---mushroom-pie--be-good-to-yourself-400g', "Sainsbury's Chicken & Mushroom Pie, Be Good To Yourself 400g (Serves 1)", '£2.25', '£5.63 / kg')
('https://www.sainsburys.co.uk/shop/gb/groceries/product/details/healthier-choice-ready-meals/sainsburys-chicken-tikka-biryani--be-good-to-yourself-400g', "Sainsbury's Chicken Tikka Biryani, Be Good To Yourself 400g (Serves 1)", '£3.00', '£7.50 / kg')
('https://www.sainsburys.co.uk/shop/gb/groceries/product/details/healthier-choice-ready-meals/sainsburys-my-goodness!-katsu-chicken-curry-380g', "Sainsbury's My Goodness! Katsu Chicken Curry 380g", '£3.00', '£7.89 / kg')
('https://www.sainsburys.co.uk/shop/gb/groceries/product/details/healthier-choice-ready-meals/sainsburys-my-goodness!-roasted-vegetable-pasta-380g', "Sainsbury's My Goodness! Roasted Vegetable Pasta 380g", '£3.00', '£7.89 / kg')
('https://www.sainsburys.co.uk/shop/gb/groceries/product/details/healthier-choice-ready-meals/sainsburys-my-goodness!-haddock-watercress-risotto-380g', "Sainsbury's My Goodness! Haddock & Watercress Risotto 380g", '£3.00', '£7.89 / kg')
('https://www.sainsburys.co.uk/shop/gb/groceries/product/details/healthier-choice-ready-meals/plant-pioneers-cottage-pie-400g', 'Plant Pioneers Cottage Pie 400g', '£2.75', '£6.88 / kg')
('https://www.sainsburys.co.uk/shop/gb/groceries/product/details/healthier-choice-ready-meals/plant-pioneer-s-s-tofu-fried-rice-400g', 'Plant Pioneers Vegan No Chicken Sweet & Sour with Tofu Fried Rice 400g (Serves 1)', '£2.75', '£6.88 / kg')
('https://www.sainsburys.co.uk/shop/gb/groceries/product/details/healthier-choice-ready-meals/fit-prepd-naked-pulled-pork-burrito-450g', 'Fit & Prepd Naked Pulled Pork Burrito with Rice & Turtle Beans 450g', '£3.50', '£7.78 / kg')
('https://www.sainsburys.co.uk/shop/gb/groceries/product/details/healthier-choice-ready-meals/fit-prepd-jerk-chicken-450g', 'Fit & Prepd Jerk Chicken with Roasted Sweet Potato & Rice 450g', '£3.50', '£7.78 / kg')
('https://www.sainsburys.co.uk/shop/gb/groceries/product/details/healthier-choice-ready-meals/sainsburys-my-goodness!-mushroom-risotto-350g', "Sainsbury's Mushroom Risotto 350g (Serves 1)", '£2.50', '£7.14 / kg')
('https://www.sainsburys.co.uk/shop/gb/groceries/product/details/healthier-choice-ready-meals/sainsburys-jambalaya--be-good-to-yourself-400g', "Sainsbury's Jambalaya, Be Good To Yourself 400g (Serves 1)", '£3.00', '£7.50 / kg')
('https://www.sainsburys.co.uk/shop/gb/groceries/product/details/healthier-choice-ready-meals/sainsburys-my-goodness!-prawn-linguine-380g', "Sainsbury's My Goodness! Prawn Linguine 380g", '£3.00', '£7.89 / kg')
('https://www.sainsburys.co.uk/shop/gb/groceries/product/details/healthier-choice-ready-meals/plant-pioneers-lasagne-400g', 'Plant Pioneers Lasagne 400g', '£2.75', '£6.88 / kg')
('https://www.sainsburys.co.uk/shop/gb/groceries/product/details/healthier-choice-ready-meals/plant-pioneer-potato-dauphinoise-400g', 'Plant Pioneers Potato Dauphinoise 400g', '£2.25', '£5.63 / kg')
('https://www.sainsburys.co.uk/shop/gb/groceries/product/details/healthier-choice-ready-meals/leon-coconut-lime-curry-jackfruit-380g', 'LEON Coconut & Lime Curry with Jackfruit 380g', '£4.00', '£10.53 / kg')
('https://www.sainsburys.co.uk/shop/gb/groceries/product/details/healthier-choice-ready-meals/leon-thai-green-chicken-curry-380g', 'LEON Thai Green Chicken Curry 380g', '£4.00', '£10.53 / kg')
('https://www.sainsburys.co.uk/shop/gb/groceries/product/details/healthier-choice-ready-meals/sainsburys-chilli-prawn-spaghetti-be-good-to-yourself-380g', "Sainsbury's Chilli Prawn Spaghetti, Be Good To Yourself 380g", '£3.00', '£7.89 / kg')
('https://www.sainsburys.co.uk/shop/gb/groceries/product/details/milk-flavoured-milk/vita-coco-coconut-milk-original-750ml', 'Vita Coco Coconut Milk Original 750ml', '£1.95', '£2.60 / ltr')
('https://www.sainsburys.co.uk/shop/gb/groceries/product/details/milk-flavoured-milk/the-collective-kefir-mango-turmeric-cultured-drink-500ml', 'The Collective Kefir Mango & Turmeric Cultured Drink 500ml', '£1.75', '35p / 100ml')
('https://www.sainsburys.co.uk/shop/gb/groceries/product/details/milk-flavoured-milk/shaken-udder-strawberries-clotted-cream-330ml', 'Shaken Udder Strawberries & Clotted Cream 330ml', '£1.40', '42p / 100ml')
('https://www.sainsburys.co.uk/shop/gb/groceries/product/details/milk-flavoured-milk/yazoo-strawberry-milk-drink-6x200ml', 'Yazoo Strawberry Milk Drink 6x200ml', '£2.40', '£2.00 / ltr')
('https://www.sainsburys.co.uk/shop/gb/groceries/product/details/milk-flavoured-milk/shaken-udder-top-banana!-banana-milkshake-330ml', 'Shaken Udder Top Banana! Banana Milkshake 330ml', '£1.40', '42p / 100ml')
('https://www.sainsburys.co.uk/shop/gb/groceries/product/details/milk-flavoured-milk/rebel-kitchen-dairy-free-organic-coconut-milk-drink-with-coffee-330ml', 'Rebel Kitchen Dairy Free Organic Coconut Milk Drink with Coffee 330ml', '£1.70', '52p / 100ml')
('https://www.sainsburys.co.uk/shop/gb/groceries/product/details/milk-flavoured-milk/mars-sportscap-400ml', 'Mars Sportscap 400ml', '£1.40', '£3.50 / ltr')
('https://www.sainsburys.co.uk/shop/gb/groceries/product/details/milk-flavoured-milk/for-goodness-shakes-protein-nutrition-chocolate-315ml', 'For Goodness Shakes Protein Nutrition Chocolate Shake 315ml', '£1.45', '£4.60 / ltr')
('https://www.sainsburys.co.uk/shop/gb/groceries/product/details/milk-flavoured-milk/fuel10k-liquid-breakfast-high-protein-boosted-milk-drink--chocolate-330ml', 'FUEL10K High Protein Breakfast Milk Drink Chocolate 330ml', '£1.50', '45p / 100ml')
('https://www.sainsburys.co.uk/shop/gb/groceries/product/details/milk-flavoured-milk/up---go-nutritious-breakfast-drink-strawberry-250ml', 'Up & Go Breakfast Drink Strawberry 330ml', '65p', '20p / 100ml')
('https://www.sainsburys.co.uk/shop/gb/groceries/product/details/milk-flavoured-milk/weetabix-on-the-go-chocolate-drink-250ml', 'Weetabix On The Go Breakfast Drink Chocolate 250ml', '£1.00', '40p / 100ml')
('https://www.sainsburys.co.uk/shop/gb/groceries/product/details/milk-flavoured-milk/oatly-chocolate-oat-drink-1l', 'Oatly Oat Drink Chocolate Long Life 1L', '£1.50', '£1.50 / ltr')
('https://www.sainsburys.co.uk/shop/gb/groceries/product/details/milk-flavoured-milk/alpro-long-life-soya-milk-alternative--chocolate-3x250ml', 'Alpro Soya Chocolate Long Life Drink x3 250ml', '£1.60', '£2.13 / ltr')
('https://www.sainsburys.co.uk/shop/gb/groceries/product/details/milk-flavoured-milk/alpro-long-life-soya-milk-alternative--strawberry-3x250ml', 'Alpro Soya Strawberry Long Life Drink x3 250ml', '£1.60', '£2.13 / ltr')
('https://www.sainsburys.co.uk/shop/gb/groceries/product/details/milk-flavoured-milk/ufit-high-protein-shake-drink-strawberry-330ml', 'Ufit High Protein Shake Drink Strawberry 330ml', '£2.00', '£6.06 / ltr')
('https://www.sainsburys.co.uk/shop/gb/groceries/product/details/milk-flavoured-milk/ufit-high-protein-shake-drink-chocolate-330ml', 'Ufit High Protein Shake Drink Chocolate 330ml', '£2.00', '£6.06 / ltr')
('https://www.sainsburys.co.uk/shop/gb/groceries/product/details/milk-flavoured-milk/yazoo-kids-chocolate-4x200ml', 'Yazoo Kids Chocolate Milk Drink, No Added Sugar 4x200ml', '£2.00', '£2.50 / ltr')
('https://www.sainsburys.co.uk/shop/gb/groceries/product/details/milk-flavoured-milk/happymonkey-strawberry-milkshake-3x200ml', 'Happy Monkey Strawberry Milkshakes 3x200ml', '£1.00', '£1.67 / ltr')
('https://www.sainsburys.co.uk/shop/gb/groceries/product/details/milk-flavoured-milk/shaken-other-strawberry-330ml', 'Shaken Other Strawberry 330ml', '£1.60', '£4.85 / ltr')
('https://www.sainsburys.co.uk/shop/gb/groceries/product/details/milk-flavoured-milk/holy-moly:-banana-nut-shake-750ml', 'Holy Moly Banana Nut Shake 750ml', '£3.80', '£5.07 / ltr')
('https://www.sainsburys.co.uk/shop/gb/groceries/product/details/milk-flavoured-milk/barebells-protein-milkshake-strawberry-flavour-330ml', 'Barebells Protein Milkshake Strawberry Flavour 330ml', '£2.00', '61p / 100ml')
('https://www.sainsburys.co.uk/shop/gb/groceries/product/details/milk-flavoured-milk/alpro-caffe-ethiopian-coffee-soya-caramel-blend-235ml', 'Alpro Caffe Latte Ethiopian Coffee and Soya Caramel Chilled Drink 235ml', '£1.80', '77p / 100ml')
('https://www.sainsburys.co.uk/shop/gb/groceries/product/details/milk-flavoured-milk/the-collective-kefir-coconut-honey-cultured-drink-500ml', 'The Collective Kefir Coconut & Honey Cultured Drink 500ml', '£1.75', '35p / 100ml')
('https://www.sainsburys.co.uk/shop/gb/groceries/product/details/milk-flavoured-milk/emmi-caffe-latte-cappuccino-iced-coffee-370ml', 'Emmi Caffe Latte Cappuccino 370ml', '£1.75', '47p / 100ml')
('https://www.sainsburys.co.uk/shop/gb/groceries/product/details/milk-flavoured-milk/bio-tiful-baked-milk-kefir-250ml', 'Biotiful Baked Milk Kefir (Riazhenka) 250ml', '£1.45', '£5.80 / ltr')
('https://www.sainsburys.co.uk/shop/gb/groceries/product/details/fresh-eggs/wood-farm-free-range-medium-eggs-x6', 'Wood Farm Free Range Medium Eggs x6', '£1.75', '29p / ea')
('https://www.sainsburys.co.uk/shop/gb/groceries/product/details/fresh-eggs/northumberland-free-range-eggs-x6-large', 'Northumberland Large Free Range Eggs x6', '£2.05', '34p / ea')
('https://www.sainsburys.co.uk/shop/gb/groceries/product/details/fresh-eggs/skea-eggs-big-10-free-range-eggs-x10', 'Skea Eggs Big Free Range Eggs x10', '£2.80', '28p / ea')
('https://www.sainsburys.co.uk/shop/gb/groceries/product/details/fresh-eggs/sainsburys-barn-eggs--basics-x15-6416049-p-44', "Sainsbury's Barn Eggs, Basics x15", '£1.19', '8p / ea')
('https://www.sainsburys.co.uk/shop/gb/groceries/product/details/fresh-eggs/mabel-pearmans-burford-brown-eggs-x6', 'Clarence Court Mabel Pearmans Burford Brown Eggs x6', '£2.50', '42p / ea')
('https://www.sainsburys.co.uk/shop/gb/groceries/product/details/fresh-eggs/happy-egg-large-free-range-eggs-x6', 'Happy Egg Large Free Range Eggs x6', '£1.75', '29p / ea')
('https://www.sainsburys.co.uk/shop/gb/groceries/product/details/fresh-eggs/skea-eggs-big-6-free-range-eggs-x6', 'Skea Eggs Big Free Range Eggs x6', '£1.85', '31p / ea')
('https://www.sainsburys.co.uk/shop/gb/groceries/product/details/fresh-eggs/sainsburys-golden-yolked-free-range-eggs--taste-the-difference-x6', "Sainsbury's Woodland Free Range Golden Yolked Mixed Weight Eggs, Taste the Difference x6", '£1.90', '32p / ea')
('https://www.sainsburys.co.uk/shop/gb/groceries/product/details/fresh-eggs/clarence-court-old-cotswold-legbar-eggs-x6', 'Clarence Court Old Cotswold Legbar Eggs x6', '£2.35', '39p / ea')
('https://www.sainsburys.co.uk/shop/gb/groceries/product/details/fresh-eggs/happy-egg-mixed-weight-x10', 'The Happy Egg Co. Free Range Mixed Sizes x10 497g', '£2.00', '20p / ea')
('https://www.sainsburys.co.uk/shop/gb/groceries/product/details/fresh-eggs/brakes-british-free-range-medium-eggs-x18', 'Brakes British Free Range Medium Eggs x18', '£2.50', '14p / ea')
('https://www.sainsburys.co.uk/shop/gb/groceries/product/details/fresh-eggs/the-lakes-fr-medium-eggs-x6', 'The Lakes Laid with Love Free Range Eggs Medium x6', '£1.05', '18p / ea')
('https://www.sainsburys.co.uk/shop/gb/groceries/product/details/fresh-eggs/j-james-fr-mixed-weight-eggs-x10', 'J.James Free Range Eggs Mixed Weight x10', '£1.10', '11p / ea')
('https://www.sainsburys.co.uk/shop/gb/groceries/product/details/fresh-eggs/clarence-court-mabel-pearmanss-burford-browns-large-free-range-eggs-x6', "Clarence Court Mabel Pearmans's Burford Browns Large Free Range Eggs x6", '£2.95', '49p / ea')
('https://www.sainsburys.co.uk/shop/gb/groceries/product/details/fresh-eggs/clarence-court-burford-browns-free-range-eggs-x10-500g', 'Clarence Court Burford Browns Free Range Eggs x10 500g', '£3.75', '38p / ea')
('https://www.sainsburys.co.uk/shop/gb/groceries/product/details/fresh-eggs/ellis-free-range-welsh-large-eggs-x12', 'Ellis Free Range Welsh Large Eggs x12', '£3.30', '28p / ea')
('https://www.sainsburys.co.uk/shop/gb/groceries/product/details/new-355373-44/spontex-latex-free-gloves-medium', 'Spontex Latex Free Gloves Medium', '£3.00', '£3.00 / ea')
('https://www.sainsburys.co.uk/shop/gb/groceries/product/details/new-355373-44/sainsburys-king-prawn-dipping-selection-taste-the-difference-480g-7988658-p-44', "Sainsbury's King Prawn Dipping Selection, Taste the Difference 480g", '£15.00', '£3.13 / 100g')
('https://www.sainsburys.co.uk/shop/gb/groceries/product/details/new-355373-44/habitat-3pk-boxed-tea-towels', 'Habitat 3Pk Boxed Tea Towels', '£8.00', '£8.00 / ea')
('https://www.sainsburys.co.uk/shop/gb/groceries/product/details/new-355373-44/habitat-mid-century-house-laptray', 'Habitat Mid Century House Laptray', '£8.00', '£8.00 / ea')
('https://www.sainsburys.co.uk/shop/gb/groceries/product/details/new-355373-44/ceramic-plant-markers-3pk', 'Ceramic Plant Markers 3PK', '£5.00', '£5.00 / ea')
('https://www.sainsburys.co.uk/shop/gb/groceries/product/details/new-355373-44/super-nan-koala-soft-toy', 'Super Nan Koala Soft Toy', '£6.00', '£6.00 / ea')
('https://www.sainsburys.co.uk/shop/gb/groceries/product/details/new-355373-44/family-planner', 'Family Planner', '£5.00', '£5.00 / ea')
('https://www.sainsburys.co.uk/shop/gb/groceries/product/details/new-355373-44/gold-stem-gin-glass', 'Gold Stem Gin Glass', '£6.00', '£6.00 / ea')
('https://www.sainsburys.co.uk/shop/gb/groceries/product/details/new-355373-44/nan-cushion-138002498-p-44', 'Nan Cushion', '£8.00', '£8.00 / ea')
('https://www.sainsburys.co.uk/shop/gb/groceries/product/details/new-355373-44/boxed-pen-with-charm', 'Boxed Pen with Charm', '£5.00', '£5.00 / ea')
('https://www.sainsburys.co.uk/shop/gb/groceries/product/details/new-355373-44/treats-for-mum', 'Treats for Mum', '£3.00', '£3.00 / ea')
('https://www.sainsburys.co.uk/shop/gb/groceries/product/details/new-355373-44/memory-book', 'Memory Book', '£5.00', '£5.00 / ea')
('https://www.sainsburys.co.uk/shop/gb/groceries/product/details/new-355373-44/fashion-angel-portfolio', 'Fashion Angel Portfolio', '£7.00', '£7.00 / ea')
('https://www.sainsburys.co.uk/shop/gb/groceries/product/details/new-355373-44/sainsburys-all-butter-pains-aux-raisins-taste-the-difference-x2-154g', "Sainsbury's All Butter Pains Aux Raisins, Taste the Difference x2 154g", '£1.50', '75p / ea')
('https://www.sainsburys.co.uk/shop/gb/groceries/product/details/new-355373-44/great-family-days-in', 'Great Family Days In', '£7.00', '£7.00 / ea')
('https://www.sainsburys.co.uk/shop/gb/groceries/product/details/new-355373-44/sd-allergy-protection-pillow-x2', 'Slumberdown Allergy Protection Pillow x2', '£13.00', '£13.00 / ea')
('https://www.sainsburys.co.uk/shop/gb/groceries/product/details/new-355373-44/habitat-stacking-glass-storage-medium', 'Habitat Stacking Glass Storage Medium', '£10.00', '£10.00 / ea')
('https://www.sainsburys.co.uk/shop/gb/groceries/product/details/new-355373-44/habitat-bubble-glass-jug', 'Habitat Bubble Glass Jug', '£12.00', '£12.00 / ea')
('https://www.sainsburys.co.uk/shop/gb/groceries/product/details/new-355373-44/boxed-coaster-k', 'Boxed Coaster "K"', '£3.00', '£3.00 / ea')
('https://www.sainsburys.co.uk/shop/gb/groceries/product/details/new-355373-44/boxed-coaster-h', 'Boxed Coaster "H"', '£3.00', '£3.00 / ea')
('https://www.sainsburys.co.uk/shop/gb/groceries/product/details/new-355373-44/boxed-coaster-c', 'Boxed Coaster "C"', '£3.00', '£3.00 / ea')
('https://www.sainsburys.co.uk/shop/gb/groceries/product/details/new-355373-44/sainsburys-home-floral-hideaway-dotty-ceramic-pen-pot', "Sainsbury's Home Floral Hideaway Dotty Ceramic Pen Pot", '£5.00', '£5.00 / ea')
('https://www.sainsburys.co.uk/shop/gb/groceries/product/details/new-355373-44/sainsburys-home-floral-hideaway-b6-wiro-notepad-with-pen', "Sainsbury's Home Floral Hideaway B6 Wiro Notepad with Pen", '£4.00', '£4.00 / ea')
('https://www.sainsburys.co.uk/shop/gb/groceries/product/details/new-355373-44/habitat-another-eden-wiro-notebook', 'Habitat Another Eden Wiro Notebook', '£4.00', '£4.00 / ea')
('https://www.sainsburys.co.uk/shop/gb/groceries/product/details/new-355373-44/sainsburys-home-oceana-wire-memo-block', "Sainsbury's Home Oceana Wire Memo Block", '£4.00', '£4.00 / ea')
('https://www.sainsburys.co.uk/shop/gb/groceries/product/details/new-355373-44/sainsburys-home-oceana-oversized-wiro-journal', "Sainsbury's Home Oceana Oversized Wiro Journal", '£7.00', '£7.00 / ea')
('https://www.sainsburys.co.uk/shop/gb/groceries/product/details/new-355373-44/sainsburys-home-oceana-lever-arch', "Sainsbury's Home Oceana Lever Arch", '£3.00', '£3.00 / ea')
('https://www.sainsburys.co.uk/shop/gb/groceries/product/details/new-355373-44/habitat-another-eden-stud-post-weekly-planner', 'Habitat Another Eden Stud Post Weekly Planner', '£5.00', '£5.00 / ea')
('https://www.sainsburys.co.uk/shop/gb/groceries/product/details/new-355373-44/sainsburys-home-oil-paint-scene-cushion-43x43cm-134512722-p', "Sainsbury's Home Oil Paint Scene Cushion 43x43cm", '£12.00', '£12.00 / ea')
('https://www.sainsburys.co.uk/shop/gb/groceries/product/details/new-355373-44/lady-of-the-manor-mug-134455844-p', 'Lady of the Manor Mug', '£4.50', '£4.50 / ea')
('https://www.sainsburys.co.uk/shop/gb/groceries/product/details/new-355373-44/sainsburys-home-global-monochrome-tin-pattern-1-134523501-p', "Sainsbury's Home Global Monochrome Tin Pattern 1", '£3.50', '£3.50 / ea')
('https://www.sainsburys.co.uk/shop/gb/groceries/product/details/new-355373-44/sainsburys-home-global-monochrome-ceramic-utensil-pot-134522904-p', "Sainsbury's Home Global Monochrome Ceramic Utensil Pot", '£9.00', '£9.00 / ea')
('https://www.sainsburys.co.uk/shop/gb/groceries/product/details/new-355373-44/sainsburys-home-drury-lane-tins-3pk-134522841-p', "Sainsbury's Home Drury Lane Tins 3pk", '£10.00', '£10.00 / ea')
('https://www.sainsburys.co.uk/shop/gb/groceries/product/details/new-355373-44/sainsburys-home-global-monochrome-cake-tin-134522656-p', "Sainsbury's Home Global Monochrome Cake Tin", '£7.00', '£7.00 / ea')
('https://www.sainsburys.co.uk/shop/gb/groceries/product/details/new-355373-44/tetrion-woodfil-tub-400g-134518391-p', 'Tetrion Woodfil Tub 400g', '£4.50', '£4.50 / ea')
('https://www.sainsburys.co.uk/shop/gb/groceries/product/details/new-355373-44/sainsburys-home-vinyl-weave-stripe-placemats-x2-134517478-p', "Sainsbury's Home Vinyl Weave Stripe Placemats 2pk", '£5.00', '£5.00 / ea')
('https://www.sainsburys.co.uk/shop/gb/groceries/product/details/new-355373-44/sainsburys-home-drury-lane-hand-held-grater-134512693-p', "Sainsbury's Home Drury Lane Hand Held Grater", '£6.00', '£6.00 / ea')
('https://www.sainsburys.co.uk/shop/gb/groceries/product/details/new-355373-44/sainsburys-home-polka-dot-hare-wipe-clean-tablecloth-140x180cm-134493218-p', "Sainsbury's Home Polka Dot Hare Wipe Clean Tablecloth 140x180cm", '£16.00', '£16.00 / ea')
('https://www.sainsburys.co.uk/shop/gb/groceries/product/details/new-355373-44/sainsburys-home-felt-round-placemats-x4-134435237-p', "Sainsbury's Home Felt Round Placemat 4pk", '£7.00', '£7.00 / ea')
('https://www.sainsburys.co.uk/shop/gb/groceries/product/details/new-355373-44/sainsburys-home-salle-de-bain-toilet-brush-134492442-p', "Sainsbury's Home Salle De Bain Toilet Brush", '£12.00', '£12.00 / ea')
('https://www.sainsburys.co.uk/shop/gb/groceries/product/details/new-355373-44/sainsburys-home-salle-de-bain-tumbler-134492274-p', "Sainsbury's Home Salle De Bain Tumbler", '£5.00', '£5.00 / ea')
('https://www.sainsburys.co.uk/shop/gb/groceries/product/details/new-355373-44/sainsburys-home-global-pattern-soap-dispenser-134481305-p', "Sainsbury's Home Global Pattern Soap Dispenser", '£7.00', '£7.00 / ea')
('https://www.sainsburys.co.uk/shop/gb/groceries/product/details/new-355373-44/falcon-enamel-16cm-pie-dish-yellow-134473399-p', 'Falcon Enamel 16cm Pie Dish Yellow', '£4.00', '£4.00 / ea')
('https://www.sainsburys.co.uk/shop/gb/groceries/product/details/new-355373-44/sainsburys-home-drury-lane-ceramic-measuring-spoons-134461110-p', "Sainsbury's Home Drury Lane Ceramic Measuring Spoons", '£6.00', '£6.00 / ea')
('https://www.sainsburys.co.uk/shop/gb/groceries/product/details/new-355373-44/date-decider-134457858-p', 'Date decider', '£5.00', '£5.00 / ea')
('https://www.sainsburys.co.uk/shop/gb/groceries/product/details/new-trending-special-offers/dirty-works-exfoliating-mitt', 'Dirty Works Exfoliating Mitt', '£1.75', '£1.75 / ea')
('https://www.sainsburys.co.uk/shop/gb/groceries/product/details/new-trending-special-offers/brita-fill---go-vital-bottle-pink-130249980-p', 'Brita Fill & Go Vital Pink', '£15.00', '£15.00 / ea')
('https://www.sainsburys.co.uk/shop/gb/groceries/product/details/new-trending-special-offers/staedtler-noris-colour-pencils-x12-128475873-p', 'Staedtler Noris Colour Pencils 12pk', '£3.00', '£3.00 / ea')
('https://www.sainsburys.co.uk/shop/gb/groceries/product/details/new-trending-special-offers/zebra-z-grip-assorted-colour-x10', 'Zebra Z-Grip 10pk Assorted Colour (With Fashion Colour)', '£3.00', '£3.00 / ea')
('https://www.sainsburys.co.uk/shop/gb/groceries/product/details/new-trending-special-offers/sainsburys-black-freezer-stick-bottle', 'Cool Gear Freezer Stick Bottle Black', '£4.00', '£4.00 / ea')
('https://www.sainsburys.co.uk/shop/gb/groceries/product/details/new-trending-special-offers/coconut-co-vanilla-snowconut-fro-yo-500ml', 'The Coconut Collaborative Snowconut Frozen Yogurt, Coconut & Vanilla 500ml', '£4.00', '80p / 100ml')
('https://www.sainsburys.co.uk/shop/gb/groceries/product/details/new-trending-special-offers/zebra-sarasa-gel-ink-x3-126836962-p', 'Zebra Sarasa 3pk Gel Ink Black', '£3.00', '£3.00 / ea')
('https://www.sainsburys.co.uk/shop/gb/groceries/product/details/new-trending-special-offers/sharpie-metallic-markers-3pk-123984177-p', 'Sharpie Metallic Markers 3pk', '£6.00', '£6.00 / ea')
('https://www.sainsburys.co.uk/shop/gb/groceries/product/details/new-trending-special-offers/maped-clean-sharpener-123349309-p', 'Maped Clean Sharpener', '£1.50', '£1.50 / ea')
('https://www.sainsburys.co.uk/shop/gb/groceries/product/details/new-trending-special-offers/pepsi-max-cherry-8x330ml', 'Pepsi Max Cherry Cans 8x330ml', '£3.75', '14p / 100ml')
('https://www.sainsburys.co.uk/shop/gb/groceries/product/details/new-trending-special-offers/volvic-touch-of-fruit-strawberry-6x500ml', 'Volvic Touch Of Fruit Strawberry Flavoured Water 6x500ml', '£2.50', '8p / 100ml')
('https://www.sainsburys.co.uk/shop/gb/groceries/product/details/new-trending-special-offers/fudco-deluxe-assorted-nut-mix-500g', 'Fudco Deluxe Assorted Nuts 500g', '£7.00', '£1.40 / 100g')
('https://www.sainsburys.co.uk/shop/gb/groceries/product/details/new-trending-special-offers/uncle-bens-x-brown-basmati-rice-250g', "Uncle Ben's Microwave Rice Brown Basmati 250g", '£1.55', '£6.20 / kg')
('https://www.sainsburys.co.uk/shop/gb/groceries/product/details/new-trending-special-offers/linda-mccartney-rosemary-vegetarian-sausages-x6-300g', 'Linda McCartney Rosemary Vegetarian Sausages x6 270g', '£2.20', '£7.33 / kg')
('https://www.sainsburys.co.uk/shop/gb/groceries/product/details/new-trending-special-offers/sainsburys-vittoria-tomatoes--taste-the-difference-270g', "Sainsbury's Vittoria on the Vine Cherry Tomatoes, Taste the Difference 250g", '£1.75', '£7.00 / kg')
('https://www.sainsburys.co.uk/shop/gb/groceries/product/details/new-trending-special-offers/kellys-cornish-clotted-ice-cream-1l', "Kelly's Cornish Clotted Ice Cream 950ml", '£2.50', '27p / 100ml')
('https://www.sainsburys.co.uk/shop/gb/groceries/product/details/new-trending-special-offers/häagen-dazs-strawberry-cheesecake-500ml', 'Häagen-Dazs Ice Cream Strawberry Cheesecake 460ml', '£3.00', '65p / 100ml')
('https://www.sainsburys.co.uk/shop/gb/groceries/product/details/new-trending-special-offers/sainsburys-spring-onions-bunch-100g', "Sainsbury's Spring Onions Bunch 100g", '37p', '37p / ea')
('https://www.sainsburys.co.uk/shop/gb/groceries/product/details/new-trending-special-offers/sainsburys-raspberries-225g', "Sainsbury's Raspberries 225g", '£2.75', '£12.22 / kg')
('https://www.sainsburys.co.uk/shop/gb/groceries/product/details/new-trending-special-offers/sharwoods-chow-mein-stir-fry-195g', "Sharwood's Chow Mein Stir Fry 195g", '£1.45', '74p / 100g')
('https://www.sainsburys.co.uk/shop/gb/groceries/product/details/new-trending-special-offers/sacla-chilli-pesto-190g', 'Sacla Chilli Pesto 190g', '£2.50', '£1.32 / 100g')
('https://www.sainsburys.co.uk/shop/gb/groceries/product/details/new-trending-special-offers/sainsburys-double-gloucester---chive-200g', "Sainsbury's Double Gloucester Cheese & Chive 200g", '£1.50', '£7.50 / kg')
('https://www.sainsburys.co.uk/shop/gb/groceries/product/details/new-trending-special-offers/sharwoods-sweet---sour-sauce-425g', "Sharwood's Sweet & Sour Cooking Sauce 425g", '£1.85', '44p / 100g')
('https://www.sainsburys.co.uk/shop/gb/groceries/product/details/new-trending-special-offers/pukka-cleanse-nettle--fennel---peppermint-tea-sachets--organic-x20', 'Pukka Cleanse Organic Nettle Fennel & Peppermint Tea Bags x20', '£3.00', '£8.33 / 100g')
('https://www.sainsburys.co.uk/shop/gb/groceries/product/details/new-trending-special-offers/pukka-night-time-tea-sachets-x20', 'Pukka Night Time Tea Bags x20', '£3.00', '£15.00 / 100g')
('https://www.sainsburys.co.uk/shop/gb/groceries/product/details/new-trending-special-offers/twinings-pure-peppermint-tea-bags-x20', 'Twinings Peppermint Tea, 20 Tea Bags', '£1.50', '£3.75 / 100g')
('https://www.sainsburys.co.uk/shop/gb/groceries/product/details/new-trending-special-offers/bear-yo-yos-strawberry-snacking-fruit-5x20g', 'BEAR Fruit Yoyos Strawberry Multipack x5 20g', '£2.00', '£2.00 / 100g')
('https://www.sainsburys.co.uk/shop/gb/groceries/product/details/new-trending-special-offers/rowntrees-fruit-pastilles-sweets-pouch-150g-7557692-p', "Rowntree's Fruit Pastilles Sweets Sharing Pouches 150g", '£1.00', '67p / 100g')
('https://www.sainsburys.co.uk/shop/gb/groceries/product/details/new-trending-special-offers/raffaello-230g', 'Raffaello Coconut and Almond Pralines Gift Box 230g', '£4.00', '£1.74 / 100g')
('https://www.sainsburys.co.uk/shop/gb/groceries/product/details/new-trending-special-offers/luv-ya-message-bottle-350g', 'Luv Ya! Heart Gummy Sweets 320g', '£3.00', '94p / 100g')
('https://www.sainsburys.co.uk/shop/gb/groceries/product/details/new-trending-special-offers/vegan-hearts-bottle-400g', 'Vegan Heart Gummy Sweets 400g', '£3.00', '75p / 100g')
('https://www.sainsburys.co.uk/shop/gb/groceries/product/details/new-trending-special-offers/lego-friends-heartlake-city-hair-salon-41391', 'Lego Friends Heartlake City Hair Salon 41391', '£18.00', '£18.00 / ea')
('https://www.sainsburys.co.uk/shop/gb/groceries/product/details/new-trending-special-offers/lindt-lindor-salted-caramel-200g', 'Lindt Lindor Salted Caramel Chocolate Truffles Box 200g', '£4.00', '£2.00 / 100g')
('https://www.sainsburys.co.uk/shop/gb/groceries/product/details/new-trending-special-offers/plant-pioneers-2-vegan-steaks-226g', 'Plant Pioneers Vegan Steaks x2 227g', '£2.75', '£12.12 / kg')
('https://www.sainsburys.co.uk/shop/gb/groceries/product/details/new-trending-special-offers/eco-warrior-gently-cleansing-sensitive-facial-bar-chamomile-calendula-essential-oils-100g', 'Eco Warrior Gently Cleansing Sensitive Facial Bar Chamomile & Calendula Essential Oils 100g', '£3.00', '£3.00 / 100g')
('https://www.sainsburys.co.uk/shop/gb/groceries/product/details/new-trending-special-offers/dirty-works-signature-salt-scrub-400ml', 'Dirty Works Signature Salt Scrub 400ml', '£3.50', '87p / 100ml')
('https://www.sainsburys.co.uk/shop/gb/groceries/product/details/new-trending-special-offers/dirty-works-signature-bubble-bath-500ml', 'Dirty Works Signature Bubble Bath 500ml', '£2.50', '50p / 100ml')
('https://www.sainsburys.co.uk/shop/gb/groceries/product/details/new-trending-special-offers/thorntons-choc-brownies-x10', 'Thorntons Milk Chocolate Fudge Brownie Bites x10', '£1.50', '15p / ea')
('https://www.sainsburys.co.uk/shop/gb/groceries/product/details/new-trending-special-offers/sainsburys-chicken-bacon-pasta-12kg', "Sainsbury's Chicken & Bacon Pasta 1.2kg", '£5.00', '£4.16 / kg')
('https://www.sainsburys.co.uk/shop/gb/groceries/product/details/new-trending-special-offers/Sainsburys-Mangalorean-Chicken-Curry-Tastethe-Difference-400g', "Sainsbury's Mangalorean Chicken Curry, Taste the Difference 400g", '£4.00', '£10.00 / kg')
('https://www.sainsburys.co.uk/shop/gb/groceries/product/details/plant-based-drinks/rebel-kitchen-semi-mylk-1l', 'Rebel Kitchen 100% Dairy Free Organic Semi Skimmed Mylk 1L', '£2.00', '£2.00 / ltr')
('https://www.sainsburys.co.uk/shop/gb/groceries/product/details/plant-based-drinks/rude-health-organic-soya-drink-1l', 'Rude Health Organic Soya Drink 1L', '£1.75', '£1.75 / ltr')
('https://www.sainsburys.co.uk/shop/gb/groceries/product/details/plant-based-drinks/rude-health-oat-barista-drink-1l', 'Rude Health Organic Barista Oat 1L', '£2.00', '£2.00 / ltr')
('https://www.sainsburys.co.uk/shop/gb/groceries/product/details/plant-based-drinks/alpro-oat-unsweetened-1l', 'Alpro Oat Drink Unsweetened 1L', '£1.80', '£1.80 / ltr')
('https://www.sainsburys.co.uk/shop/gb/groceries/product/details/plant-based-drinks/starbucks-fairtrade-almond-plant-based-iced-coffee-220ml', 'Starbucks Fairtrade Almond Plant-Based Iced Coffee 220ml', '£1.00', '46p / 100ml')
('https://www.sainsburys.co.uk/shop/gb/groceries/product/details/plant-based-drinks/califia-almond-vanilla-milk--unsweetened-750ml', 'Califia Farms Almond Unsweetened Vanilla Drink 750ml', '£2.40', '£3.20 / ltr')
('https://www.sainsburys.co.uk/shop/gb/groceries/product/details/plant-based-drinks/blue-diamond-long-life-almond-milk--unsweetened-1l', 'Blue Diamond Almond Breeze Long Life Unsweetened Drink 1L', '£1.60', '£1.60 / ltr')
('https://www.sainsburys.co.uk/shop/gb/groceries/product/details/plant-based-drinks/alpro-long-life-soya-milk-alternative--original-1l', 'Alpro Soya Long Life Drink 1L', '£1.20', '£1.20 / ltr')
('https://www.sainsburys.co.uk/shop/gb/groceries/product/details/plant-based-drinks/plenish-coconut-milk-organic-1l', 'Plenish Organic Coconut Milk 1L', '£2.50', '£2.50 / ltr')
('https://www.sainsburys.co.uk/shop/gb/groceries/product/details/plant-based-drinks/starbucks-coconut-220ml', 'Starbucks Coconut Based Cocoa Cappuccino 220ml', '£1.00', '£4.54 / ltr')
('https://www.sainsburys.co.uk/shop/gb/groceries/product/details/plant-based-drinks/jord-oat-hemp-1l', 'Jörd Organic Oat & Hemp Drink 1L', '£1.80', '£1.80 / ltr')
('https://www.sainsburys.co.uk/shop/gb/groceries/product/details/plant-based-drinks/jord-oat-1l', 'Jörd Organic Oat Drink 1L', '£1.80', '£1.80 / ltr')
('https://www.sainsburys.co.uk/shop/gb/groceries/product/details/plant-based-drinks/moma-oat-drink-original-1l', 'MOMA Unsweetened Oat Milk Drink Original 1L', '£1.30', '£1.30 / ltr')
('https://www.sainsburys.co.uk/shop/gb/groceries/product/details/plant-based-drinks/califia-farms-oat-barista-blend-1l', 'Califia Farms Oat Barista Blend 1L', '£2.00', '£2.00 / ltr')
('https://www.sainsburys.co.uk/shop/gb/groceries/product/details/plant-based-drinks/sainsburys-sweetened-soya-drink-1l', "Sainsbury's Sweetened Soya Drink 1L", '95p', '95p / ltr')
('https://www.sainsburys.co.uk/shop/gb/groceries/product/details/plant-based-drinks/koko-dairy-free-milk--unsweetened-1l', 'Koko Dairy Free Unsweetened Drink 1L', '£1.10', '£1.10 / ltr')
('https://www.sainsburys.co.uk/shop/gb/groceries/product/details/plant-based-drinks/rude-health-uht-brown-rice-drink-1l', 'Rude Health Brown Rice Drink 1L', '£2.00', '£2.00 / ltr')
('https://www.sainsburys.co.uk/shop/gb/groceries/product/details/plant-based-drinks/rude-health-uht-almond-milk-1l', 'Rude Health Almond Drink 1L', '£2.00', '£2.00 / ltr')
('https://www.sainsburys.co.uk/shop/gb/groceries/product/details/plant-based-drinks/oatly-long-life-oat-milk-altermative-1l', 'Oatly Organic Oat Drink Long Life 1L', '£1.50', '£1.50 / ltr')
('https://www.sainsburys.co.uk/shop/gb/groceries/product/details/plant-based-drinks/bol-limited-edition-power-shake-450g', 'BOL Limited Edition Power Breakfast Shake Coconut, Almond & Chai Spice 450g', '£3.50', '78p / 100g')
('https://www.sainsburys.co.uk/shop/gb/groceries/product/details/plant-based-drinks/provamel-organic-bio-oat-1l', 'Provamel Organic Oat No Sugars Drink 1L', '£2.00', '£2.00 / ltr')
('https://www.sainsburys.co.uk/shop/gb/groceries/product/details/all-organic-/sainsburys-sirloin-steak--organic-225g', "Sainsbury's 30 Day Matured Sirloin Steak, SO Organic 225g", '£5.75', '£25.56 / kg')
('https://www.sainsburys.co.uk/shop/gb/groceries/product/details/all-organic-/sainsburys-king-prawns--so-organic-150g', "Sainsbury's King Prawns, SO Organic 150g", '£3.95', '£2.63 / 100g')
('https://www.sainsburys.co.uk/shop/gb/groceries/product/details/all-organic-/yeo-valley-organic-lemon-curd-yogurt-450g', 'Yeo Valley Organic Lemon Curd Yogurt 450g', '£1.00', '22p / 100g')
('https://www.sainsburys.co.uk/shop/gb/groceries/product/details/all-organic-/sainsburys-naturally-sweet-sweetcorn--so-organic-150g', "Sainsbury's Naturally Sweet Sweetcorn, SO Organic 150g (140g*)", '75p', '£5.36 / kg')
('https://www.sainsburys.co.uk/shop/gb/groceries/product/details/all-organic-/yeo-valley-raspberry-yogurt-450g', 'Yeo Valley Organic Raspberry Yogurt 450g', '£1.00', '22p / 100g')
('https://www.sainsburys.co.uk/shop/gb/groceries/product/details/all-organic-/so-organic-cos', "Sainsbury's Cos Lettuce, SO Organic", '£1.30', '£1.30 / ea')
('https://www.sainsburys.co.uk/shop/gb/groceries/product/details/all-organic-/sainsburys-pears-so-organic-x4', "Sainsbury's Pears, SO Organic x4", '£2.00', '£2.00 / ea')
('https://www.sainsburys.co.uk/shop/gb/groceries/product/details/all-organic-/sainsburys-mixed-peppers--so-organic-x3', "Sainsbury's Mixed Peppers, SO Organic x3 (Colours may vary)", '£2.35', '78p / ea')
('https://www.sainsburys.co.uk/shop/gb/groceries/product/details/all-organic-/sainsburys-grapes-red-or-black-so-organic-400g', "Sainsbury's Grapes (Red or Black), SO Organic 400g", '£2.25', '£5.63 / kg')
('https://www.sainsburys.co.uk/shop/gb/groceries/product/details/all-organic-/sainsburys-sweetheart-cabbage--so-organic', "Sainsbury's Sweetheart Cabbage, SO Organic", '£1.50', '£1.50 / ea')
('https://www.sainsburys.co.uk/shop/gb/groceries/product/details/all-organic-/sainsburys-celery--so-organic-400g', "Sainsbury's Celery, SO Organic", '90p', '90p / ea')
('https://www.sainsburys.co.uk/shop/gb/groceries/product/details/all-organic-/sainsburys-little-gem-lettuce--so-organic', "Sainsbury's Little Gem Lettuce, SO Organic x2", '£1.00', '50p / ea')
('https://www.sainsburys.co.uk/shop/gb/groceries/product/details/all-organic-/sainsburys-wholewheat-spaghetti--organic-500g', "Sainsbury's Wholewheat Spaghetti, SO Organic 500g", '£1.00', '£2.00 / kg')
('https://www.sainsburys.co.uk/shop/gb/groceries/product/details/all-organic-/sainsburys-scottish-semi-skimmed-milk-so-organic-227l-4-pint-', "Sainsbury's Scottish Semi Skimmed Milk, SO Organic 2.27L (4 pint)", '£1.55', '68p / ltr')
('https://www.sainsburys.co.uk/shop/gb/groceries/product/details/all-organic-/sainsburys-free-range-chicken-thigh-fillets-so-organic-approx-360g-', "Sainsbury's Free Range Chicken Thigh Fillets, SO Organic (approx. 360g)", '£18.75 / kg', '£18.75 / kg')
('https://www.sainsburys.co.uk/shop/gb/groceries/product/details/all-organic-/sainsburys-british-whole-milk-so-organic-568ml-1-pint-', "Sainsbury's British Whole Milk, SO Organic 568ml (1 pint)", '65p', '£1.14 / ltr')
('https://www.sainsburys.co.uk/shop/gb/groceries/product/details/all-organic-/sainsburys-fresh-orange-juice--so-organic-1l', "Sainsbury's Orange Juice, SO Organic 1L", '£2.50', '25p / 100ml')
('https://www.sainsburys.co.uk/shop/gb/groceries/product/details/all-organic-/sainsburys-penne--organic-500g', "Sainsbury's Penne, SO Organic 500g", '£1.00', '£2.00 / kg')
('https://www.sainsburys.co.uk/shop/gb/groceries/product/details/all-organic-/sainsburys-pork-sausages--so-organic-350g', "Sainsbury's Pork Sausages, SO Organic x6 350g", '£3.00', '£8.57 / kg')
('https://www.sainsburys.co.uk/shop/gb/groceries/product/details/all-organic-/kallo-rice-cakes--thick-organic-salted-130g', 'Kallo Organic Lightly Salted Rice Cakes 130g', '£1.30', '£1.00 / 100g')
('https://www.sainsburys.co.uk/shop/gb/groceries/product/details/all-organic-/yeo-valley-organic-fruity-favourites-yogurts-4x120g', 'Yeo Valley Organic Yogurt Fruity Favourites 4x120g', '£1.50', '32p / 100g')
('https://www.sainsburys.co.uk/shop/gb/groceries/product/details/all-organic-/sainsburys-cabernet-sauvignon--so-organic-75cl', "Sainsbury's Cabernet Sauvignon, SO Organic 75cl", '£5.75', '£5.75 / 75cl')
('https://www.sainsburys.co.uk/shop/gb/groceries/product/details/berries-cherries-currants/sainsburys-extra-large-blueberries-200g', "Sainsbury's Extra Large Blueberries 200g", '£2.50', '£12.50 / kg')
('https://www.sainsburys.co.uk/shop/gb/groceries/product/details/berries-cherries-currants/sainsburys-blueberries-225g', "Sainsbury's Blueberries 225g", '£2.85', '£12.67 / kg')
('https://www.sainsburys.co.uk/shop/gb/groceries/product/details/berries-cherries-currants/sainsburys-sweet-snacking-blackberries-225g', "Sainsbury's Sweet Snacking Blackberries 225g", '£3.00', '£13.33 / kg')
('https://www.sainsburys.co.uk/shop/gb/groceries/product/details/berries-cherries-currants/sainsburys-picota-cherry-punnet-250g', "Sainsbury's Picota Cherry Punnet 250g", '£1.00', '£4.00 / kg')
('https://www.sainsburys.co.uk/shop/gb/groceries/product/details/berries-cherries-currants/sainsburys-raspberries-225g', "Sainsbury's Raspberries 225g", '£2.75', '£12.22 / kg')
('https://www.sainsburys.co.uk/shop/gb/groceries/product/details/berries-cherries-currants/sainsburys-blueberries-400g', "Sainsbury's Blueberries 400g", '£3.50', '£8.75 / kg')
('https://www.sainsburys.co.uk/shop/gb/groceries/product/details/berries-cherries-currants/sainsburys-strawberries--basics-250g', "Sainsbury's Strawberries, Basics 250g", '£1.20', '£4.80 / kg')
('https://www.sainsburys.co.uk/shop/gb/groceries/product/details/berries-cherries-currants/sainsburys-strawberries-taste-the-difference-400g', "Sainsbury's Strawberries, Taste the Difference 400g", '£3.00', '£7.50 / kg')
('https://www.sainsburys.co.uk/shop/gb/groceries/product/details/berries-cherries-currants/sainsburys-cherries-800g', "Sainsbury's Cherries 800g", '£4.50', '£5.63 / kg')
('https://www.sainsburys.co.uk/shop/gb/groceries/product/details/berries-cherries-currants/sainsburys-raspberries-350g-7643510-p-44', "Sainsbury's Raspberries 350g", '£3.50', '£10.00 / kg')
('https://www.sainsburys.co.uk/shop/gb/groceries/product/details/berries-cherries-currants/sainsburys-mixed-berry-twin-pack-200g-7696255-p-44', "Sainsbury's Mixed Berry Twin Pack 200g", '£2.50', '£12.50 / kg')
('https://www.sainsburys.co.uk/shop/gb/groceries/product/details/berries-cherries-currants/sainsburys-raspberries--so-organic-125g', "Sainsbury's Raspberries, SO Organic 125g", '£2.50', '£20.00 / kg')
('https://www.sainsburys.co.uk/shop/gb/groceries/product/details/berries-cherries-currants/sainsburys-blackberries--tangy-225g', "Sainsbury's Blackberries 225g", '£2.85', '£12.67 / kg')
('https://www.sainsburys.co.uk/shop/gb/groceries/product/details/berries-cherries-currants/sainsburys-strawberries--so-organic-300g', "Sainsbury's Strawberries, SO Organic 300g", '£2.50', '£8.33 / kg')
('https://www.sainsburys.co.uk/shop/gb/groceries/product/details/berries-cherries-currants/sainsburys-british-raspberries--150g', "Sainsbury's Raspberries 150g", '£2.00', '£13.33 / kg')
('https://www.sainsburys.co.uk/shop/gb/groceries/product/details/berries-cherries-currants/sainsburys-kiwi-berries-125g-7888476-p-44', "Sainsbury's Kiwi Berries 125g", '£1.00', '£8.00 / kg')
('https://www.sainsburys.co.uk/shop/gb/groceries/product/details/berries-cherries-currants/sainsburys-strawberries-taste-the-difference-250g', "Sainsbury's Strawberries, Taste the Difference 250g", '£2.75', '£1.10 / 100g')
('https://www.sainsburys.co.uk/shop/gb/groceries/product/details/berries-cherries-currants/sainsburys-strawberries--greengrocer-250g', "Sainsbury's Strawberries, Greengrocer 250g", '£1.71', '£6.84 / kg')
('https://www.sainsburys.co.uk/shop/gb/groceries/product/details/berries-cherries-currants/sainsburys-king-cherry--taste-the-difference-400g', "Sainsbury's King Cherry, Taste the Difference 400g", '£3.75', '£9.38 / kg')
('https://www.sainsburys.co.uk/shop/gb/groceries/product/details/melon---mango/sainsburys-watermelon-slices-440g', "Sainsbury's Watermelon Slices 440g", '£2.00', '£4.55 / kg')
('https://www.sainsburys.co.uk/shop/gb/groceries/product/details/melon---mango/sainsburys-tree-ripened-mango--taste-the-difference', "Sainsbury's Tree Ripened Mango, Taste the Difference", '£2.50', '£2.50 / ea')
('https://www.sainsburys.co.uk/shop/gb/groceries/product/details/melon---mango/sainsburys-watermelon-wedge-220g', "Sainsbury's Watermelon Wedge 220g", '£1.10', '£5.00 / kg')
('https://www.sainsburys.co.uk/shop/gb/groceries/product/details/melon---mango/sainsburys-giant-watermelon', "Sainsbury's Giant Watermelon", '£3.30', '£3.30 / ea')
('https://www.sainsburys.co.uk/shop/gb/groceries/product/details/melon---mango/sainsburys-cantaloupe-melon', "Sainsbury's Cantaloupe Melon", '£1.80', '£1.80 / ea')
('https://www.sainsburys.co.uk/shop/gb/groceries/product/details/melon---mango/sainsburys-piel-de-sapo-melon', "Sainsbury's Piel De Sapo Melon", '£2.20', '£2.20 / ea')
('https://www.sainsburys.co.uk/shop/gb/groceries/product/details/mango-exotic-fruit-dates-nuts/sainsburys-lychees-200g', "Sainsbury's Lychees 200g", '£2.00', '£10.00 / kg')
('https://www.sainsburys.co.uk/shop/gb/groceries/product/details/mango-exotic-fruit-dates-nuts/genuine-coconut-drinking-coconut--organic', 'Genuine Organic Drinking Coconut', '£3.00', '£3.00 / ea')
('https://www.sainsburys.co.uk/shop/gb/groceries/product/details/mango-exotic-fruit-dates-nuts/sainsburys-pomegranate-100g', "Sainsbury's Pomegranate Seeds 100g", '£1.35', '£13.50 / kg')
('https://www.sainsburys.co.uk/shop/gb/groceries/product/details/mango-exotic-fruit-dates-nuts/sainsburys-passion-fruit', "Sainsbury's Passion Fruit x3", '£1.25', '42p / ea')
('https://www.sainsburys.co.uk/shop/gb/groceries/product/details/mango-exotic-fruit-dates-nuts/sainsburys-mango', "Sainsbury's Mango", '70p', '70p / ea')
('https://www.sainsburys.co.uk/shop/gb/groceries/product/details/mango-exotic-fruit-dates-nuts/sainsburys-medium-pineapple', "Sainsbury's Medium Pineapple", '£1.00', '£1.00 / ea')
('https://www.sainsburys.co.uk/shop/gb/groceries/product/details/mango-exotic-fruit-dates-nuts/sainsburys-pomegranate', "Sainsbury's Pomegranate", '£1.30', '£1.30 / ea')
('https://www.sainsburys.co.uk/shop/gb/groceries/product/details/mango-exotic-fruit-dates-nuts/sainsburys-large-sharon-fruit-x3', "Sainsbury's Sharon Fruit x3", '£1.50', '50p / ea')
('https://www.sainsburys.co.uk/shop/gb/groceries/product/details/mango-exotic-fruit-dates-nuts/sainsburys-papaya-x2', "Sainsbury's Papaya x2", '£2.50', '£1.25 / ea')
('https://www.sainsburys.co.uk/shop/gb/groceries/product/details/mango-exotic-fruit-dates-nuts/sainsburys-tree-ripened-papaya', "Sainsbury's Tree Ripened Papaya", '£1.50', '£1.50 / ea')
('https://www.sainsburys.co.uk/shop/gb/groceries/product/details/mango-exotic-fruit-dates-nuts/sainsburys-coconut', "Sainsbury's Coconut", '70p', '70p / ea')
('https://www.sainsburys.co.uk/shop/gb/groceries/product/details/mango-exotic-fruit-dates-nuts/sainsburys-physalis-100g', "Sainsbury's Physalis 100g", '£1.00', '£10.00 / kg')
('https://www.sainsburys.co.uk/shop/gb/groceries/product/details/mango-exotic-fruit-dates-nuts/sainsburys-longans-150g', "Sainsbury's Longans 150g", '£2.25', '£15.00 / kg')
('https://www.sainsburys.co.uk/shop/gb/groceries/product/details/mango-exotic-fruit-dates-nuts/sainsburys-persimmon-x3', "Sainsbury's Persimmon x3", '£1.15', '38p / ea')
('https://www.sainsburys.co.uk/shop/gb/groceries/product/details/mango-exotic-fruit-dates-nuts/sainsburys-white-flesh-dragon-fruit', "Sainsbury's Dragon Fruit (each)", '£2.00', '£2.00 / ea')
('https://www.sainsburys.co.uk/shop/gb/groceries/product/details/mango-exotic-fruit-dates-nuts/sainsburys-kumquats-125g', "Sainsbury's Kumquats 150g", '£1.75', '£14.00 / kg')
('https://www.sainsburys.co.uk/shop/gb/groceries/product/details/mango-exotic-fruit-dates-nuts/sainsburys-pomegranate--basics-x2', "Sainsbury's Pomegranate x2", '£1.25', '63p / ea')
('https://www.sainsburys.co.uk/shop/gb/groceries/product/details/mango-exotic-fruit-dates-nuts/sainsburys-baby-watermelon', "Sainsbury's Baby Watermelon", '£2.20', '£2.20 / ea')
('https://www.sainsburys.co.uk/shop/gb/groceries/product/details/mango-exotic-fruit-dates-nuts/sainsburys-giant-mango-single', "Sainsbury's Giant Mango Single", '£1.70', '£1.70 / ea')
('https://www.sainsburys.co.uk/shop/gb/groceries/product/details/bacon/mattessons-smoked-turkey-rashers-200g', 'Mattessons Smoked Turkey Bacon Rashers x8 200g', '£2.50', '£12.50 / kg')
('https://www.sainsburys.co.uk/shop/gb/groceries/product/details/bacon/sainsburys-unsmoked-bacon-medallions--be-good-to-yourself-200g', "Sainsbury's Unsmoked Bacon Medallions, Be Good To Yourself 200g", '£2.00', '£10.00 / kg')
('https://www.sainsburys.co.uk/shop/gb/groceries/product/details/bacon/simon-howie-smoked-ham-hough-750g', 'Simon Howie Smoked Ham Hough 750g', '£3.00', '£4.29 / kg')
('https://www.sainsburys.co.uk/shop/gb/groceries/product/details/bacon/cookstown-lardons-200g', 'Cookstown Bacon Lardons 200g', '£1.10', '£5.50 / kg')
('https://www.sainsburys.co.uk/shop/gb/groceries/product/details/bacon/cookstown-low-fat-unsmoked-medallions-140g', 'Cookstown Low Fat Unsmoked Bacon Medallions 140g', '£2.00', '£14.29 / kg')
('https://www.sainsburys.co.uk/shop/gb/groceries/product/details/bacon/kennedy-bacon-dry-cured-smoked-bacon-225g', 'Kennedy Bacon Dry Cured Smoked Bacon 225g', '£3.00', '£13.33 / kg')
('https://www.sainsburys.co.uk/shop/gb/groceries/product/details/bacon/spar-unsmoked-back-bacon-rashers-x8-250g', 'SPAR Unsmoked Back Bacon Rashers x8, 250g', '£2.49', '£9.96 / kg')
('https://www.sainsburys.co.uk/shop/gb/groceries/product/details/bacon/jjames-family-cooking-bacon-500g', 'J.James & Family Cooking Bacon 500g', '75p', '£1.50 / kg')
('https://www.sainsburys.co.uk/shop/gb/groceries/product/details/bacon/finnebrogue-naked-smoked-streaky-bacon-x12-200g', 'Finnebrogue Naked Smoked Streaky Bacon x12 200g', '£3.00', '£15.00 / kg')
('https://www.sainsburys.co.uk/shop/gb/groceries/product/details/bacon/the-jolly-hog-unsmoked-back-bacon-200g', 'The Jolly Hog Unsmoked Back Bacon 200g', '£2.00', '£10.00 / kg')
('https://www.sainsburys.co.uk/shop/gb/groceries/product/details/bacon/denny-traditional-bacon-vacpac-150g', 'Denny Traditional Bacon Vacpac 150g', '£2.00', '£13.33 / kg')
('https://www.sainsburys.co.uk/shop/gb/groceries/product/details/bacon/denny-thick-cut-maple-bacon-240g', 'Denny Thick Cut Maple Bacon 240g', '£2.50', '£10.42 / kg')
('https://www.sainsburys.co.uk/shop/gb/groceries/product/details/bacon/cookstown-low-fat-smoked-medallions-140g', 'Cookstown Low Fat Smoked Bacon Medallions 140g', '£2.00', '£14.29 / kg')
('https://www.sainsburys.co.uk/shop/gb/groceries/product/details/bacon/ballyfree-turkey-rashers-150g', 'Ballyfree Turkey Bacon Rashers 150g', '£2.00', '£13.33 / kg')
('https://www.sainsburys.co.uk/shop/gb/groceries/product/details/bacon/cookstown-smoked-back-bacon-thick-cut-rashers-x5-250g', 'Cookstown Smoked Back Bacon Thick Cut Rashers x5 250g', '£2.99', '£11.96 / kg')
('https://www.sainsburys.co.uk/shop/gb/groceries/product/details/bacon/kennedy-cured-streaky-bac-225g', 'Kennedy Cured Streaky Bac 225g', '£3.00', '£13.33 / kg')
('https://www.sainsburys.co.uk/shop/gb/groceries/product/details/bacon/oakpark-naturally-smoked-chicken-rashers-x6-150g', 'Oakpark Naturally Smoked Chicken Rashers x6 150g', '£1.75', '£11.67 / kg')
('https://www.sainsburys.co.uk/shop/gb/groceries/product/details/bacon/simon-howie-smoked-ham-hough', 'Simon Howie The Scottish Butcher Smoked Ham Hough', '£4.20 / kg', '£4.20 / kg')
('https://www.sainsburys.co.uk/shop/gb/groceries/product/details/bacon/oakpark-smoked-bacon-medallions-170g', 'Oakpark Smoked Lean Bacon Medallions x6 170g', '£1.75', '£10.29 / kg')
('https://www.sainsburys.co.uk/shop/gb/groceries/product/details/bacon/sizzling-danish-smoked-back-bacon-300g-8001823-p-44', 'Sizzling Danish Smoked Back Bacon 300g', '£2.00', '£6.67 / kg')
('https://www.sainsburys.co.uk/shop/gb/groceries/product/details/bacon/finnebrogue-naked-unsmoked-bacon-200g', 'Finnebrogue Naked Unsmoked Back Bacon x6 200g', '£3.00', '£15.00 / kg')
('https://www.sainsburys.co.uk/shop/gb/groceries/product/details/bacon/sizzlers-unsmoked-back-bacon-240g', 'Sizzlers Unsmoked Back Bacon Rasher x8 240g', '£1.80', '£7.50 / kg')
('https://www.sainsburys.co.uk/shop/gb/groceries/product/details/bacon/sainsburys-oak-smoked-dry-cure-bacon--taste-the-difference-x6-220g', "Sainsbury's Oak Smoked Dry Cure Bacon, Taste the Difference x6 220g", '£2.00', '£9.09 / kg')
('https://www.sainsburys.co.uk/shop/gb/groceries/product/details/bacon/sainsburys-wiltshire-unsmoked-back-bacon--taste-the-difference-240g', "Sainsbury's Unsmoked Wiltshire Cured Back Bacon, Taste the Difference x8 240g", '£2.75', '£11.46 / kg')
('https://www.sainsburys.co.uk/shop/gb/groceries/product/details/bacon/denny-maple-bacon-240g', 'Denny Maple Bacon 240g', '£3.00', '£12.50 / kg')
('https://www.sainsburys.co.uk/shop/gb/groceries/product/details/bacon/sainsburys-oak-smoked-bacon-lardons--taste-the-difference-160g', "Sainsbury's Oak Smoked Dry Cured Bacon Lardons, Taste the Difference 160g", '£1.80', '£11.25 / kg')
('https://www.sainsburys.co.uk/shop/gb/groceries/product/details/bacon/tws-smoked-dry-cure-bacon-200g', 'Edwards Of Conwy Smoked Dry Cure Bacon 200g', '£2.75', '£13.75 / kg')
('https://www.sainsburys.co.uk/shop/gb/groceries/product/details/bacon/cookstown-smoked-back-bacon-200g', 'Cookstown Smoked Back Bacon 200g', '£1.60', '£8.00 / kg')
('https://www.sainsburys.co.uk/shop/gb/groceries/product/details/bacon/sainsburys-smoked-bacon-medallions--be-good-to-yourself-200g', "Sainsbury's Smoked Bacon Medallions, Be Good To Yourself 200g", '£1.75', '£8.75 / kg')
('https://www.sainsburys.co.uk/shop/gb/groceries/product/details/bacon/spar-smoked-back-bacon-rashers-x8-250g', 'SPAR Smoked Back Bacon Rashers x8. 250g', '£2.49', '£9.96 / kg')
('https://www.sainsburys.co.uk/shop/gb/groceries/product/details/bacon/finnebrogue-artisan-naked-bacon-smoked-back-bacon-rashers-x6-200g', 'Finnebrogue Artisan Naked Bacon Smoked Back Bacon Rashers x6 200g', '£2.20', '£11.00 / kg')
('https://www.sainsburys.co.uk/shop/gb/groceries/product/details/bacon/jjames-family-back-bacon-rashers-1kg', 'J.James & Family Back Bacon Rashers 1kg', '£3.50', '£3.50 / kg')
('https://www.sainsburys.co.uk/shop/gb/groceries/product/details/bacon/jolly-hog-oak-beech-smoked-dry-cure-streaky-bacon-x12-200g', 'The Jolly Hog Oak & Beech Smoked Dry Cure Streaky Bacon x12 180g', '£2.50', '£13.89 / kg')
('https://www.sainsburys.co.uk/shop/gb/groceries/product/details/bacon/sainsburys-reduced-salt-smoked-back-bacon-x8-250g', "Sainsbury's Reduced Salt Smoked Back Bacon x8 250g", '£1.50', '£6.00 / kg')
('https://www.sainsburys.co.uk/shop/gb/groceries/product/details/sausages/cookstown-thin-pork-sausages-x10', 'Cookstown Thin Pork Sausages x10 381g', '£1.60', '£4.20 / kg')
('https://www.sainsburys.co.uk/shop/gb/groceries/product/details/sausages/macsween-traditional-haggis-454g', 'Macsween Traditional Haggis 454g', '£3.20', '£7.05 / kg')
('https://www.sainsburys.co.uk/shop/gb/groceries/product/details/sausages/sainsburys-butchers-choice-pork-sausages-x12-681g', "Sainsbury's Butcher's Choice Pork Sausages x12 681g", '£2.10', '£3.08 / kg')
('https://www.sainsburys.co.uk/shop/gb/groceries/product/details/sausages/speyside-2-white-puddings-220g', 'Speyside Specialities Premium White Puddings x2 220g', '£1.45', '£6.59 / kg')
('https://www.sainsburys.co.uk/shop/gb/groceries/product/details/sausages/speyside-oatmeal---onion-stuffing-440g', 'Speyside Specialities Skirlie Oatmeal & Onion Stuffing 340g', '£1.95', '£5.74 / kg')
('https://www.sainsburys.co.uk/shop/gb/groceries/product/details/sausages/richmond-skinless-pork-sausages-x12-319g', 'Richmond Skinless Pork Sausages x12 340g', '£1.80', '£5.64 / kg')
('https://www.sainsburys.co.uk/shop/gb/groceries/product/details/sausages/edwards-of-conwy-healthy-pork-chipolata-350g', 'Edwards of Conwy Traditional Pork Chipolata Sausages x10 350g', '£3.25', '£9.29 / kg')
('https://www.sainsburys.co.uk/shop/gb/groceries/product/details/sausages/musks-gluten-free-newmarket-sausages-x6-384g', "Musk's Gluten Free Newmarket Sausages x6 384g", '£3.00', '£7.81 / kg')
('https://www.sainsburys.co.uk/shop/gb/groceries/product/details/sausages/dohertys-special-hamburger-meat-227g', 'Dohertys Special Beef Hamburger Meat 227g', '£1.60', '£7.05 / kg')
('https://www.sainsburys.co.uk/shop/gb/groceries/product/details/new-355373-44/sainsburys-home-drury-lane-speckle-glaze-butter-dish-134441506-p', "Sainsbury's Home Drury Lane Speckle Glaze Butter Dish", '£10.00', '£10.00 / ea')
('https://www.sainsburys.co.uk/shop/gb/groceries/product/details/new-355373-44/sainsburys-home-everyday-luxury-placemats-x2-134441346-p', "Sainsbury's Home Everyday Luxury Placemats x2", '£10.00', '£10.00 / ea')
('https://www.sainsburys.co.uk/shop/gb/groceries/product/details/new-355373-44/sainsburys-home-watercolour-sitting-bunny-mug-134441186-p', "Sainsbury's Home Watercolour Sitting Bunny Mug", '£3.50', '£3.50 / ea')
('https://www.sainsburys.co.uk/shop/gb/groceries/product/details/new-355373-44/set-of-3-votive-134425135-p', 'Set of 3 Votive', '£6.00', '£6.00 / ea')
('https://www.sainsburys.co.uk/shop/gb/groceries/product/details/new-355373-44/sainsburys-home-everyday-luxury-marble-side-plate-134416677-p', "Sainsbury's Home Marble Everyday Luxury Side Plate", '£3.00', '£3.00 / ea')
('https://www.sainsburys.co.uk/shop/gb/groceries/product/details/new-355373-44/sainsburys-home-global-monchrome-nibble-bowl-134416255-p', "Sainsbury's Home Global Monchrome Nibble Bowl", '£2.25', '£2.25 / ea')
('https://www.sainsburys.co.uk/shop/gb/groceries/product/details/new-355373-44/sainsburys-home-global-monchrome-dinner-boxset-12pc-134416036-p', "Sainsbury's Home Global Monochrome Dinner Boxset 12pc", '£44.00', '£44.00 / ea')
('https://www.sainsburys.co.uk/shop/gb/groceries/product/details/new-355373-44/sainsburys-home-drury-lane-speckle-glaze-mug-134416010-p', "Sainsbury's Home Drury Lane Speckle Glaze Mug", '£4.00', '£4.00 / ea')
('https://www.sainsburys.co.uk/shop/gb/groceries/product/details/new-355373-44/king-of-the--kitchen-apron-134411892-p', 'King of the Kitchen Apron', '£10.00', '£10.00 / ea')
('https://www.sainsburys.co.uk/shop/gb/groceries/product/details/new-355373-44/ladybird-hot-water-bottle-134410831-p', 'Ladybird Hot Water Bottle', '£12.00', '£12.00 / ea')
('https://www.sainsburys.co.uk/shop/gb/groceries/product/details/new-355373-44/ladybird-keyring-134410689-p', 'Ladybird Keyring', '£4.00', '£4.00 / ea')
('https://www.sainsburys.co.uk/shop/gb/groceries/product/details/new-355373-44/sainsburys-home-drury-lane-house-cookie-cutters-3pk-134404035-p', "Sainsbury's Home Drury Lane House Cookie Cutters 3pk", '£4.00', '£4.00 / ea')
('https://www.sainsburys.co.uk/shop/gb/groceries/product/details/new-355373-44/sainsburys-home-global-monochrome-lap-tray-134361274-p', "Sainsbury's Home Global Monochrome Lap Tray", '£8.00', '£8.00 / ea')
('https://www.sainsburys.co.uk/shop/gb/groceries/product/details/new-355373-44/kew-gardens-strawberry-fayre-mug--134361119-p', 'Kew Gardens Strawberry Fayre Mug', '£5.00', '£5.00 / ea')
('https://www.sainsburys.co.uk/shop/gb/groceries/product/details/new-355373-44/sainsburys-home-global-monochrome-table-runner-220x33cm-134357945-p', "Sainsbury's Home Global Monochrome Table Runner 220x33cm", '£12.00', '£12.00 / ea')
('https://www.sainsburys.co.uk/shop/gb/groceries/product/details/new-355373-44/sainsburys-home-cote-dazure-tea-towels-x3-134357507-p', "Sainsbury's Home Cote D'Azure Tea Towels x3", '£6.00', '£6.00 / ea')
('https://www.sainsburys.co.uk/shop/gb/groceries/product/details/new-355373-44/lobster-squeezer-134359449-p', 'Lobster Squeezer', '£6.00', '£6.00 / ea')
('https://www.sainsburys.co.uk/shop/gb/groceries/product/details/new-355373-44/sainsburys-home-oriental-rice-cooker-134354365-p', "Sainsbury's Home Oriental Rice Cooker", '£10.00', '£10.00 / ea')
('https://www.sainsburys.co.uk/shop/gb/groceries/product/details/new-355373-44/magnum-tonic-wine-200ml', 'Magnum Tonic Wine 200ml', '£3.50', '£1.75 / 100ml')
('https://www.sainsburys.co.uk/shop/gb/groceries/product/details/new-355373-44/cadburys-goo-head-chocolate-cream-egg-minis-bag-89g', "Cadbury's Goo Head Chocolate Cream Egg Minis Bag 89g", '10p', '11p / 100g')
('https://www.sainsburys.co.uk/shop/gb/groceries/product/details/new-355373-44/cheezees-original-45g', 'Cheezees Original 45g', '60p', '£1.33 / 100g')
('https://www.sainsburys.co.uk/shop/gb/groceries/product/details/new-355373-44/sainsburys-home-vacuum-storage-045l-134190090-p', "Sainsbury's Home Airtight Storage 0.45L", '£4.00', '£4.00 / ea')
('https://www.sainsburys.co.uk/shop/gb/groceries/product/details/new-355373-44/sainsburys-home-midnight-opulence-ringbinder-134027541-p', "Sainsbury's Home Midnight Opulence Ringbinder", '£2.00', '£2.00 / ea')
('https://www.sainsburys.co.uk/shop/gb/groceries/product/details/new-355373-44/sainsburys-home-star-tealight-holder-small-134128827-p', "Sainsbury's Home Star Tealight Holder Small", '£16.00', '£16.00 / ea')
('https://www.sainsburys.co.uk/shop/gb/groceries/product/details/new-355373-44/wicked-pranks---jokes--133794254-p', 'Wicked Pranks & Jokes', '£15.00', '£15.00 / ea')
('https://www.sainsburys.co.uk/shop/gb/groceries/product/details/new-355373-44/sainsburys-home-christmas-spice-tealight-24pk-134087236-p', "Sainsbury's Home Christmas Spice Tealight 24pk", '£4.50', '£4.50 / ea')
('https://www.sainsburys.co.uk/shop/gb/groceries/product/details/new-355373-44/sainsburys-home-gingerbread-silicone-cookie-cutter-x3-125365951-p', "Sainsbury's Home Gingerbread Silicone Cookie Cutter x3", '£4.50', '£4.50 / ea')
('https://www.sainsburys.co.uk/shop/gb/groceries/product/details/new-355373-44/ribena-pineapple-passion-fruit-squash-no-added-sugar-850ml', 'Ribena Pineapple & Passion Fruit Squash No Added Sugar 850ml', '£2.00', '24p / 100ml')
('https://www.sainsburys.co.uk/shop/gb/groceries/product/details/new-355373-44/pg-tips-plus-immunity-pyramid-tea-bags-58g', 'PG Tips Plus Immunity Pyramid Tea Bags 58g', '£2.25', '£3.88 / 100g')
('https://www.sainsburys.co.uk/shop/gb/groceries/product/details/new-355373-44/tilda-wholegrain-toasted-coconut-jasmine-rice-250g', 'Tilda Wholegrain Toasted Coconut Jasmine Rice 250g', '£1.00', '40p / 100g')
('https://www.sainsburys.co.uk/shop/gb/groceries/product/details/new-355373-44/health-her-menopause-supplement-capsules-x60', 'Health & Her Menopause Supplement Capsules x60', '£20.00', '£20.00 / ea')
('https://www.sainsburys.co.uk/shop/gb/groceries/product/details/new-355373-44/chikas-wholegrain-rice-crisps-sour-cream-and-chive-85g', "Chika's Wholegrain Rice Crisps Sour Cream and Chive 85g", '£1.80', '£2.12 / 100g')
('https://www.sainsburys.co.uk/shop/gb/groceries/product/details/new-355373-44/square-root-ginger-beer-275ml', 'Square Root Ginger Beer 275ml', '£1.60', '£5.82 / ltr')
('https://www.sainsburys.co.uk/shop/gb/groceries/product/details/new-355373-44/squirrel-sisters-natural-raw-bites-cacao-orange-80g', 'Squirrel Sisters Natural Raw Bites Cacao Orange 80g', '£2.20', '£2.75 / 100g')
('https://www.sainsburys.co.uk/shop/gb/groceries/product/details/new-355373-44/sabor-de-amor-paella-sauce-bottle-240g', 'Sabor de Amor Paella Sauce Bottle 240g', '£2.95', '£1.23 / 100g')
('https://www.sainsburys.co.uk/shop/gb/groceries/product/details/new-355373-44/lowlander-beer-cool-earth-lager-40-330ml', 'Lowlander Beer Cool Earth Lager 4.0% 330ml', '£2.00', '£6.06 / ltr')
('https://www.sainsburys.co.uk/shop/gb/groceries/product/details/new-355373-44/olay-regenerist-collagen-peptide-24-day-serum-non-fragrant-40ml', 'Olay Regenerist Collagen Peptide 24 Day Serum Non Fragrant 40ml', '£17.50', '£17.50 / ea')
('https://www.sainsburys.co.uk/shop/gb/groceries/product/details/new-355373-44/lowlander-beer-000-wit-can-330ml', 'Lowlander Beer 0.00% Wit Can 330ml', '£1.30', '£3.94 / ltr')
('https://www.sainsburys.co.uk/shop/gb/groceries/product/details/new-355373-44/clarence-court-traditional-leghorn-whites-free-range-eggs-with-pure-white-coloured-shells-x6', 'Clarence Court Traditional Leghorn Whites Free Range Eggs with Pure White Coloured Shells x6', '£2.00', '33p / ea')
('https://www.sainsburys.co.uk/shop/gb/groceries/product/details/new-355373-44/grey-goose-la-collection-4x50ml', 'Grey Goose La Collection 4x50ml', '£15.00', '£15.00 / ea')
('https://www.sainsburys.co.uk/shop/gb/groceries/product/details/new-355373-44/sainsburys-coarse-ardennes-style-pate-taste-the-difference-150g', "Sainsbury's Coarse Ardennes Style Pate, Taste the Difference 150g", '£2.15', '£1.43 / 100g')
('https://www.sainsburys.co.uk/shop/gb/groceries/product/details/easterluxury/cadbury-roses-chocolate-carton-321g', 'Cadbury Roses Chocolate Carton 290g', '£2.00', '69p / 100g')
('https://www.sainsburys.co.uk/shop/gb/groceries/product/details/easterluxury/guylian-belgian-seahorses-46g', 'Guylian Belgian Seahorses 42g', '£1.00', '£2.38 / 100g')
('https://www.sainsburys.co.uk/shop/gb/groceries/product/details/easterluxury/sainsburys-celebration-egg-210g', 'Celebration White Chocolate Egg 210g', '£4.00', '£1.90 / 100g')
('https://www.sainsburys.co.uk/shop/gb/groceries/product/details/easterluxury/thorntons-milk-dark-white-classic-collection-chocolate-box-449g', 'Thorntons Milk, Dark, White Classic Collection Chocolate Box 449g', '£7.00', '£1.56 / 100g')
('https://www.sainsburys.co.uk/shop/gb/groceries/product/details/easterluxury/lindt-lindor-milk-chocolate-easter-egg-with-lindor-filled-eggs-322g', 'Lindt Milk Chocolate Egg with LINDOR Milk Filled Eggs 322g', '£12.00', '£3.73 / 100g')
('https://www.sainsburys.co.uk/shop/gb/groceries/product/details/easterluxury/godiva-the-belgian-1926-chocolate-selection-box-215g', 'Godiva The Belgian 1926 Chocolate Selection Box 215g', '£7.00', '£3.26 / 100g')
('https://www.sainsburys.co.uk/shop/gb/groceries/product/details/easterluxury/lindt-lindor-chocolate--assorted-200g', 'Lindt Lindor Assorted Chocolate Truffles Box 200g', '£4.00', '£2.00 / 100g')
('https://www.sainsburys.co.uk/shop/gb/groceries/product/details/easterluxury/ferrero-rocher-chocolate-200g', 'Ferrero Rocher Chocolate 200g', '£5.00', '£2.50 / 100g')
('https://www.sainsburys.co.uk/shop/gb/groceries/product/details/easter-giant/maltesers-buttons-xl-egg-274g', 'Maltesers Buttons Chocolate Extra Large Easter Egg 274g', '£8.00', '£2.92 / 100g')
('https://www.sainsburys.co.uk/shop/gb/groceries/product/details/easter-giant/after-eight-dark-mint-chocolate-premium-easter-egg-400g', 'After Eight Dark Mint Chocolate Premium Easter Egg 400g', '£8.00', '£2.00 / 100g')
('https://www.sainsburys.co.uk/shop/gb/groceries/product/details/easter-giant/kit-kat-bunny-giant-egg-295g', 'KitKat Bunny Milk Chocolate Giant Egg 295g', '£5.00', '£1.69 / 100g')
('https://www.sainsburys.co.uk/shop/gb/groceries/product/details/easter-giant/yorkie-milk-chocolate-collection-giant-easter-egg-336g', 'Yorkie Milk Chocolate Collection Giant Easter Egg 336g', '£5.00', '£1.49 / 100g')
('https://www.sainsburys.co.uk/shop/gb/groceries/product/details/easter-giant/aero-peppermint-mini-eggs-giant-egg-270g', 'Aero Peppermint Mini Eggs Giant Egg 270g', '£5.00', '£1.85 / 100g')
('https://www.sainsburys.co.uk/shop/gb/groceries/product/details/easter-giant/cadbury-dairy-milk-giant-buttons-easter-egg-419g', 'Cadbury Dairy Milk Giant Buttons Easter Egg 419g', '£10.00', '£2.39 / 100g')
('https://www.sainsburys.co.uk/shop/gb/groceries/product/details/easter-giant/cadbury-mini-eggs-giant-easter-egg-455g-check-your-local-store-for-available-range-', 'Cadbury Mini Eggs Giant Easter Egg 455g', '£10.00', '£2.20 / 100g')
('https://www.sainsburys.co.uk/shop/gb/groceries/product/details/easter-giant/kitkat-chunky-cookie-dough-milk-chocolate-incredible-egg-516g', 'KitKat Chunky Cookie Dough Milk Chocolate Incredible Egg 516g', '£10.00', '£1.94 / 100g')
('https://www.sainsburys.co.uk/shop/gb/groceries/product/details/easter-giant/cadbury-dairy-milk-giant-easter-egg-515g', 'Cadbury Dairy Milk Giant Easter Egg 515g', '£10.00', '£1.94 / 100g')
('https://www.sainsburys.co.uk/shop/gb/groceries/product/details/easter-giant/galaxy-chocolate-easter-indulgence-extra-large-egg-308g', 'Galaxy Chocolate Easter Indulgence Extra Large Egg 308g', '£8.00', '£2.60 / 100g')
('https://www.sainsburys.co.uk/shop/gb/groceries/product/details/easter-giant/cadbury-dairy-milk-fruit-and-nut-ultimate-chocolate-egg-532g', 'Cadbury Dairy Milk Fruit and Nut Ultimate Chocolate Egg 532g', '£12.00', '£2.26 / 100g')
('https://www.sainsburys.co.uk/shop/gb/groceries/product/details/easter-giant/cadbury-dairy-milk-creme-egg-with-large-easter-egg-460g', 'Cadbury Dairy Milk Creme Egg with Large Easter Egg 497g', '£10.00', '£2.17 / 100g')
('https://www.sainsburys.co.uk/shop/gb/groceries/product/details/easter-giant/maltesers-bunny-chocolate-extra-large-easter-egg-265g', 'Maltesers Bunny Chocolate Extra Large Easter Egg 265g', '£8.00', '£3.02 / 100g')
('https://www.sainsburys.co.uk/shop/gb/groceries/product/details/boxedchocolates/lindt-lindor-strawberries---cream-200g', 'Lindt Lindor Strawberries & Cream Chocolate Truffles Box 200g', '£4.00', '£2.00 / 100g')
('https://www.sainsburys.co.uk/shop/gb/groceries/product/details/boxedchocolates/maltesers-box-120g', 'Maltesers Chocolate Box 110g', '£1.25', '£1.13 / 100g')
('https://www.sainsburys.co.uk/shop/gb/groceries/product/details/boxedchocolates/lindt-lindor-extra-dark-chocolate-truffles-box-200g', 'Lindt Lindor Extra Dark Chocolate Truffles Box 200g', '£4.00', '£2.00 / 100g')
('https://www.sainsburys.co.uk/shop/gb/groceries/product/details/boxedchocolates/cadbury-heroes-chocolate-carton-323g', 'Cadbury Heroes Chocolate Carton 290g', '£2.00', '69p / 100g')
('https://www.sainsburys.co.uk/shop/gb/groceries/product/details/boxedchocolates/cadbury-milk-tray-chocolate-box-530g', 'Cadbury Milk Tray Chocolate Box 530g', '£6.00', '£1.13 / 100g')
('https://www.sainsburys.co.uk/shop/gb/groceries/product/details/boxedchocolates/celebrations-8-famous-chocolate-brands-245g', 'Celebrations Chocolate Gift Box 240g', '£2.00', '83p / 100g')
('https://www.sainsburys.co.uk/shop/gb/groceries/product/details/boxedchocolates/ferrero-collection-175g', 'Ferrero Rocher Collection 172.2g', '£5.00', '£2.91 / 100g')
('https://www.sainsburys.co.uk/shop/gb/groceries/product/details/boxedchocolates/guylian-belgian-chocolate-seashells-x22-250g', 'Guylian Belgian Chocolate Seashells x22 250g', '£3.75', '£1.50 / 100g')
('https://www.sainsburys.co.uk/shop/gb/groceries/product/details/boxedchocolates/sainsburys-dark-chocolate-selection-120g', "Sainsbury's Dark Chocolate Selection 120g", '£2.50', '£2.08 / 100g')
('https://www.sainsburys.co.uk/shop/gb/groceries/product/details/boxedchocolates/lindt-creation-dessert-ballotin-200g', 'Lindt Creation Dessert Ballotin Assorted Chocolate Box 200g', '£6.00', '£3.00 / 100g')
('https://www.sainsburys.co.uk/shop/gb/groceries/product/details/boxedchocolates/lindt-master-chocolatier-collection-305g', 'Lindt Master Chocolatier Collection Chocolate Box 320g', '£10.00', '£3.12 / 100g')
('https://www.sainsburys.co.uk/shop/gb/groceries/product/details/boxedchocolates/ferrero-raffaello-240g', 'Ferrero Rocher Raffaello 240g', '£6.50', '£2.71 / 100g')
('https://www.sainsburys.co.uk/shop/gb/groceries/product/details/boxedchocolates/elizabeth-shaw-mint-flutes-105g', 'Elizabeth Shaw Mint Flutes 105g', '£2.50', '£2.38 / 100g')
('https://www.sainsburys.co.uk/shop/gb/groceries/product/details/boxedchocolates/toblerone-milk-chocolate-400g', 'Toblerone Milk Chocolate Bar 360g', '£5.00', '£1.39 / 100g')
('https://www.sainsburys.co.uk/shop/gb/groceries/product/details/boxedchocolates/ferrero-rocher-chocolate-x24-300g', 'Ferrero Rocher Chocolate x24 300g', '£6.00', '£2.00 / 100g')
('https://www.sainsburys.co.uk/shop/gb/groceries/product/details/boxedchocolates/bendicks-mint-collection-200g', 'Bendicks Mint Collection 200g', '£4.00', '£2.00 / 100g')
('https://www.sainsburys.co.uk/shop/gb/groceries/product/details/boxedchocolates/youre-a-good-egg-message-bottle-350g', "You're a Good Egg Mini Fried Egg Gummies 350g", '£4.00', '£1.14 / 100g')
('https://www.sainsburys.co.uk/shop/gb/groceries/product/details/boxedchocolates/lindt-nuxor-dark-165g', 'Lindt Nuxor with Dark Chocolate 165g', '£5.00', '£3.03 / 100g')
('https://www.sainsburys.co.uk/shop/gb/groceries/product/details/boxedchocolates/thorntons-continental-chocolates-284g', 'Thorntons Continental Chocolates 284g', '£7.00', '£2.47 / 100g')
('https://www.sainsburys.co.uk/shop/gb/groceries/product/details/boxedchocolates/lindt-swiss-luxury-selection-x14-145g', 'Lindt Swiss Luxury Selection 145g', '£6.00', '£4.14 / 100g')
('https://www.sainsburys.co.uk/shop/gb/groceries/product/details/boxedchocolates/lindt-lindor-assorted-chocolate-truffles-337g', 'Lindt Lindor Assorted Chocolate Truffles Box 337g', '£6.00', '£1.78 / 100g')
('https://www.sainsburys.co.uk/shop/gb/groceries/product/details/new-trending-special-offers/the-paleo-foods-co-berry-almond-grain-free-granola-285g', 'The Paleo Foods Co. Berry & Almond Grain-Free Granola 285g', '£3.00', '£1.05 / 100g')
('https://www.sainsburys.co.uk/shop/gb/groceries/product/details/new-trending-special-offers/sanctuary-spa-tempting-travel-treats-7969084-p', 'Sanctuary Spa Tempting Travel Treats', '£11.00', '£11.00 / ea')
('https://www.sainsburys.co.uk/shop/gb/groceries/product/details/new-trending-special-offers/sanctuary-spa-warming-charcoal-detox-wash-100ml', 'Sanctuary Spa Warming Charcoal Detox Wash 100ml', '£5.00', '£5.00 / 100ml')
('https://www.sainsburys.co.uk/shop/gb/groceries/product/details/new-trending-special-offers/sanctuary-spa-luxury-bath-float-500ml-7968818-p', 'Sanctuary Spa Luxury Bath Float 500ml', '£9.50', '£1.90 / 100ml')
('https://www.sainsburys.co.uk/shop/gb/groceries/product/details/new-trending-special-offers/sanctuary-spa-salt-scrub-bar-200g-7968738-p', 'Sanctuary Spa Salt Scrub Bar 200g', '£5.00', '£2.50 / 100g')
('https://www.sainsburys.co.uk/shop/gb/groceries/product/details/new-trending-special-offers/sanctuary-spa-ultra-rich-wet-skin-moisture-miracle-200ml-7968635-p', 'Sanctuary Spa Ultra Rich Wet Skin Moisture Miracle 200ml', '£8.00', '£4.00 / 100ml')
('https://www.sainsburys.co.uk/shop/gb/groceries/product/details/new-trending-special-offers/sanctuary-spa-daily-glow-radiance-tonic-150ml', 'Sanctuary Spa Daily Glow Radiance Tonic 150ml', '£5.00', '£2.50 / 100ml')
('https://www.sainsburys.co.uk/shop/gb/groceries/product/details/new-trending-special-offers/sanctuary-spa-1-minute-daily-glow-mask-75-ml', 'Sanctuary Spa 1 Minute Daily Glow Mask 75 ml', '£7.00', '£9.34 / 100ml')
('https://www.sainsburys.co.uk/shop/gb/groceries/product/details/new-trending-special-offers/sanctuary-spa-beauty-sleep-recovery-mask-75ml', 'Sanctuary Spa Beauty Sleep Recovery Mask 75ml', '£7.00', '£9.34 / 100ml')
('https://www.sainsburys.co.uk/shop/gb/groceries/product/details/new-trending-special-offers/akin-orange-blossom-body-wash-500ml', "A'kin Orange Blossom Body Wash 500ml", '£9.00', '£1.80 / 100ml')
('https://www.sainsburys.co.uk/shop/gb/groceries/product/details/new-trending-special-offers/hype-stationery-set-135481711-p', 'Hype Stationery Set', '£10.00', '£10.00 / ea')
('https://www.sainsburys.co.uk/shop/gb/groceries/product/details/new-trending-special-offers/hype-notebook-and-pen-set-135481956-p', 'Hype Notebook & Pen Set', '£10.00', '£10.00 / ea')
('https://www.sainsburys.co.uk/shop/gb/groceries/product/details/new-trending-special-offers/sainsburys-home-splatter-lunch-bag-135452514-p', "Sainsbury's Home Splatter Lunch Bag", '£8.00', '£8.00 / ea')
('https://www.sainsburys.co.uk/shop/gb/groceries/product/details/new-trending-special-offers/sainsburys-home-cat-lunch-bag--135411974-p', "Sainsbury's Home Cat Lunch Bag", '£10.00', '£10.00 / ea')
('https://www.sainsburys.co.uk/shop/gb/groceries/product/details/new-trending-special-offers/harry-potter-sandwich-box-135398554-p', 'Harry Potter Sandwich Box', '£6.00', '£6.00 / ea')
('https://www.sainsburys.co.uk/shop/gb/groceries/product/details/new-trending-special-offers/harry-potter-satchel-black-gold-135366421-p', 'Harry Potter Satchel Black/Gold', '£12.00', '£12.00 / ea')
('https://www.sainsburys.co.uk/shop/gb/groceries/product/details/new-trending-special-offers/leopard-paddington-lunch-bag-135333435-p', 'Leopard Paddington Lunch Bag', '£10.00', '£10.00 / ea')
('https://www.sainsburys.co.uk/shop/gb/groceries/product/details/new-trending-special-offers/sainsburys-spiral-bound-revision-cards', "Sainsbury's Spiral Bound Revision Cards", '£1.50', '£1.50 / ea')
('https://www.sainsburys.co.uk/shop/gb/groceries/product/details/new-trending-special-offers/bantam-fairtrade-mexico-wholebean-coffee-200g', 'Bantam DR Congo Coffee Beans 200g', '£3.50', '£1.75 / 100g')
('https://www.sainsburys.co.uk/shop/gb/groceries/product/details/new-trending-special-offers/sainsburys-love-your-veg!-chorizo-style-shroomdogs-280g', 'Plant Pioneers Chorizo Shroomdogs x8 280g', '£2.25', '£8.04 / kg')
('https://www.sainsburys.co.uk/shop/gb/groceries/product/details/new-trending-special-offers/teapigs-earl-grey-strong-biodegradable-tea-temples-x15', 'Teapigs Earl Grey Strong Biodegradable Tea Temples x15', '£4.15', '£11.07 / 100g')
('https://www.sainsburys.co.uk/shop/gb/groceries/product/details/new-trending-special-offers/sainsburys-meatball-pasta-bake-12kg', "Sainsbury's Meatball Pasta Bake 1.2kg", '£4.50', '£3.75 / kg')
('https://www.sainsburys.co.uk/shop/gb/groceries/product/details/new-trending-special-offers/paleo-granola-almond-pecan-285g', 'The Paleo Foods Co. Pecan & Almond Grain-Free Granola 285g', '£3.00', '£1.05 / 100g')
('https://www.sainsburys.co.uk/shop/gb/groceries/product/details/new-trending-special-offers/reuseable-coffee-cup-coral-135785108-p', 'Reuseable Coffee Cup Coral', '£3.50', '£3.50 / ea')
('https://www.sainsburys.co.uk/shop/gb/groceries/product/details/new-trending-special-offers/sanctuary-spa-lost-in-the-moment-gift-set-7969400-p', 'Sanctuary Spa Lost in the Moment Gift Set', '£13.00', '£13.00 / ea')
('https://www.sainsburys.co.uk/shop/gb/groceries/product/details/new-trending-special-offers/sanctuary-spa-crème-soufflée-475ml', 'Sanctuary Spa Crème Soufflée 475ml', '£10.00', '£2.10 / 100ml')
('https://www.sainsburys.co.uk/shop/gb/groceries/product/details/new-trending-special-offers/sanctuary-spa-body-wash-250ml-7968770-p', 'Sanctuary Spa Body Wash 250ml', '£5.00', '£2.00 / 100ml')
('https://www.sainsburys.co.uk/shop/gb/groceries/product/details/new-trending-special-offers/sanctuary-spa-shower-oil-250ml-7968761-p', 'Sanctuary Spa Shower Oil 250ml', '£5.50', '£2.20 / 100ml')
('https://www.sainsburys.co.uk/shop/gb/groceries/product/details/new-trending-special-offers/sanctuary-spa-salt-scrub-650g-7968742-p', 'Sanctuary Spa Salt Scrub 650g', '£10.50', '£1.61 / 100ml')
('https://www.sainsburys.co.uk/shop/gb/groceries/product/details/new-trending-special-offers/sanctuary-spa-hand-lotion-250ml', 'Sanctuary Spa Hand Lotion 250ml', '£4.50', '£1.80 / 100ml')
('https://www.sainsburys.co.uk/shop/gb/groceries/product/details/new-trending-special-offers/sanctuary-spa-hyaluronic-wonder-oil-serum-30ml', 'Sanctuary Spa Hyaluronic Wonder Oil Serum 30ml', '£13.50', '£45.00 / 100ml')
('https://www.sainsburys.co.uk/shop/gb/groceries/product/details/new-trending-special-offers/sainsburys-taste-the-difference-chicken-pesto-pasta-400g', "Sainsbury's Taste the Difference Chicken Pesto Pasta 400g", '£3.50', '£8.75 / kg')
('https://www.sainsburys.co.uk/shop/gb/groceries/product/details/new-trending-special-offers/hype-neoprene-pencil-case-135481657-p', 'Hype Neoprene Pencil Case', '£8.00', '£8.00 / ea')
('https://www.sainsburys.co.uk/shop/gb/groceries/product/details/new-trending-special-offers/pilot-v-ball-triple-black-135433428-p', 'Pilot V Ball Triple Black', '£3.00', '£3.00 / ea')
('https://www.sainsburys.co.uk/shop/gb/groceries/product/details/new-trending-special-offers/sainsburys-home-french-bulldog-printed-bottle--135352935-p', "Sainsbury's Home French Bulldog Printed Bottle", '£6.00', '£6.00 / ea')
('https://www.sainsburys.co.uk/shop/gb/groceries/product/details/new-trending-special-offers/pikmi-pops-bottle--135347600-p', 'Pikmi Pops Bottle', '£5.00', '£5.00 / ea')
('https://www.sainsburys.co.uk/shop/gb/groceries/product/details/new-trending-special-offers/black-sports-lunch-bag-135360361-p', 'Black Sports Lunch Bag', '£10.00', '£10.00 / ea')
('https://www.sainsburys.co.uk/shop/gb/groceries/product/details/new-trending-special-offers/cool-gear-small-olive-camping-bottle-135359918-p', 'Cool Gear Small Olive Camping Bottle', '£8.00', '£8.00 / ea')
('https://www.sainsburys.co.uk/shop/gb/groceries/product/details/new-trending-special-offers/super-facialist-for-men-anti-ageing-day-moisturiser-75ml', 'Super Facialist for Men Anti-Ageing Day Moisturiser 75ml', '£11.50', '£15.34 / 100ml')
('https://www.sainsburys.co.uk/shop/gb/groceries/product/details/new-trending-special-offers/super-facialist-for-men-energising-face-wash-150ml', 'Super Facialist for Men Energising Face Wash 150ml', '£6.00', '£4.00 / 100ml')
('https://www.sainsburys.co.uk/shop/gb/groceries/product/details/all-price-lock/hipp-organic-sweet-potato-chicken-230g-12-month', 'HiPP Organic Sweet Potato & Chicken 230g 12 Month+', '£1.75', '76p / 100g')
('https://www.sainsburys.co.uk/shop/gb/groceries/product/details/all-price-lock/kelloggs-special-k-bar-juicy-red-berry-5x27g', "Kellogg's Special K Bar Juicy Red Berry 5x27g", '£1.00', '74p / 100g')
('https://www.sainsburys.co.uk/shop/gb/groceries/product/details/all-price-lock/old-el-paso-family-fajita-kit-750g', 'Old El Paso Smoky BBQ Fajita Family Kit 750g', '£3.25', '43p / 100g')
('https://www.sainsburys.co.uk/shop/gb/groceries/product/details/all-price-lock/sainsburys-double-strength-summerfruits-squash--no-added-sugar-15l', "Sainsbury's Double Strength Summerfruits Squash, No Added Sugar 1.5L", '£1.00', '7p / 100ml')
('https://www.sainsburys.co.uk/shop/gb/groceries/product/details/all-price-lock/herbal-essences-ignite-my-colour-shampoo-400ml', 'Herbal Essences Ignite My Colour Shampoo 400ml', '£2.00', '50p / 100ml')
('https://www.sainsburys.co.uk/shop/gb/groceries/product/details/all-price-lock/tampax-blue-box-regular-x20', 'Tampax Regular Tampons Applicator Cardboard x20', '£1.90', '10p / ea')
('https://www.sainsburys.co.uk/shop/gb/groceries/product/details/all-price-lock/tresemmé-cleanse-renew-deep-cleansing-hair-shampoo-900ml', 'TRESemmé Cleanse & Renew, Deep Cleansing Hair Shampoo 900ml', '£2.69', '30p / 100ml')
('https://www.sainsburys.co.uk/shop/gb/groceries/product/details/all-price-lock/sainsburys-giant-white-baps-x4', "Sainsbury's Large White Baps x4", '70p', '18p / ea')
('https://www.sainsburys.co.uk/shop/gb/groceries/product/details/all-price-lock/sainsburys-sandwich-loaf-white-bread-800g-6539298-p', "Sainsbury's Sandwich Loaf White Bread 800g", '£1.10', '14p / 100g')
('https://www.sainsburys.co.uk/shop/gb/groceries/product/details/all-price-lock/wet-ones-be-fresh-antibacterial-wipes-x12-wipes', 'Wet Ones Fresh Antibacterial Hand Wipes x12', '£1.00', '£8.33 / 100sht')
('https://www.sainsburys.co.uk/shop/gb/groceries/product/details/all-price-lock/magners-light-4-x-330ml', 'Magners Light Irish Cider 4x330ml', '£3.50', '£2.65 / ltr')
('https://www.sainsburys.co.uk/shop/gb/groceries/product/details/all-price-lock/multibionta-x90', 'Multibionta Vitality Multivitamin with Biotic Cultures Tablets x28', '£12.00', '13p / tblt')
('https://www.sainsburys.co.uk/shop/gb/groceries/product/details/all-price-lock/sainsburys-pure-tomato-juice-1l', "Sainsbury's Pure Tomato Juice 1L", '90p', '9p / 100ml')
('https://www.sainsburys.co.uk/shop/gb/groceries/product/details/all-price-lock/sainsburys-100-cotton-pleats-200g', "Sainsbury's 100% Cotton Pleats 200g", '£1.00', '50p / 100g')
('https://www.sainsburys.co.uk/shop/gb/groceries/product/details/all-price-lock/vaseline-lip-therapy-with-aloe-vera-20g', 'Vaseline Lip Therapy, Aloe 20g', '£1.00', '£5.00 / 100g')
('https://www.sainsburys.co.uk/shop/gb/groceries/product/details/all-price-lock/sainsburys-pure-orange-juice-3x200ml', "Sainsbury's Pure Orange Juice 3x200ml", '80p', '13p / 100ml')
('https://www.sainsburys.co.uk/shop/gb/groceries/product/details/all-price-lock/sainsburys-pure-tropical-juice-1l', "Sainsbury's Pure Tropical Juice 1L", '90p', '9p / 100ml')
('https://www.sainsburys.co.uk/shop/gb/groceries/product/details/all-price-lock/old-el-paso-flour-tortillas-326g', 'Old El Paso Regular Soft Flour Tortilla Wraps x8 326g', '£1.40', '43p / 100g')
('https://www.sainsburys.co.uk/shop/gb/groceries/product/details/all-price-lock/carefree-panty-liners--wrapped--unscented-x20', 'Carefree Panty Liners with Cotton Extract x20', '85p', '4p / ea')
('https://www.sainsburys.co.uk/shop/gb/groceries/product/details/all-price-lock/carefree-panty-liners--breathable-laundry-fresh--individual-x20', 'Carefree Panty Liners Scented with Cotton Extract x20', '85p', '4p / ea')
('https://www.sainsburys.co.uk/shop/gb/groceries/product/details/all-price-lock/sainsburys-high-juice-orange-squash-drink-1l', "Sainsbury's High Juice Orange Squash 1L", '£2.45', '25p / 100ml')
('https://www.sainsburys.co.uk/shop/gb/groceries/product/details/all-price-lock/nivea-visage-refresh-cleansing-facial-wipes-x25', 'Nivea Refreshing Cleansing Face Wipes x25', '£1.50', '6p / wipe')
('https://www.sainsburys.co.uk/shop/gb/groceries/product/details/all-price-lock/lemsip-maximum-strength-cold---flu-x10', 'Lemsip Max Cold & Flu Remedy Sachets, Lemon x10', '£3.50', '35p / ea')
('https://www.sainsburys.co.uk/shop/gb/groceries/product/details/all-price-lock/seven-seas-cod-liver-oil--capsules--high-strength-x120', 'Seven Seas Cod Liver Oil High Strength Gelatine Free Capsules x120', '£6.50', '5p / tblt')
('https://www.sainsburys.co.uk/shop/gb/groceries/product/details/all-price-lock/sainsburys-fairtrade-espresso-wholebean-coffee-1kg', "Sainsbury's Fairtrade Espresso Wholebean Coffee 1kg", '£9.00', '£9.00 / kg')
('https://www.sainsburys.co.uk/shop/gb/groceries/product/details/all-price-lock/garnier-ultimate-blends-argan-oil---almond-cream-dry-hair-shampoo-360ml-7953862-p', 'Garnier Ultimate Blends Argan Oil & Almond Cream Dry Hair Shampoo 360ml', '£2.00', '56p / 100ml')
('https://www.sainsburys.co.uk/shop/gb/groceries/product/details/all-price-lock/sainsburys-brussels-sprouts-400g-7822497-p-44', "Sainsbury's Brussels Sprouts 400g", '£1.50', '£3.75 / kg')
('https://www.sainsburys.co.uk/shop/gb/groceries/product/details/all-price-lock/kenco-cappuccino-unsweetened-instant-coffee-8-sachets', 'Kenco Cappuccino Unsweetened Instant Coffee 8 Sachets', '£1.50', '£1.34 / 100g')
('https://www.sainsburys.co.uk/shop/gb/groceries/product/details/all-price-lock/swizzels-drumstick-squashies-mini-bags-raspberry-milk-flavour-sweets-x20', 'Swizzels Drumstick Squashies Mini Bags Raspberry & Milk Flavour Sweets x20', '£2.00', '71p / 100g')
('https://www.sainsburys.co.uk/shop/gb/groceries/product/details/all-price-lock/felix-kitten-cat-food-mixed-in-jelly-12x100g-7930137-p', 'Felix Kitten Cat Food Mixed In Jelly 12X100g', '£3.00', '£2.50 / kg')
('https://www.sainsburys.co.uk/shop/gb/groceries/product/details/all-price-lock/betty-crocker-rainbow-chip-party-cake-mix-425g', 'Betty Crocker Rainbow Chip Party Cake Mix 425g', '£2.00', '47p / 100g')
('https://www.sainsburys.co.uk/shop/gb/groceries/product/details/all-price-lock/lenor-fabric-conditioner-summer-breeze-scent-119l-34-washes', 'Lenor Fabric Conditioner Summer Breeze Scent 1.19L (34 Washes)', '£2.00', '£1.68 / ltr')
('https://www.sainsburys.co.uk/shop/gb/groceries/product/details/all-price-lock/mondelli-puglia-rosato-75cl', 'Mondelli Puglia Rosato 75cl', '£5.00', '£5.00 / 75cl')
('https://www.sainsburys.co.uk/shop/gb/groceries/product/details/all-price-lock/sainsburys-breaded-plaice-fillets-x2-300g', "Sainsbury's Breaded Plaice Fillets x2 300g", '£3.00', '£10.00 / kg')
('https://www.sainsburys.co.uk/shop/gb/groceries/product/details/all-price-lock/przysnacki-microwave-popcorn-100g', 'Przysnacki Microwave Popcorn 100g', '65p', '65p / 100g')
('https://www.sainsburys.co.uk/shop/gb/groceries/product/details/all-price-lock/haribo-squidglets-sweets-bag-190g', 'Haribo Squidglets Sweets Bag 190g', '90p', '47p / 100g')
('https://www.sainsburys.co.uk/shop/gb/groceries/product/details/all-price-lock/oreo-thins-original-sandwich-biscuit-192g', 'Oreo Thins Original Sandwich Biscuit 192g', '£1.00', '52p / 100g')
('https://www.sainsburys.co.uk/shop/gb/groceries/product/details/all-price-lock/sainsburys-dark-hot-chocolate-taste-the-difference-280g', "Sainsbury's Dark Hot Chocolate, Taste the Difference 280g", '£3.50', '£1.25 / 100g')
('https://www.sainsburys.co.uk/shop/gb/groceries/product/details/all-price-lock/rockshore-irish-lager-12x440ml', 'Rockshore Irish Lager 12x440ml', '£10.00', '£1.89 / ltr')
('https://www.sainsburys.co.uk/shop/gb/groceries/product/details/all-price-lock/sainsburys-instant-caramel-latte-8x17g', "Sainsbury's Instant Caramel Latte 8x17g", '£1.00', '74p / 100g')
('https://www.sainsburys.co.uk/shop/gb/groceries/product/details/all-price-lock/bakers-small-dry-dog-food-chicken-and-veg-11kg-7912673-p', 'Bakers Small Dry Dog Food Chicken and Veg 1.1kg', '£2.75', '£2.50 / kg')
('https://www.sainsburys.co.uk/shop/gb/groceries/product/details/coffee-shop/sainsburys-fairtrade-ethiopian-sidamo-coffee--taste-the-difference-227g', "Sainsbury's Fairtrade Ethiopian Sidamo Coffee, Taste the Difference, Strength 3 227g", '£3.50', '£1.54 / 100g')
('https://www.sainsburys.co.uk/shop/gb/groceries/product/details/coffee-shop/sainsburys-pure-kenyan-coffee-beans--taste-the-difference-227g', "Sainsbury's Fairtrade Kenyan Coffee Beans, Taste the Difference, Strength 3 227g", '£3.50', '£1.54 / 100g')
('https://www.sainsburys.co.uk/shop/gb/groceries/product/details/coffee-shop/sainsburys-kenyan-coffee--taste-the-difference-227g', "Sainsbury's Fairtrade Kenyan Coffee, Taste the Difference, Strength 3 227g", '£3.50', '£1.54 / 100g')
('https://www.sainsburys.co.uk/shop/gb/groceries/product/details/coffee-shop/emmi-caffe-latte-mr-big-skinny-370ml', 'Emmi Caffe Latte Mr Big Skinny 370ml', '£1.75', '£4.73 / ltr')
('https://www.sainsburys.co.uk/shop/gb/groceries/product/details/coffee-shop/mighty-pea-mlk-barista-1l', 'Mighty Pea Milk Barista 1L', '£2.00', '£2.00 / ltr')
('https://www.sainsburys.co.uk/shop/gb/groceries/product/details/coffee-shop/monster-espresso-and-milk-250ml', 'Monster Espresso and Milk 250ml', '£2.00', '80p / 100ml')
('https://www.sainsburys.co.uk/shop/gb/groceries/product/details/coffee-shop/cartwright-butler-teatime-edition-celebrated-earl-grey-house-blend-tea-x30-90g', 'Cartwright & Butler Teatime Edition Celebrated Earl Grey House Blend Tea x30 90g', '£7.00', '£7.78 / 100g')
('https://www.sainsburys.co.uk/shop/gb/groceries/product/details/coffee-shop/sainsburys-fairtrade-colombian-sundried-quinchia-whole-beans-taste-the-difference-227g', "Sainsbury's Fairtrade Colombian Sundried Quinchia Whole Beans, Taste the Difference 227g", '£3.50', '£1.54 / 100g')
('https://www.sainsburys.co.uk/shop/gb/groceries/product/details/coffee-shop/sainsburys-chocolate-chunk-muffins-x4-276g', "Sainsbury's Chocolate Chunk Muffins x4 276g", '£1.00', '25p / ea')
('https://www.sainsburys.co.uk/shop/gb/groceries/product/details/coffee-shop/sainsburys-choc-chip-mini-muffin-x12', "Sainsbury's Choc Chip Mini Muffin x12", '£1.50', '13p / ea')
('https://www.sainsburys.co.uk/shop/gb/groceries/product/details/coffee-shop/sainsburys-4-triple-chocolate-muffins-276g', "Sainsbury's 4 Triple Chocolate Muffins 276g", '£1.00', '25p / ea')
('https://www.sainsburys.co.uk/shop/gb/groceries/product/details/coffee-shop/twinings-pure-green-tea-bags-x20', 'Twinings Green Tea, 20 Tea Bags', '£1.50', '£3.00 / 100g')
('https://www.sainsburys.co.uk/shop/gb/groceries/product/details/coffee-shop/cravendale-skimmed-milk-2l', 'Cravendale Purefilter Skimmed Milk 2L', '£1.60', '80p / ltr')
('https://www.sainsburys.co.uk/shop/gb/groceries/product/details/coffee-shop/sainsburys-fresh-custard-slices-x2-180g', "Sainsbury's Fresh Custard Slices x2 180g", '£1.40', '78p / 100g')
('https://www.sainsburys.co.uk/shop/gb/groceries/product/details/coffee-shop/innocent-power-to-the-purple-juice-750ml', 'Innocent Plus Power To The Purple, Pomegranate & Raspberry Juice 750ml', '£1.50', '20p / 100ml')
('https://www.sainsburys.co.uk/shop/gb/groceries/product/details/coffee-shop/union-hand-roasted-coffee-maraba-rwanda-cafetière-grind-200g', 'Union Hand-Roasted Coffee Maraba Rwanda Cafetière Grind 200g', '£5.50', '£2.75 / 100g')
('https://www.sainsburys.co.uk/shop/gb/groceries/product/details/coffee-shop/cadburys-hot-chocolate-reduced-sug-290g', 'Cadbury Hot Chocolate 30% Less Sugar 280g', '£3.00', '£1.07 / 100g')
('https://www.sainsburys.co.uk/shop/gb/groceries/product/details/coffee-shop/sainsburys-4-filled-lemon-meringue-muffins-285g', "Sainsbury's 4 Filled Lemon Meringue Muffins 285g", '£1.60', '40p / ea')
('https://www.sainsburys.co.uk/shop/gb/groceries/product/details/coffee-shop/starbucks-doubleshot-espresso-no-added-sugar-200ml', 'Starbucks Doubleshot Espresso No Added Sugar 200ml', '£1.00', '£5.00 / ltr')
('https://www.sainsburys.co.uk/shop/gb/groceries/product/details/coffee-shop/twinings-superblends-sleep-tb-20s-30g', 'Twinings Superblends Sleep Tea, 20 Tea Bags', '£2.70', '£9.00 / 100g')
('https://www.sainsburys.co.uk/shop/gb/groceries/product/details/coffee-shop/dr-oetker-fine-dark-cocoa-powder-190g', 'Dr. Oetker Fine 100% Dark Cocoa Powder 190g', '£2.75', '£1.45 / 100g')
('https://www.sainsburys.co.uk/shop/gb/groceries/product/details/coffee-shop/oatly-foamable-1l', 'Oatly Oat Drink Barista Edition Long Life 1L', '£1.80', '£1.80 / ltr')
('https://www.sainsburys.co.uk/shop/gb/groceries/product/details/coffee-shop/sainsburys-guatemalan-espresso-beans--taste-the-difference-227g', "Sainsbury's Guatemalan Espresso Beans, Taste the Difference, Strength 4 227g", '£3.50', '£1.54 / 100g')
('https://www.sainsburys.co.uk/shop/gb/groceries/product/details/coffee-shop/jimmys-iced-coffee-original-1l', "Jimmy's Iced Coffee Original 1L", '£2.60', '£2.60 / ltr')
('https://www.sainsburys.co.uk/shop/gb/groceries/product/details/coffee-shop/twinings-darjeeling-tea-bags-x50-125g', 'Twinings Darjeeling Tea, 50 Tea Bags', '£3.50', '£2.80 / 100g')
('https://www.sainsburys.co.uk/shop/gb/groceries/product/details/coffee-shop/sainsburys-darjeeling-loose-tea--taste-the-difference-125g', "Sainsbury's Darjeeling Loose Tea, Taste the Difference 125g", '£1.75', '£1.40 / 100g')
('https://www.sainsburys.co.uk/shop/gb/groceries/product/details/coffee-shop/alpro-original-chilled-milk-alternative-1l', 'Alpro Soya Chilled Drink 1L', '£1.55', '£1.55 / ltr')
('https://www.sainsburys.co.uk/shop/gb/groceries/product/details/coffee-shop/tropicana-golden-grapefruit-juice-1l', 'Tropicana Golden Grapefruit Juice 950ml', '£1.50', '16p / 100ml')
('https://www.sainsburys.co.uk/shop/gb/groceries/product/details/coffee-shop/sainsburys-belgian-chocolate-fudge-cake--taste-the-difference-5', "Sainsbury's Belgian Chocolate Fudge Cake, Taste Difference 395g (Serves 6)", '£2.00', '51p / 100g')
('https://www.sainsburys.co.uk/shop/gb/groceries/product/details/coffee-shop/emmi-caffe-latte-light-iced-coffee-230ml', 'Emmi Caffe Latte Skinny Iced Coffee 230ml', '£1.55', '£6.74 / ltr')
('https://www.sainsburys.co.uk/shop/gb/groceries/product/details/big-night-in/quick-fix-facials-black-peel-mask-75ml', 'Quick Fix Facials Black Peel Mask 75ml', '£5.00', '£6.67 / 100ml')
('https://www.sainsburys.co.uk/shop/gb/groceries/product/details/big-night-in/sainsburys-blossom-petals-reed-diffuser-80ml', "Sainsbury's Blossom Petals Reed Diffuser 80ml", '£3.50', '£43.75 / ltr')
('https://www.sainsburys.co.uk/shop/gb/groceries/product/details/big-night-in/carnivor-zinfandel-75cl', 'Carnivor Zinfandel 75cl', '£8.00', '£8.00 / 75cl')
('https://www.sainsburys.co.uk/shop/gb/groceries/product/details/big-night-in/sainsburys-mixed-olives---greek-feta-300g', "Sainsbury's Mixed Olives & Greek Feta 300g", '£3.50', '£1.17 / 100g')
('https://www.sainsburys.co.uk/shop/gb/groceries/product/details/big-night-in/sainsburys-porcini---mascarpone-margherite--taste-the-difference-250g', "Sainsbury's Porcini & Mascarpone Margherite, Taste the Difference 250g", '£3.00', '£12.00 / kg')
('https://www.sainsburys.co.uk/shop/gb/groceries/product/details/big-night-in/mr-kipling-lemon-slices-x8', 'Mr Kipling Lemon Cake Slices x8', '£1.50', '19p / ea')
('https://www.sainsburys.co.uk/shop/gb/groceries/product/details/big-night-in/sainsburys-prosciutto-mushroom---mascarpone-pizza--taste-the-difference-250g', "Sainsbury's Prosciutto Mushroom & Mascarpone Pizza, Taste the Difference 252g", '£3.00', '£11.90 / kg')
('https://www.sainsburys.co.uk/shop/gb/groceries/product/details/big-night-in/sainsburys-prosciutto-mushroom---mascarpone-pizza--taste-the-difference-500g', "Sainsbury's Prosciutto Mushroom & Mascarpone Pizza, Taste the Difference 480g", '£4.50', '£9.38 / kg')
('https://www.sainsburys.co.uk/shop/gb/groceries/product/details/big-night-in/quick-fix-purifying-charcoal-mask-100ml', 'Quick Fix Purifying Charcoal Mask 100ml', '£5.00', '£5.00 / 100ml')
('https://www.sainsburys.co.uk/shop/gb/groceries/product/details/big-night-in/birra-moretti-12x330ml', 'Birra Moretti Lager Beer Bottles 12 x 330ml', '£14.00', '£3.54 / ltr')
('https://www.sainsburys.co.uk/shop/gb/groceries/product/details/fresh-eggs/st-ewe-free-range-eggs-medium-x6', 'St Ewe Free Range Medium Eggs x6', '£1.90', '32p / ea')
('https://www.sainsburys.co.uk/shop/gb/groceries/product/details/fresh-eggs/sainsburys-free-range-woodland-medium-eggs-x6', "Sainsbury's Woodland Free Range Medium Eggs x6", '90p', '15p / ea')
('https://www.sainsburys.co.uk/shop/gb/groceries/product/details/fresh-eggs/hoads-farm-large-sussex-eggs-x6', 'Hoads Farm Large Sussex Eggs x6', '£2.05', '34p / ea')
('https://www.sainsburys.co.uk/shop/gb/groceries/product/details/fresh-eggs/yorkshire-medium-free-range-eggs-x-6', 'Yorkshire Free Range Medium Eggs x6', '£1.90', '32p / ea')
('https://www.sainsburys.co.uk/shop/gb/groceries/product/details/fresh-eggs/the-lakes-free-range-mw-x12', 'The Lakes Organic Free Range Mixed Weightht x12', '£1.85', '15p / ea')
('https://www.sainsburys.co.uk/shop/gb/groceries/product/details/fresh-eggs/oggs-aquafaba-200ml', 'OGGS Aquafaba Egg Alternative 200ml', '£1.95', '98p / 100ml')
('https://www.sainsburys.co.uk/shop/gb/groceries/product/details/fresh-eggs/sainsburys-free-range-woodland-mixed-sizes-eggs--so-organic-x12', "Sainsbury's Woodland Free Range Mixed Weight Eggs, SO Organic x12", '£3.50', '29p / ea')
('https://www.sainsburys.co.uk/shop/gb/groceries/product/details/fresh-eggs/northumberland-free-range-eggs-x6-medium', 'Northumberland Medium Free Range Eggs x6', '£1.85', '31p / ea')
('https://www.sainsburys.co.uk/shop/gb/groceries/product/details/fresh-eggs/sainsburys-free-range-woodland-medium-eggs-x12', "Sainsbury's Woodland Free Range Medium Eggs x12", '£1.70', '14p / ea')
('https://www.sainsburys.co.uk/shop/gb/groceries/product/details/fresh-eggs/sainsburys-free-range-large-eggs-x12', "Sainsbury's Woodland Free Range Large Eggs x12", '£2.05', '17p / ea')
('https://www.sainsburys.co.uk/shop/gb/groceries/product/details/fresh-eggs/sainsburys-free-range-woodland-large-eggs--so-organic-x6', "Sainsbury's Woodland Free Range Large Eggs, SO Organic x6", '£2.15', '36p / ea')
('https://www.sainsburys.co.uk/shop/gb/groceries/product/details/fresh-eggs/sainsburys-free-range-woodland-large-eggs-x6', "Sainsbury's Woodland Free Range Large Eggs x6", '£1.10', '18p / ea')
('https://www.sainsburys.co.uk/shop/gb/groceries/product/details/fresh-eggs/hoads-farm-medium-sussex-eggs-x6', 'Hoads Farm Medium Sussex Eggs x6', '£1.80', '30p / ea')
('https://www.sainsburys.co.uk/shop/gb/groceries/product/details/fresh-eggs/yorkshire-large-free-range-eggs-x6', 'Yorkshire Free Range Large Eggs x6', '£1.95', '33p / ea')
('https://www.sainsburys.co.uk/shop/gb/groceries/product/details/fresh-eggs/mixed-weight-free-range-eggs-x6', 'Mixed Weight Free Range Eggs x6', '£1.10', '18p / ea')
('https://www.sainsburys.co.uk/shop/gb/groceries/product/details/fresh-eggs/sainsburys-northern-ireland-free-range-woodland-medium-eggs-x12', "Sainsbury's Woodland Northern Ireland Free Range Medium Eggs x12", '£1.70', '14p / ea')
('https://www.sainsburys.co.uk/shop/gb/groceries/product/details/fresh-eggs/happy-egg-large-free-range-eggs-x10', 'Happy Egg Large Free Range Eggs x10', '£2.75', '28p / ea')
('https://www.sainsburys.co.uk/shop/gb/groceries/product/details/fresh-eggs/ellis-free-range-large-eggs-x-6', 'Ellis Free Range Large Eggs x6', '£2.00', '33p / ea')
('https://www.sainsburys.co.uk/shop/gb/groceries/product/details/fresh-eggs/the-good-egg-free-range-eggs-with-omega-3-x6', 'The Good Egg Free Range Eggs With Omega 3 x6', '£1.95', '33p / ea')
('https://www.sainsburys.co.uk/shop/gb/groceries/product/details/fresh-eggs/sainsburys-free-range-woodland-medium-eggs--so-organic-x6', "Sainsbury's Woodland Free Range Medium Eggs, SO Organic x6", '£1.80', '30p / ea')
('https://www.sainsburys.co.uk/shop/gb/groceries/product/details/fresh-eggs/range-farm-large-free-hen-eggs-x10', 'Range Farm Large Free Hen Eggs x10', '£1.90', '19p / ea')
('https://www.sainsburys.co.uk/shop/gb/groceries/product/details/fresh-eggs/the-lakes-free-range-eggs-large-x6', 'The Lakes Laid with Love Free Range Eggs Large x6', '£1.20', '20p / ea')
('https://www.sainsburys.co.uk/shop/gb/groceries/product/details/fresh-eggs/yorkshire-large-free-range-eggs-x12', 'Yorkshire Free Range Large Eggs x12', '£3.15', '26p / ea')
('https://www.sainsburys.co.uk/shop/gb/groceries/product/details/fresh-eggs/ellis-free-range-medium-eggs-x-6', 'Ellis Free Range Medium Eggs x6', '£1.80', '30p / ea')
('https://www.sainsburys.co.uk/shop/gb/groceries/product/details/all-yogurt/activia-bio-yogurt-strawberry-4x125g', 'Activia Strawberry Yogurt 4x120g', '£1.00', '21p / 100g')
('https://www.sainsburys.co.uk/shop/gb/groceries/product/details/all-yogurt/muller-corner-chocolate-digestive-and-strawberry-shortcake-yogurts-6x130g-7553579-p', 'Muller Corner Chocolate Digestive and Strawberry Shortcake Yogurts 6x130g', '£3.00', '38p / 100g')
('https://www.sainsburys.co.uk/shop/gb/groceries/product/details/all-yogurt/muller-corner-vanilla-yogurt-with-chocolate-digestive-biscuits-130g-7553428-p', 'Muller Corner Vanilla Yogurt with Chocolate Digestive Biscuits 130g', '35p', '27p / 100g')
('https://www.sainsburys.co.uk/shop/gb/groceries/product/details/all-yogurt/stapleton-fig---date-yogurt-400g', 'Stapleton Fig & Date Yogurt 400g', '£1.25', '31p / 100g')
('https://www.sainsburys.co.uk/shop/gb/groceries/product/details/all-yogurt/alpro-blueberry-cherry-yogurt-alternative-4x125g', 'Alpro Blueberry & Cherry Yoghurt Alternative x4 125g', '£1.90', '38p / 100g')
('https://www.sainsburys.co.uk/shop/gb/groceries/product/details/all-yogurt/onken-fat-free-strawberry-yogurt-450g', 'Onken Fat Free Strawberry Yogurt 450g', '£1.75', '39p / 100g')
('https://www.sainsburys.co.uk/shop/gb/groceries/product/details/all-yogurt/petits-filous-fromage-frais-18x50g', 'Petits Filous Strawberry Raspberry & Apricot Fromage Frais 18x47g', '£3.00', '35p / 100g')
('https://www.sainsburys.co.uk/shop/gb/groceries/product/details/all-yogurt/muller-light-vanilla---chocolate-165g', 'Müller Light Fat Free Vanilla Yogurt with Chocolate Sprinkles 160g', '50p', '31p / 100g')
('https://www.sainsburys.co.uk/shop/gb/groceries/product/details/all-yogurt/cadbury-twin-pot-limited-edition-90g', 'Cadbury Limited Edition Chocolate Dessert 85g', '47p', '55p / 100g')
('https://www.sainsburys.co.uk/shop/gb/groceries/product/details/all-yogurt/longley-farm-hazlenut-yogurt-150g', 'Longley Farm Hazlenut Yogurt 150g', '50p', '33p / 100g')
('https://www.sainsburys.co.uk/shop/gb/groceries/product/details/all-yogurt/longley-farm-vanilla-yogurt-150g', 'Longley Farm Vanilla Yogurt 150g', '50p', '33p / 100g')
('https://www.sainsburys.co.uk/shop/gb/groceries/product/details/all-yogurt/stapleton-gooseberry-yogurt-150g', 'Stapleton Gooseberry Yogurt 150g', '75p', '50p / 100g')
('https://www.sainsburys.co.uk/shop/gb/groceries/product/details/all-yogurt/rowan-glen-low-fat-strawberry-yogurt-4x125g', 'Rowan Glen Low Fat Strawberry Yogurt 4x125g', '£1.00', '20p / 100g')
('https://www.sainsburys.co.uk/shop/gb/groceries/product/details/all-yogurt/rachels-organic-traditional-divine-rice-puddings-2x150g', "Rachel's Organic Divine Rice Puddings 2x150g", '£1.60', '53p / 100g')
('https://www.sainsburys.co.uk/shop/gb/groceries/product/details/all-yogurt/sainsburys-natural-greek-style-yogurt--be-good-to-yourself-500g', "Sainsbury's Greek Style Low Fat Natural Yogurt 500g", '85p', '17p / 100g')
('https://www.sainsburys.co.uk/shop/gb/groceries/product/details/all-yogurt/munch-bunch-from-frais-family-pack-18x-42g', 'Munch Bunch from Frais Family Pack 18x 42g', '£2.49', '33p / 100g')
('https://www.sainsburys.co.uk/shop/gb/groceries/product/details/all-yogurt/woodlands-park-sheeps-milk-yogurt-450g', "Woodlands Sheep's Milk Yogurt 450g", '£2.60', '58p / 100g')
('https://www.sainsburys.co.uk/shop/gb/groceries/product/details/all-yogurt/benecol-spread--light-500g', 'Benecol Light Spread 500g', '£3.00', '£6.00 / kg')
('https://www.sainsburys.co.uk/shop/gb/groceries/product/details/all-yogurt/spelga-low-fat-assorted-fruit-yogurt-4x125g', 'Spelga Low Fat Assorted Fruit Yogurt 4x125g', '£1.00', '20p / 100g')
('https://www.sainsburys.co.uk/shop/gb/groceries/product/details/all-yogurt/spelga-strawberry-yogurt-4x125g', 'Spelga Strawberry Yogurt 4x125g', '£1.00', '20p / 100g')
('https://www.sainsburys.co.uk/shop/gb/groceries/product/details/new-355373-44/prosecco-celebration-truffles-gift-set', 'Prosecco Celebration & Truffles Gift Set', '£5.00', '£5.00 / ea')
('https://www.sainsburys.co.uk/shop/gb/groceries/product/details/new-355373-44/good-earth-elderflower-pear-biodegradable-teabags-x15', 'Good Earth Elderflower & Pear Biodegradable Teabags x15', '£2.75', '£7.05 / 100g')
('https://www.sainsburys.co.uk/shop/gb/groceries/product/details/new-355373-44/phizz-multivitamin-hydration-apple-blackcurrant-tablets-x20', 'Phizz Multivitamin Hydration Apple & Blackcurrant Tablets x20', '£5.00', '£5.00 / ea')
('https://www.sainsburys.co.uk/shop/gb/groceries/product/details/new-355373-44/mighty-pea-protein-oat-milk-alternative-1l', 'Mighty Pea Protein Oat Milk Alternative 1L', '£2.00', '£2.00 / ltr')
('https://www.sainsburys.co.uk/shop/gb/groceries/product/details/new-355373-44/bare-fruit-snacks-banana-chips-24g', 'Bare Fruit Snacks Banana Chips 24g', '£1.40', '£5.83 / 100g')
('https://www.sainsburys.co.uk/shop/gb/groceries/product/details/new-355373-44/lindt-easter-selection-gold-bunny-lindor-truffles-tin-330g', 'Lindt Easter Selection Gold Bunny & Lindor Truffles Tin 330g', '£10.00', '£3.03 / 100g')
('https://www.sainsburys.co.uk/shop/gb/groceries/product/details/new-355373-44/don-simon-lemon-raspbery-juice-drink-15l', 'Don Simon Lemon & Raspbery Juice Drink 1.5L', '£1.00', '7p / 100ml')
('https://www.sainsburys.co.uk/shop/gb/groceries/product/details/new-355373-44/don-simon-lemon-strawberry-juice-drink-15l', 'Don Simon Lemon & Strawberry Juice Drink 1.5L', '£1.00', '7p / 100ml')
('https://www.sainsburys.co.uk/shop/gb/groceries/product/details/new-355373-44/spirit-precious-ponies-blind-bag-assortment', 'Spirit Precious Ponies Blind Bag Assortment', '£3.00', '£3.00 / ea')
('https://www.sainsburys.co.uk/shop/gb/groceries/product/details/new-355373-44/flawsome!-orange-cold-pressed-juice-750ml', 'Flawsome! Orange Cold Pressed Juice 750ml', '£2.50', '33p / 100ml')
('https://www.sainsburys.co.uk/shop/gb/groceries/product/details/new-355373-44/walkers-quavers-salt-vinegar-multipack-snacks-x6-16g', 'Walkers Quavers Salt & Vinegar Multipack Snacks x6 16g', '£1.70', '£1.77 / 100g')
('https://www.sainsburys.co.uk/shop/gb/groceries/product/details/new-355373-44/sainsburys-british-silverside-diced-beef-taste-the-difference-500g', "Sainsbury's British Silverside Diced Beef, Taste the Difference 500g", '£5.00', '£10.00 / kg')
('https://www.sainsburys.co.uk/shop/gb/groceries/product/details/new-355373-44/vitl-vitamin-d3-immune-system-capsules-x60', 'Vitl Vitamin D3 Immune System Capsules x60', '£8.00', '27p / tblt')
('https://www.sainsburys.co.uk/shop/gb/groceries/product/details/new-355373-44/oatly-vanilla-custard-250ml', 'Oatly Vanilla Custard 250ml', '£1.20', '£4.80 / ltr')
('https://www.sainsburys.co.uk/shop/gb/groceries/product/details/new-355373-44/topo-chico-hard-seltzer-cherry-acai-4x330ml', 'Topo Chico Hard Seltzer Cherry Acai 4x330ml', '£7.00', '£5.30 / ltr')
('https://www.sainsburys.co.uk/shop/gb/groceries/product/details/new-355373-44/gordons-white-peach-distilled-gin-70cl', "Gordon's White Peach Distilled Gin 70cl", '£14.00', '£20.00 / ltr')
('https://www.sainsburys.co.uk/shop/gb/groceries/product/details/new-355373-44/haliborange-happy-tummies-immune-support-stawberry-softies-x30', 'Haliborange Happy Tummies Immune Support Stawberry Softies x30', '£4.00', '£4.00 / ea')
('https://www.sainsburys.co.uk/shop/gb/groceries/product/details/new-355373-44/no1-living-s-free-ginger-kombucha-750ml', 'No. 1 Living Kombucha Ginger with Turmeric 750ml', '£3.25', '43p / 100ml')
('https://www.sainsburys.co.uk/shop/gb/groceries/product/details/new-355373-44/napolina-macaroni-500g', 'Napolina Macaroni 500g', '£1.30', '26p / 100g')
('https://www.sainsburys.co.uk/shop/gb/groceries/product/details/new-355373-44/sainsburys-manuka-runny-honey-227g', "Sainsbury's Manuka Runny Honey 227g", '£5.00', '£2.20 / 100g')
('https://www.sainsburys.co.uk/shop/gb/groceries/product/details/new-355373-44/wilkinson-sword-hydro-5-skin-protection-mens-razor-with-9-blades-regular', "Wilkinson Sword Hydro 5 Skin Protection Men's Razor with 9 Blades Regular", '£24.00', '£24.00 / ea')
('https://www.sainsburys.co.uk/shop/gb/groceries/product/details/new-355373-44/nivea-double-effect-anti-perspirant-deodorant-spray-250ml', 'Nivea Double Effect Anti-perspirant Deodorant Spray 250ml', '£1.60', '64p / 100ml')
('https://www.sainsburys.co.uk/shop/gb/groceries/product/details/new-355373-44/louis-bouillot-brut-75cl', 'Louis Bouillot Crémant de Bourgogne Brut 75cl', '£14.00', '£14.00 / 75cl')
('https://www.sainsburys.co.uk/shop/gb/groceries/product/details/new-355373-44/fridge-raiders-caribbean-jerk-chicken-bites-limited-edition-90g', 'Fridge Raiders Katsu Chicken Snack Bites, Limited Edition 90g', '£1.60', '£1.78 / 100g')
('https://www.sainsburys.co.uk/shop/gb/groceries/product/details/new-355373-44/light-up-pen', 'Light Up Pen', '£6.00', '£6.00 / ea')
('https://www.sainsburys.co.uk/shop/gb/groceries/product/details/new-355373-44/maybelline-tattoo-brow-pencil-soft-brown-03', 'Maybelline Tattoo Brow Pencil Soft Brown 03', '£8.00', '£8.00 / ea')
('https://www.sainsburys.co.uk/shop/gb/groceries/product/details/new-355373-44/maybelline-plumping-hydrating-lip-lifter-gloss-006-reef', 'Maybelline Plumping Hydrating Lip Lifter Gloss 006 Reef', '£9.00', '£9.00 / ea')
('https://www.sainsburys.co.uk/shop/gb/groceries/product/details/new-355373-44/maybelline-super-stay-active-wear-30hr-liquid-foundation-48-sun-beige', 'Maybelline Super Stay Active Wear 30Hr Liquid Foundation 48 Sun Beige', '£8.00', '£8.00 / ea')
('https://www.sainsburys.co.uk/shop/gb/groceries/product/details/new-355373-44/maybelline-super-stay-active-wear-30hr-liquid-foundation-02-naked-ivory', 'Maybelline Super Stay Active Wear 30Hr Liquid Foundation 02 Naked Ivory', '£8.00', '£8.00 / ea')
('https://www.sainsburys.co.uk/shop/gb/groceries/product/details/new-355373-44/maybelline-super-stay-active-wear-30hr-liquid-foundation-32-golden', 'Maybelline Super Stay Active Wear 30Hr Liquid Foundation 32 Golden', '£8.00', '£8.00 / ea')
('https://www.sainsburys.co.uk/shop/gb/groceries/product/details/new-355373-44/colgate-whitening-medium-manual-toothbrush-starter-kit', 'Colgate Link Whitening Medium Replaceable Head Manual Toothbrush Starter Kit', '£18.00', '£18.00 / ea')
('https://www.sainsburys.co.uk/shop/gb/groceries/product/details/new-355373-44/venus-deluxe-smooth-sensitive-razor-blades-x3', 'Venus Deluxe Smooth Sensitive Razor Blades x3', '£12.00', '£4.00 / bld')
('https://www.sainsburys.co.uk/shop/gb/groceries/product/details/new-355373-44/venus-comfortglide-coconut-plus-olay-razor-with-blade', 'Venus Comfortglide Coconut plus Olay Razor with Blade', '£6.50', '£6.50 / bld')
('https://www.sainsburys.co.uk/shop/gb/groceries/product/details/new-355373-44/yeo-valley-organic-fruit-compote-apple-berry-220g', 'Yeo Valley Organic Fruit Compote Apple & Berry 220g', '£1.75', '80p / 100g')
('https://www.sainsburys.co.uk/shop/gb/groceries/product/details/new-355373-44/glade-sense-spray-refill-tropical-blossoms-air-freshener-18ml', 'Glade Sense & Spray Refill Tropical Blossoms Air Freshener 18ml', '£4.00', '£4.00 / ea')
('https://www.sainsburys.co.uk/shop/gb/groceries/product/details/new-355373-44/glade-automatic-spray-refill-tropical-blossoms-air-freshener-269ml', 'Glade Automatic Spray Refill Tropical Blossoms Air Freshener 269ml', '£2.50', '£9.29 / ltr')
('https://www.sainsburys.co.uk/shop/gb/groceries/product/details/new-355373-44/air-wick-air-freshener-room-spray-rainy-eucalyptus-freesia', 'Air Wick Odour Neutralising Air Freshener Spray Eucalyptus Scent', '£2.50', '£2.50 / ea')
('https://www.sainsburys.co.uk/shop/gb/groceries/product/details/new-355373-44/freaks-of-nature-dairy-gluten-free-chocolate-fudge-pudding-x2-115g', 'Freaks of Nature Dairy & Gluten Free Chocolate Fudge Pudding x2 115g', '£2.95', '£1.28 / 100g')
('https://www.sainsburys.co.uk/shop/gb/groceries/product/details/new-355373-44/galaxy-fusions-dark-chocolate-70-cocoa-bar-100g', 'Galaxy Fusions Dark Chocolate 70% Cocoa Bar 100g', '£2.00', '£2.00 / 100g')
('https://www.sainsburys.co.uk/shop/gb/groceries/product/details/boxedchocolates/bendicks-bittermints-200g', 'Bendicks Bittermints 200g', '£4.00', '£2.00 / 100g')
('https://www.sainsburys.co.uk/shop/gb/groceries/product/details/boxedchocolates/terrys-plain-chocolate-orange-175g', "Terry's Chocolate Orange Dark Ball 157g", '£1.95', '£1.24 / 100g')
('https://www.sainsburys.co.uk/shop/gb/groceries/product/details/boxedchocolates/toffifee-x12-100g', 'Toffifee x12 100g', '£1.00', '£1.00 / 100g')
('https://www.sainsburys.co.uk/shop/gb/groceries/product/details/boxedchocolates/lindt-nuxor-milk-165g', 'Lindt Nuxor with Milk Chocolate 165g', '£5.00', '£3.03 / 100g')
('https://www.sainsburys.co.uk/shop/gb/groceries/product/details/boxedchocolates/ferrero-collection-box-of-chocolate-24-pieces-269g', 'Ferrero Collection Box of Chocolate 24 Pieces 269g', '£6.50', '£2.42 / 100g')
('https://www.sainsburys.co.uk/shop/gb/groceries/product/details/boxedchocolates/green---blacks-organic-tasting-collection--fairtrade-395g', "Green & Black's Organic Tasting Collection 395g", '£10.00', '£2.53 / 100g')
('https://www.sainsburys.co.uk/shop/gb/groceries/product/details/boxedchocolates/lindt-swiss-luxury-selection-215g', 'Lindt Swiss Luxury Selection Chocolate Box 195g', '£6.00', '£3.08 / 100g')
('https://www.sainsburys.co.uk/shop/gb/groceries/product/details/boxedchocolates/lindt-lindor-milk-chocolate-337g', 'Lindt Lindor Milk Chocolate Truffles Box 337g', '£6.00', '£1.78 / 100g')
('https://www.sainsburys.co.uk/shop/gb/groceries/product/details/boxedchocolates/terrys-milk-chocolate-orange-175g', "Terry's Chocolate Orange Milk Ball 157g", '£1.95', '£1.24 / 100g')
('https://www.sainsburys.co.uk/shop/gb/groceries/product/details/boxedchocolates/cocoa-co-teardrop-box-220g', 'Cocoa & Co. The Ultimate Favourites Chocolate Collection 220g', '£8.00', '£3.64 / 100g')
('https://www.sainsburys.co.uk/shop/gb/groceries/product/details/boxedchocolates/monty-bojangles-choccy-trinket-135g', 'Monty Bojangles Choccy Scoffy 135g', '£3.00', '£2.22 / 100g')
('https://www.sainsburys.co.uk/shop/gb/groceries/product/details/boxedchocolates/godiva-masterpieces-caramel-lion-with-belgian-milk-chocolate-193g', 'Godiva Masterpieces Caramel Lion with Belgian Milk Chocolate 193g', '£4.00', '£2.07 / 100g')
('https://www.sainsburys.co.uk/shop/gb/groceries/product/details/boxedchocolates/lindt-master-chocolatier-collection-144g', 'Lindt Master Chocolatier Collection 184g', '£7.00', '£3.80 / 100g')
('https://www.sainsburys.co.uk/shop/gb/groceries/product/details/boxedchocolates/black-magic-classic-chocolate-favourites-188g', 'Black Magic Classic Chocolate Favourites Box 174g', '£3.00', '£1.73 / 100g')
('https://www.sainsburys.co.uk/shop/gb/groceries/product/details/boxedchocolates/lindt-lindor-milk-chocolate-200g', 'Lindt Lindor Milk Chocolate Truffles Box 200g', '£4.00', '£2.00 / 100g')
('https://www.sainsburys.co.uk/shop/gb/groceries/product/details/boxedchocolates/raffaello-230g', 'Raffaello Coconut and Almond Pralines Gift Box 230g', '£4.00', '£1.74 / 100g')
('https://www.sainsburys.co.uk/shop/gb/groceries/product/details/boxedchocolates/cocoa-co-caramel-box-130g', 'Cocoa & Co. The Caramel Chocolate Collection 130g', '£6.00', '£4.62 / 100g')
('https://www.sainsburys.co.uk/shop/gb/groceries/product/details/boxedchocolates/lindt-lindor-salted-caramel-200g', 'Lindt Lindor Salted Caramel Chocolate Truffles Box 200g', '£4.00', '£2.00 / 100g')
('https://www.sainsburys.co.uk/shop/gb/groceries/product/details/boxedchocolates/lindt-lindor-mint-chocolate-limited-edition-200g', 'Lindt Lindor Mint Chocolate, Limited Edition 200g', '£4.00', '£2.00 / 100g')
('https://www.sainsburys.co.uk/shop/gb/groceries/product/details/boxedchocolates/cadbury-roses-chocolate-carton-321g', 'Cadbury Roses Chocolate Carton 290g', '£2.00', '69p / 100g')
('https://www.sainsburys.co.uk/shop/gb/groceries/product/details/boxedchocolates/guylian-belgian-seahorses-46g', 'Guylian Belgian Seahorses 42g', '£1.00', '£2.38 / 100g')
('https://www.sainsburys.co.uk/shop/gb/groceries/product/details/boxedchocolates/lindt-lindor-white-200g', 'Lindt Lindor White Chocolate Truffles Box 200g', '£4.00', '£2.00 / 100g')
('https://www.sainsburys.co.uk/shop/gb/groceries/product/details/boxedchocolates/cadbury-chocolate-milk-tray-360g', 'Cadbury Milk Tray Chocolate Box 360g', '£6.00', '£1.67 / 100g')
('https://www.sainsburys.co.uk/shop/gb/groceries/product/details/boxedchocolates/thorntons-milk-dark-white-classic-collection-chocolate-box-449g', 'Thorntons Milk, Dark, White Classic Collection Chocolate Box 449g', '£7.00', '£1.56 / 100g')
('https://www.sainsburys.co.uk/shop/gb/groceries/product/details/boxedchocolates/maltesers-chocolate-truffles-medium-gift-box-200g', 'Maltesers Truffles Chocolate Gift Box 200g', '£3.50', '£1.75 / 100g')
('https://www.sainsburys.co.uk/shop/gb/groceries/product/details/boxedchocolates/godiva-the-belgian-1926-chocolate-selection-box-215g', 'Godiva The Belgian 1926 Chocolate Selection Box 215g', '£7.00', '£3.26 / 100g')
('https://www.sainsburys.co.uk/shop/gb/groceries/product/details/boxedchocolates/quality-street-chocole--toffee-and-cremes-box-265g-7781909-p', 'Quality Street Assorted Chocolate Box 240g', '£2.00', '83p / 100g')
('https://www.sainsburys.co.uk/shop/gb/groceries/product/details/boxedchocolates/green---blacks-miniature-collection-180g', "Green & Black's Organic Classic Miniature Chocolate Bar Collection 12x15g", '£4.50', '£2.50 / 100g')
('https://www.sainsburys.co.uk/shop/gb/groceries/product/details/boxedchocolates/lindt-lindor-chocolate--assorted-200g', 'Lindt Lindor Assorted Chocolate Truffles Box 200g', '£4.00', '£2.00 / 100g')
('https://www.sainsburys.co.uk/shop/gb/groceries/product/details/easterlunch/fentimans-pink-ginger-750ml', 'Fentimans Pink Ginger 750ml', '£2.95', '39p / 100ml')
('https://www.sainsburys.co.uk/shop/gb/groceries/product/details/easterlunch/cadburys-easter-cake-selection-x12', 'Cadbury Easter Cake Selection Box Cakes x12', '£4.00', '33p / ea')
('https://www.sainsburys.co.uk/shop/gb/groceries/product/details/easterlunch/fentimans-botanically-brewed-natural-rose-lemonade-750ml', 'Fentimans Botanically Brewed Natural Rose Lemonade 750ml', '£2.95', '39p / 100ml')
('https://www.sainsburys.co.uk/shop/gb/groceries/product/details/easterlunch/merchants-heart-hibiscus-tonic-water-200ml', "Merchant's Heart Hibiscus Tonic Water 200ml", '£1.00', '50p / 100ml')
('https://www.sainsburys.co.uk/shop/gb/groceries/product/details/easterlunch/sainsburys-maris-piper-roast-potatoes--taste-the-difference-1kg', "Sainsbury's Roast Potatoes, Taste the Difference 1kg", '£2.50', '£2.50 / kg')
('https://www.sainsburys.co.uk/shop/gb/groceries/product/details/easterlunch/sainsburys-12-mozzarella-sticks-180g', "Sainsbury's Mozzarella Sticks x12 180g", '£1.80', '£1.00 / 100g')
('https://www.sainsburys.co.uk/shop/gb/groceries/product/details/easterlunch/sainsburys-lincolnshire-mini-sausage-rolls-x40-800g', "Sainsbury's Lincolnshire Mini Sausage Rolls x40 800g", '£2.00', '25p / 100g')
('https://www.sainsburys.co.uk/shop/gb/groceries/product/details/easterlunch/sainsburys-crémant-de-loire-taste-the-difference-75cl', "Sainsbury's Crémant De Loire, Taste the Difference 75cl", '£9.00', '£9.00 / 75cl')
('https://www.sainsburys.co.uk/shop/gb/groceries/product/details/easterlunch/sainsburys-standard-turkey-4-499kg', "Sainsbury's Standard Turkey 4-4.99kg", '£20.50', '£5.13 / kg')
('https://www.sainsburys.co.uk/shop/gb/groceries/product/details/easterlunch/sainsburys-beef-gravy--taste-the-difference-450g', "Sainsbury's Beef & Red Wine Gravy 450g", '£3.15', '70p / 100g')
('https://www.sainsburys.co.uk/shop/gb/groceries/product/details/easterlunch/sainsburys-extra-large-cauliflower-332545-p-44', "Sainsbury's Cauliflower, Extra Large", '£1.80', '£1.80 / ea')
('https://www.sainsburys.co.uk/shop/gb/groceries/product/details/easterlunch/sainsburys-melting-middle-smoked-haddock-with-cheddar---leek-fishcakes--taste-the-difference-x2-290g', "Sainsbury's Fishcakes Melting Middle Smoked Haddock with Cheddar & Leek Taste the Difference x2 290g", '£2.50', '£8.62 / kg')
('https://www.sainsburys.co.uk/shop/gb/groceries/product/details/all-organic-/sainsburys-ready-to-eat-prunes--organic-250g', "Sainsbury's Prunes, SO Organic 250g", '£3.50', '£1.40 / 100g')
('https://www.sainsburys.co.uk/shop/gb/groceries/product/details/all-organic-/sainsburys-so-brazil-nuts--organic-100g', "Sainsbury's Brazil Nuts, SO Organic 100g", '£2.50', '£2.50 / 100g')
('https://www.sainsburys.co.uk/shop/gb/groceries/product/details/all-organic-/sainsburys-mixed-nuts--so-organic-300g', "Sainsbury's Mixed Nuts, SO Organic 300g", '£4.50', '£1.50 / 100g')
('https://www.sainsburys.co.uk/shop/gb/groceries/product/details/all-organic-/sainsburys-cous-cous--organic-500g', "Sainsbury's Cous Cous, SO Organic 500g", '£1.20', '£2.40 / kg')
('https://www.sainsburys.co.uk/shop/gb/groceries/product/details/all-organic-/sainsburys-cashew-nuts--organic-200g', "Sainsbury's Cashew Nuts, SO Organic 200g", '£4.00', '£2.00 / 100g')
('https://www.sainsburys.co.uk/shop/gb/groceries/product/details/all-organic-/dunkertons-org-black-fox-500ml', 'Dunkertons Organic Black Fox Medium Dry Cider 500ml', '£2.10', '£4.20 / ltr')
('https://www.sainsburys.co.uk/shop/gb/groceries/product/details/all-organic-/sainsburys-smoked-salmon-organic-100g', "Sainsbury's Scottish Smoked Salmon, So Organic 100g", '£4.75', '£4.75 / 100g')
('https://www.sainsburys.co.uk/shop/gb/groceries/product/details/all-organic-/plenish-organic-soya-1l', 'Plenish Organic Soya 1L', '£2.00', '£2.00 / ltr')
('https://www.sainsburys.co.uk/shop/gb/groceries/product/details/all-organic-/pico-fairtrade-organic-coconut-milk-chocolate-bar-80g', 'Pico Fairtrade Organic Coconut Milk Chocolate Bar 80g', '£2.95', '£3.69 / 100g')
('https://www.sainsburys.co.uk/shop/gb/groceries/product/details/all-organic-/danone-kids-organic-strawberry-banana-no-added-sugar-yogurt-4x70g', 'Danone Kids Organic Strawberry & Banana No Added Sugar Yogurt Pouches 4x70g', '£1.50', '54p / 100g')
('https://www.sainsburys.co.uk/shop/gb/groceries/product/details/all-organic-/arla-lactofree-organic-semi-skimmed-milk-drink-1-litre', 'Arla Lactofree Organic Semi Skimmed Milk Drink 1 Litre', '£1.65', '£1.65 / ltr')
('https://www.sainsburys.co.uk/shop/gb/groceries/product/details/all-organic-/mini-babybel-5-organic-x-20g', 'Mini Babybel Organic Cheese Snacks 5x20g', '£1.00', '£10.00 / kg')
('https://www.sainsburys.co.uk/shop/gb/groceries/product/details/all-organic-/pastoret-organic-cream-chocolate-100g', 'Pastoret Organic Cream Chocolate 100g', '£1.50', '£1.50 / 100g')
('https://www.sainsburys.co.uk/shop/gb/groceries/product/details/all-organic-/sainsburys-greek-natural-organic-yogurt-450g', "Sainsbury's Greek Style Natural Yogurt, So Organic 450g", '£1.25', '28p / 100g')
('https://www.sainsburys.co.uk/shop/gb/groceries/product/details/all-organic-/little-freddie-organic-simply-pink-lady-apples-stage-1-4m-smooth-70g', 'Little Freddie Organic Simply Pink Lady Apples Stage 1 4m+ Smooth 70g', '£1.00', '£1.43 / 100g')
('https://www.sainsburys.co.uk/shop/gb/groceries/product/details/all-organic-/yeo-valley-family-farm-organic-soured-cream-200g', 'Yeo Valley Organic Soured Cream 200g', '95p', '48p / 100g')
('https://www.sainsburys.co.uk/shop/gb/groceries/product/details/all-organic-/little-freddie-organic-carrot--pumpkin---quinoa-puffs-7-months-20g-7958138-p', 'Little Freddie Organic Carrot, Pumpkin & Quinoa Puffs +7 Months 20g', '85p', '£4.25 / 100g')
('https://www.sainsburys.co.uk/shop/gb/groceries/product/details/all-organic-/little-freddie-organic-coconut---tropical-fruits-100g-7958113-p', 'Little Freddie Organic Coconut & Tropical Fruits 100g', '£1.25', '£1.25 / 100g')
('https://www.sainsburys.co.uk/shop/gb/groceries/product/details/all-organic-/sainsburys-bunched-carrots--so-organic-400g', "Sainsbury's Bunched Carrots, SO Organic 400g", '£1.50', '£3.75 / kg')
('https://www.sainsburys.co.uk/shop/gb/groceries/product/details/all-organic-/sainsburys-beetroot-vacuum-pack--so-organic-250g', "Sainsbury's Beetroot Vacuum Pack, SO Organic 250g", '£1.00', '40p / 100g')
('https://www.sainsburys.co.uk/shop/gb/groceries/product/details/all-organic-/sainsburys-fairtrade-bananas--so-organic-x5', "Sainsbury's Fairtrade Bananas, SO Organic x6", '£1.35', '23p / ea')
('https://www.sainsburys.co.uk/shop/gb/groceries/product/details/all-organic-/yeo-valley-organic-creme-fraiche-200g', 'Yeo Valley Organic Half Fat Creme Fraiche 200g', '£1.10', '55p / 100g')
('https://www.sainsburys.co.uk/shop/gb/groceries/product/details/all-organic-/sainsburys-red-leicester--so-organic-270g', "Sainsbury's Red Leicester Cheese, SO Organic 270g", '£2.50', '£9.26 / kg')
('https://www.sainsburys.co.uk/shop/gb/groceries/product/details/all-organic-/sainsburys-scottish-skimmed-milk-so-organic-113l-2-pint-', "Sainsbury's Scottish Skimmed Milk, SO Organic 1.13L (2 pint)", '£1.05', '92p / ltr')
('https://www.sainsburys.co.uk/shop/gb/groceries/product/details/all-organic-/sainsburys-british-semi-skimmed-milk-so-organic-227l-4-pint-', "Sainsbury's British Semi Skimmed Milk, SO Organic 2.27L (4 pint)", '£1.55', '68p / ltr')
('https://www.sainsburys.co.uk/shop/gb/groceries/product/details/all-organic-/sainsburys-white-bread-so-organic-400g-7559875-p', "Sainsbury's White Bread SO Organic 400g", '95p', '24p / 100g')
('https://www.sainsburys.co.uk/shop/gb/groceries/product/details/all-organic-/st-peters-best-bitter-500ml', "St Peter's Best Bitter 500ml", '£1.25', '£2.50 / ltr')
('https://www.sainsburys.co.uk/shop/gb/groceries/product/details/all-organic-/mestemacher-organic-sunflower-seed-bread', 'Mestemacher Organic Sunflower Seed Bread', '£1.60', '32p / 100g')
('https://www.sainsburys.co.uk/shop/gb/groceries/product/details/all-organic-/sainsburys-tomato-puree-jar--so-organic-312g', "Sainsbury's SO Organic Tomato Puree 312g", '£1.20', '£3.85 / kg')
('https://www.sainsburys.co.uk/shop/gb/groceries/product/details/all-organic-/sainsburys-organic-olive-oil--extra-virgin-500ml', "Sainsbury's Olive Oil, Extra Virgin, SO Organic 500ml", '£3.25', '65p / 100ml')
('https://www.sainsburys.co.uk/shop/gb/groceries/product/details/all-organic-/yeo-valley-organic-fat-free-natural-yogurt-150g', 'Yeo Valley Organic 0% Fat Natural Yogurt 150g', '55p', '37p / 100g')
('https://www.sainsburys.co.uk/shop/gb/groceries/product/details/all-organic-/sainsburys-chick-peas-so-organic-380g', "Sainsbury's Chickpeas, SO Organic 380g (230g*)", '75p', '£3.26 / kg')
('https://www.sainsburys.co.uk/shop/gb/groceries/product/details/all-organic-/sainsburys-so-ready-to-eat-dates--organic-250g', "Sainsbury's Dates, SO Organic 250g", '£2.50', '£1.00 / 100g')
('https://www.sainsburys.co.uk/shop/gb/groceries/product/details/all-organic-/sainsburys-ready-to-eat-figs--so-organic-250g', "Sainsbury's Figs, SO Organic 250g", '£3.00', '£1.20 / 100g')
('https://www.sainsburys.co.uk/shop/gb/groceries/product/details/all-organic-/so-organic-peanut-butter--crunchy-340g', "Sainsbury's Peanut Butter Crunchy, SO Organic 340g", '£1.85', '54p / 100g')
('https://www.sainsburys.co.uk/shop/gb/groceries/product/details/all-organic-/sainsburys-brazil-nuts--organic-200g', "Sainsbury's Brazil Nuts, SO Organic 200g", '£4.50', '£2.25 / 100g')
('https://www.sainsburys.co.uk/shop/gb/groceries/product/details/all-organic-/sainsburys-oat-flakes--organic-750g', "Sainsbury's Porridge Oats, SO Organic 750g", '£1.60', '21p / 100g')
('https://www.sainsburys.co.uk/shop/gb/groceries/product/details/all-organic-/sainsburys-raspberry-conserve--so-organic-340g', "Sainsbury's Raspberry Conserve, SO Organic 340g", '£1.70', '50p / 100g')
('https://www.sainsburys.co.uk/shop/gb/groceries/product/details/all-organic-/rana-org-spinach-ricotta-burrata-250g', 'La Famiglia Rana Organic Spinach, Ricotta & Burrata Whole Wheat Fresh Ravioli 250g', '£2.50', '£10.00 / kg')
('https://www.sainsburys.co.uk/shop/gb/groceries/product/details/organic-dairy-products/sainsburys-greek-natural-organic-yogurt-450g', "Sainsbury's Greek Style Natural Yogurt, So Organic 450g", '£1.25', '28p / 100g')
('https://www.sainsburys.co.uk/shop/gb/groceries/product/details/organic-dairy-products/yeo-valley-family-farm-organic-soured-cream-200g', 'Yeo Valley Organic Soured Cream 200g', '95p', '48p / 100g')
('https://www.sainsburys.co.uk/shop/gb/groceries/product/details/healthier-choice-ready-meals/sainsburys-be-good-to-yourself-smoked-haddock-risotto-380g', "Sainsbury's Be Good to Yourself Smoked Haddock Risotto 380g", '£3.00', '£7.89 / kg')
('https://www.sainsburys.co.uk/shop/gb/groceries/product/details/healthier-choice-ready-meals/bol-sri-lankan-sambar-veg-pot-345g', 'BOL Sri Lankan Sambar Veg Pot 345g', '£2.75', '£7.97 / kg')
('https://www.sainsburys.co.uk/shop/gb/groceries/product/details/healthier-choice-ready-meals/kirstys-malaysian-butternut-squash-curry-400g', "Kirsty's Malaysian Butternut Squash Curry 400g (Serves 1)", '£3.00', '£7.50 / kg')
('https://www.sainsburys.co.uk/shop/gb/groceries/product/details/healthier-choice-ready-meals/sainsburys-tomato---cheese-bake--be-good-to-yourself-400g', "Sainsbury's Tomato & Cheese Bake, Be Good To Yourself 400g (Serves 1)", '£2.00', '£5.00 / kg')
('https://www.sainsburys.co.uk/shop/gb/groceries/product/details/ready-meal-by-cuisine/sainsburys-vegan-thai-green-curry-with-rice-400g', "Sainsbury's Vegan Thai Green Curry With Rice 400g", '£3.00', '£7.50 / kg')
('https://www.sainsburys.co.uk/shop/gb/groceries/product/details/ready-meal-by-cuisine/sainsburys-love-your-veg!-sticky-miso-aubergine-udon-noodles-400g', "Sainsbury's Vegan Sticky Miso Aubergine Udon Noodles 400g", '£3.00', '£7.50 / kg')
('https://www.sainsburys.co.uk/shop/gb/groceries/product/details/indian-ready-meals/sainsburys-onion-bhajia-x4-200g', "Sainsbury's Onion Bhajia x4 200g", '£1.25', '£6.25 / kg')
('https://www.sainsburys.co.uk/shop/gb/groceries/product/details/indian-ready-meals/sainsburys-vegetable-pakoras-x6-180g', "Sainsbury's Vegetable Pakoras x6 180g", '£1.25', '£6.94 / kg')
('https://www.sainsburys.co.uk/shop/gb/groceries/product/details/indian-ready-meals/bol-sri-lankan-sambar-veg-pot-345g', 'BOL Sri Lankan Sambar Veg Pot 345g', '£2.75', '£7.97 / kg')
('https://www.sainsburys.co.uk/shop/gb/groceries/product/details/indian-ready-meals/sainsburys-vegetable-biryani-450g', "Sainsbury's Indian Vegetable Biryani with Basmati Rice 400g (Serves 1)", '£2.30', '£5.75 / kg')
('https://www.sainsburys.co.uk/shop/gb/groceries/product/details/indian-ready-meals/sainsburys-chicken-tikka-biryani-450g', "Sainsbury's Indian Chicken Tikka Biryani with Basmati Rice 400g (Serves 1)", '£2.30', '£5.75 / kg')
('https://www.sainsburys.co.uk/shop/gb/groceries/product/details/indian-ready-meals/sainsburys-chicken-jalfrezi---rice-450g', "Sainsbury's Indian Chicken Jalfrezi with Pilau Rice 400g (Serves 1)", '£2.30', '£5.75 / kg')
('https://www.sainsburys.co.uk/shop/gb/groceries/product/details/indian-ready-meals/sharwoods-mango-chutney-360g', "Sharwood's Mango Chutney 360g", '£1.80', '50p / 100g')
('https://www.sainsburys.co.uk/shop/gb/groceries/product/details/indian-ready-meals/sainsburys-peshwari-naan-160g', "Sainsbury's Indian Peshwari Naan 160g", '80p', '50p / 100g')
('https://www.sainsburys.co.uk/shop/gb/groceries/product/details/indian-ready-meals/sainsburys-indian-channa-masala-300g-serves-2-', "Sainsbury's Indian Channa Masala 300g (Serves 2)", '£2.00', '£6.67 / kg')
('https://www.sainsburys.co.uk/shop/gb/groceries/product/details/indian-ready-meals/sainsburys-indian-chicken-korma-400g-serves-2-', "Sainsbury's Indian Chicken Korma 400g (Serves 2)", '£3.50', '£8.75 / kg')
('https://www.sainsburys.co.uk/shop/gb/groceries/product/details/chinese-and-thai-ready-meals/sainsburys-crispy-chilli-beef-300g', "Sainsbury's Crispy Chilli Beef 300g (Serves 2)", '£3.75', '£12.50 / kg')
('https://www.sainsburys.co.uk/shop/gb/groceries/product/details/chinese-and-thai-ready-meals/sainsburys-singapore-noodles-450g', "Sainsbury's Singapore Noodles 450g (Serves 1)", '£2.75', '£6.88 / kg')
('https://www.sainsburys.co.uk/shop/gb/groceries/product/details/chinese-and-thai-ready-meals/sainsburys-my-goodness!-hoisin-duck-noodles-380g', "Sainsbury's My Goodness! Hoisin Duck Noodles 380g", '£3.00', '£7.89 / kg')
('https://www.sainsburys.co.uk/shop/gb/groceries/product/details/chinese-and-thai-ready-meals/sainsburys-my-goodness-teriyaki-style-chicken-noodles-380g', "Sainsbury's My Goodness! Teriyaki Style Chicken Noodles 380g", '£3.00', '£7.89 / kg')
('https://www.sainsburys.co.uk/shop/gb/groceries/product/details/chinese-and-thai-ready-meals/sainsburys-bang-bang-cauliflower-150g', "Sainsbury's Vegan Bang Bang Cauliflower 150g", '£1.75', '£11.67 / kg')
('https://www.sainsburys.co.uk/shop/gb/groceries/product/details/chinese-and-thai-ready-meals/sainsburys-japanese-style-chicken-with-rice-380g', 'Global Eats Japanese Style Soy Chicken & Rice 380g (Serves 1)', '£3.50', '£9.21 / kg')
('https://www.sainsburys.co.uk/shop/gb/groceries/product/details/chinese-and-thai-ready-meals/leon-sweet-potato-katsu-curry-400g', 'LEON Sweet Potato Katsu Curry 400g', '£4.00', '£10.00 / kg')
('https://www.sainsburys.co.uk/shop/gb/groceries/product/details/chinese-and-thai-ready-meals/leon-brazilian-black-bean-400g', 'LEON Brazilian Black Beans 400g', '£4.00', '£10.00 / kg')
('https://www.sainsburys.co.uk/shop/gb/groceries/product/details/chinese-and-thai-ready-meals/sainsburys-shanghai-beef-noodles-400g', "Sainsbury's Shanghai Beef Noodles 400g", '£3.00', '£7.50 / kg')
('https://www.sainsburys.co.uk/shop/gb/groceries/product/details/chinese-and-thai-ready-meals/wasabi-sushi-bento-thai-green-chicken-curry-with-rice-450g', 'Wasabi Sushi & Bento Thai Green Chicken Curry with Rice 450g', '£4.00', '£8.89 / kg')
('https://www.sainsburys.co.uk/shop/gb/groceries/product/details/chinese-and-thai-ready-meals/maggi-2-minute-chicken-noodles-77g', 'Maggi 2 Minute Chicken Noodles 77g', '30p', '39p / 100g')
('https://www.sainsburys.co.uk/shop/gb/groceries/product/details/chinese-and-thai-ready-meals/sainsburys-good-vietnamese-pork-noodles-360g', "Sainsbury's My Goodness! Vietnamese Pork Noodles 360g (Serves 1)", '£3.00', '£8.33 / kg')
('https://www.sainsburys.co.uk/shop/gb/groceries/product/details/chinese-and-thai-ready-meals/sainsburys-sweet---sour-chicken-with-rice-450g', "Sainsbury's Sweet & Sour Chicken With Rice 400g (Serves 1)", '£2.75', '£6.88 / kg')
('https://www.sainsburys.co.uk/shop/gb/groceries/product/details/chinese-and-thai-ready-meals/sainsburys-crispy-chilli-king-prawns-300g', "Sainsbury's Crispy Chilli King Prawns 300g (Serves 2)", '£3.75', '£12.50 / kg')
('https://www.sainsburys.co.uk/shop/gb/groceries/product/details/chinese-and-thai-ready-meals/sainsburys-my-goodness!-katsu-chicken-curry-380g', "Sainsbury's My Goodness! Katsu Chicken Curry 380g", '£3.00', '£7.89 / kg')
('https://www.sainsburys.co.uk/shop/gb/groceries/product/details/chinese-and-thai-ready-meals/plant-pioneer-s-s-tofu-fried-rice-400g', 'Plant Pioneers Vegan No Chicken Sweet & Sour with Tofu Fried Rice 400g (Serves 1)', '£2.75', '£6.88 / kg')
('https://www.sainsburys.co.uk/shop/gb/groceries/product/details/chinese-and-thai-ready-meals/sainsburys-japanese-fried-chicken-150g', "Sainsbury's Japanese Fried Chicken 150g", '£2.50', '£16.67 / kg')
('https://www.sainsburys.co.uk/shop/gb/groceries/product/details/chinese-and-thai-ready-meals/sainsburys-thai-takeaway-selection-for-2-1233kg', "Sainsbury's Thai Takeaway Selection for 2 1.233kg", '£8.00', '£6.49 / kg')
('https://www.sainsburys.co.uk/shop/gb/groceries/product/details/chinese-and-thai-ready-meals/sainsburys-oriental-snack-selection-x36-720g-7526766-p-44', "Sainsbury's Oriental Snack Selection x36 720g", '£5.50', '£7.61 / kg')
('https://www.sainsburys.co.uk/shop/gb/groceries/product/details/chinese-and-thai-ready-meals/sainsburys-chinese-chicken-curry-350g', "Sainsbury's Chinese Chicken Curry 350g (Serves 2)", '£3.25', '£9.29 / kg')
('https://www.sainsburys.co.uk/shop/gb/groceries/product/details/chinese-and-thai-ready-meals/sainsburys-thai-meal-box-125kg', "Sainsbury's Thai Takeaway Meal Box 1.2kg (Serves 2)", '£10.00', '£8.00 / kg')
('https://www.sainsburys.co.uk/shop/gb/groceries/product/details/chinese-and-thai-ready-meals/sainsburys-crispy-seaweed-50g', "Sainsbury's Crispy Seaweed 50g", '£1.35', '£27.00 / kg')
('https://www.sainsburys.co.uk/shop/gb/groceries/product/details/chinese-and-thai-ready-meals/sainsburys-special-fried-rice-400g', "Sainsbury's Special Fried Rice 400g (Serves 2)", '£2.60', '£6.50 / kg')
('https://www.sainsburys.co.uk/shop/gb/groceries/product/details/new-trending-special-offers/sainsburys-love-your-veg!-roasted-cauliflower-butternut-squash-dhal-350g', "Sainsbury's Love Your Veg! Roasted Cauliflower & Butternut Squash Dhal 350g", '£2.50', '£7.14 / kg')
('https://www.sainsburys.co.uk/shop/gb/groceries/product/details/new-trending-special-offers/feather-down-sweet-dreams-all-purpose-sleep-balm-16g', 'Feather & Down Sweet Dreams All Purpose Sleep Balm 16g', '£4.50', '£4.50 / ea')
('https://www.sainsburys.co.uk/shop/gb/groceries/product/details/new-trending-special-offers/phd-amino-drive-fruit-punch-flavour-300g', 'PhD Amino Drive BCAA Fruit Punch 300g', '£18.00', '£6.00 / 100g')
('https://www.sainsburys.co.uk/shop/gb/groceries/product/details/new-trending-special-offers/strong-roots-oven-baked-sweet-potato-500g', 'Strong Roots Oven Baked Sweet Potato 500g', '£3.00', '£6.00 / kg')
('https://www.sainsburys.co.uk/shop/gb/groceries/product/details/new-trending-special-offers/hippeas-organic-chickpea-puffs-sweet-smokin-78g', 'Hippeas Chickpea Puffs Sweet & Smokin 78g', '£2.00', '£2.56 / 100g')
('https://www.sainsburys.co.uk/shop/gb/groceries/product/details/new-trending-special-offers/hippeas-organic-chickpea-puffs-salt-vinegar-vibes-78g', 'Hippeas Chickpea Puffs Salt & Vinegar Vibes 78g', '£2.00', '£2.56 / 100g')
('https://www.sainsburys.co.uk/shop/gb/groceries/product/details/new-trending-special-offers/beautypro-lifting-3d-clay-mask-with-calamine-18g', 'BeautyPro Pink Clay Sheet Mask 18g', '£6.00', '£6.00 / wipe')
('https://www.sainsburys.co.uk/shop/gb/groceries/product/details/new-trending-special-offers/super-facialist-hyaluronic-acid-firming-daily-brightening-cleanser-150ml', 'Super Facialist Hyaluronic Acid Firming Daily Brightening Cleanser 150ml', '£6.00', '£4.00 / 100ml')
('https://www.sainsburys.co.uk/shop/gb/groceries/product/details/new-trending-special-offers/super-facialist-hyaluronic-acid-firming-lift-smooth-eye-cream-spf15-15ml', 'Super Facialist Hyaluronic Acid Firming Lift & Smooth Eye Cream SPF15 15ml', '£10.00', '£66.67 / 100ml')
('https://www.sainsburys.co.uk/shop/gb/groceries/product/details/new-trending-special-offers/super-facialist-pure-sensitive-skin-recovery-day-cream-75ml', 'Super Facialist Pure Sensitive Skin Recovery Day Cream 75ml', '£10.00', '£13.33 / 100ml')
('https://www.sainsburys.co.uk/shop/gb/groceries/product/details/new-trending-special-offers/dirty-works-bubble-in-paradise-coconut-gift-set', 'Dirty Works Bubble in Paradise Coconut Gift Set', '£4.00', '£4.00 / ea')
('https://www.sainsburys.co.uk/shop/gb/groceries/product/details/new-trending-special-offers/love-beauty-and-planet-volume-bounty-conditioner', 'Love Beauty And Planet Volume & Bounty Conditioner', '£6.00', '£1.50 / 100ml')
('https://www.sainsburys.co.uk/shop/gb/groceries/product/details/new-trending-special-offers/happy-naturals-argan-oil-sweet-orange-mini-collection-3x50ml', 'Happy Naturals Argan Oil & Sweet Orange Mini Collection 3x50ml', '£3.50', '£3.50 / ea')
('https://www.sainsburys.co.uk/shop/gb/groceries/product/details/new-trending-special-offers/happy-naturals-nourishing-hand-cream-argan-oil-sweet-orange-100ml', 'Happy Naturals Nourishing Hand Cream Argan Oil & Sweet Orange 100ml', '£2.50', '£2.50 / 100ml')
('https://www.sainsburys.co.uk/shop/gb/groceries/product/details/new-trending-special-offers/maltesers-chocolate-truffles-medium-gift-box-200g', 'Maltesers Truffles Chocolate Gift Box 200g', '£3.50', '£1.75 / 100g')
('https://www.sainsburys.co.uk/shop/gb/groceries/product/details/new-trending-special-offers/sainsburys-tiger-nuts-100g', "Sainsbury's Tiger Nuts 100g", '£1.25', '£1.25 / 100g')
('https://www.sainsburys.co.uk/shop/gb/groceries/product/details/new-trending-special-offers/sainsburys-mexican-style-chilli-cheddar-cheese-200g', "Sainsbury's Mexican Style Chilli Cheddar Cheese 200g", '£1.50', '£7.50 / kg')
('https://www.sainsburys.co.uk/shop/gb/groceries/product/details/new-trending-special-offers/godiva-masterpieces-milk-chocolate-hazelnut-oyster-30g', 'Godiva Masterpieces Milk Chocolate Hazelnut Oyster 30g', '85p', '£2.83 / 100g')
('https://www.sainsburys.co.uk/shop/gb/groceries/product/details/new-trending-special-offers/staedtler-noris-pencils-x10-with-eraser---sharpener-133453986-p', 'Staedtler Noris Hb 10pk Plus Eraser & Sharpener', '£4.00', '£4.00 / ea')
('https://www.sainsburys.co.uk/shop/gb/groceries/product/details/new-trending-special-offers/amys-kitchen-gluten-free-chinese-noodles-veggies-in-a-cashew-cream-sauce-270g', "Amy's Kitchen Gluten Free Chinese Noodles & Veggies in a Cashew Cream Sauce 270g", '£3.50', '£1.30 / 100g')
('https://www.sainsburys.co.uk/shop/gb/groceries/product/details/new-trending-special-offers/pizza-express-doughballs-x16-190g', 'Pizza Express Dough Balls with Garlic Dip x16', '£1.50', '73p / 100g')
('https://www.sainsburys.co.uk/shop/gb/groceries/product/details/new-trending-special-offers/balance-me-wonder-eye-cream-15ml', 'Balance Me Wonder Eye Cream 15ml', '£13.50', '£90.00 / 100ml')
('https://www.sainsburys.co.uk/shop/gb/groceries/product/details/new-trending-special-offers/super-facialist-rose-cleanser-150ml', 'Super Facialist Rose Hydrate Calming Creamy Cleanser 150ml', '£5.50', '£3.66 / 100ml')
('https://www.sainsburys.co.uk/shop/gb/groceries/product/details/all-gluten-free-food-and-drink/heck-simply-chicken-chipolatas-x10-340g', 'Heck Simply Chicken Chipolatas x10 340g', '£2.50', '£7.35 / kg')
('https://www.sainsburys.co.uk/shop/gb/groceries/product/details/all-gluten-free-food-and-drink/linwoods-milled-organic-flaxseed-200g', 'Linwoods Milled Organic Flaxseed 200g', '£3.00', '£1.50 / 100g')
('https://www.sainsburys.co.uk/shop/gb/groceries/product/details/all-gluten-free-food-and-drink/amys-kitchen-pad-thai-rice-noodles-with-vegetables-tofu-269g', "Amy's Kitchen Pad Thai Rice Noodles with Vegetables & Tofu 269g", '£3.50', '£1.30 / 100g')
('https://www.sainsburys.co.uk/shop/gb/groceries/product/details/all-gluten-free-food-and-drink/sainsburys-gluten-free-carrot-cake-408g', "Sainsbury's Gluten Free Carrot Cake 408g", '£3.00', '86p / 100g')
('https://www.sainsburys.co.uk/shop/gb/groceries/product/details/all-gluten-free-food-and-drink/nakd-blueberry-muffin-fruit---nut-bar-35g-7893316-p', 'Nakd Blueberry Muffin Fruit & Nut Bar 35g', '50p', '£1.43 / 100g')
('https://www.sainsburys.co.uk/shop/gb/groceries/product/details/all-gluten-free-food-and-drink/nairns-gluten-free-flatbread-rosemary---sea-salt-150g', "Nairn's Gluten Free Flatbread Rosemary & Sea Salt 150g", '£1.50', '£1.00 / 100g')
('https://www.sainsburys.co.uk/shop/gb/groceries/product/details/all-gluten-free-food-and-drink/sainsburys-deliciously-free-from-cheddar-style---spring-onion-crispbakes-x2-227g', "Sainsbury's Deliciously Free From Cheddar-Style & Spring Onion Crispbakes x2 227g", '£2.00', '£8.81 / kg')
('https://www.sainsburys.co.uk/shop/gb/groceries/product/details/all-gluten-free-food-and-drink/oxo-original-beef-stock-pots-x4-80g', 'Oxo Original Beef Stock Pots x4 80g', '£1.00', '£1.25 / 100g')
('https://www.sainsburys.co.uk/shop/gb/groceries/product/details/all-gluten-free-food-and-drink/knorr-rich-beef-concentrated-liquid-stock-150ml', 'Knorr Rich Beef Concentrated Liquid Stock 150ml', '£2.00', '£1.33 / 100ml')
('https://www.sainsburys.co.uk/shop/gb/groceries/product/details/all-gluten-free-food-and-drink/califia-farms-cocoa-noir-cold-brew-coffee-with-almond-310ml', 'Califia Farms Mocha Noir Cold Brew Coffee with Almond 310ml', '£1.95', '63p / 100ml')
('https://www.sainsburys.co.uk/shop/gb/groceries/product/details/all-gluten-free-food-and-drink/tyrrells-hand-cooked-english-crisp-aberdeen-angus-furrows-150g', 'Tyrrells Hand-Cooked English Aberdeen Angus Furrows Sharing Crisps 150g', '£1.65', '£1.10 / 100g')
('https://www.sainsburys.co.uk/shop/gb/groceries/product/details/all-gluten-free-food-and-drink/naturya-white-mulberries--organic-130g', 'Naturya Organic White Mulberries 130g', '£5.00', '£3.85 / 100g')
('https://www.sainsburys.co.uk/shop/gb/groceries/product/details/all-gluten-free-food-and-drink/sainsburys-tiger-artisan-bloomer--gluten-free-400g', 'Warburtons Tiger Artisan Bloomer, Gluten Free 400g', '£3.50', '88p / 100g')
('https://www.sainsburys.co.uk/shop/gb/groceries/product/details/mango-exotic-fruit-dates-nuts/sainsburys-large-pineapple', "Sainsbury's Large Pineapple", '£1.50', '£1.50 / ea')
('https://www.sainsburys.co.uk/shop/gb/groceries/product/details/mango-exotic-fruit-dates-nuts/sainsburys-coconut-pieces-100g', "Sainsbury's Coconut Pieces 100g", '£1.00', '£10.00 / kg')
('https://www.sainsburys.co.uk/shop/gb/groceries/product/details/mango-exotic-fruit-dates-nuts/sainsburys-large-pomegranate-x2', "Sainsbury's Large Pomegranate x2", '£2.95', '£1.48 / ea')
('https://www.sainsburys.co.uk/shop/gb/groceries/product/details/special-offers-279819-44/so-kiwi-organic-x4', 'So Kiwi, Organic x4', '£1.00', '25p / ea')
('https://www.sainsburys.co.uk/shop/gb/groceries/product/details/special-offers-279819-44/sainsburys-mango', "Sainsbury's Mango", '70p', '70p / ea')
('https://www.sainsburys.co.uk/shop/gb/groceries/product/details/special-offers-279819-44/capri-sun-no-added-sugar-safari-fruits-8x200ml', 'Capri-Sun No Added Sugar Safari Fruits 8x200ml', '£2.00', '13p / 100ml')
('https://www.sainsburys.co.uk/shop/gb/groceries/product/details/special-offers-279819-44/sainsburys-pears-so-organic-x4', "Sainsbury's Pears, SO Organic x4", '£2.00', '£2.00 / ea')
('https://www.sainsburys.co.uk/shop/gb/groceries/product/details/special-offers-279819-44/sainsburys-grapes-red-or-black-so-organic-400g', "Sainsbury's Grapes (Red or Black), SO Organic 400g", '£2.25', '£5.63 / kg')
('https://www.sainsburys.co.uk/shop/gb/groceries/product/details/special-offers-279819-44/sainsburys-black-seedless-grapes-500g', "Sainsbury's Black Seedless Grapes 500g", '£1.75', '£3.50 / kg')
('https://www.sainsburys.co.uk/shop/gb/groceries/product/details/special-offers-279819-44/floridian-pink-grapefruit', 'Floridian Pink Grapefruit', '55p', '55p / ea')
('https://www.sainsburys.co.uk/shop/gb/groceries/product/details/special-offers-279819-44/sainsburys-unwaxed-lemons--so-organic-x4', "Sainsbury's Lemons Unwaxed, SO Organic x3", '£1.35', '45p / ea')
('https://www.sainsburys.co.uk/shop/gb/groceries/product/details/special-offers-279819-44/sainsburys-grape-bag-80g', "Sainsbury's Grape Bag 80g", '55p', '£6.88 / kg')
('https://www.sainsburys.co.uk/shop/gb/groceries/product/details/special-offers-279819-44/sainsburys-royal-gala-apples-x6', "Sainsbury's Royal Gala Apples x6", '£1.20', '20p / ea')
('https://www.sainsburys.co.uk/shop/gb/groceries/product/details/special-offers-279819-44/sainsburys-easy-peelers-taste-the-difference-600g', "Sainsbury's Easy Peelers, Taste the Difference 600g", '£1.50', '£2.50 / kg')
('https://www.sainsburys.co.uk/shop/gb/groceries/product/details/all-vegetables/sainsburys-sweet-spear-carrots--taste-the-difference-450g', "Sainsbury's Sweet Spear Carrots 450g", '£1.50', '£3.33 / kg')
('https://www.sainsburys.co.uk/shop/gb/groceries/product/details/all-vegetables/sainsburys-cavolo-nero--taste-the-difference-200g', "Sainsbury's Cavolo Nero, Black Kale 200g", '£1.80', '£9.00 / kg')
('https://www.sainsburys.co.uk/shop/gb/groceries/product/details/all-vegetables/sainsburys-parsnips--basics-750g', "Sainsbury's Parsnips, Basics 750g", '70p', '93p / kg')
('https://www.sainsburys.co.uk/shop/gb/groceries/product/details/all-vegetables/sainsburys-maris-piper-potatoes-15kg', "Sainsbury's Maris Piper Potatoes 1.5kg", '£1.10', '73p / kg')
('https://www.sainsburys.co.uk/shop/gb/groceries/product/details/all-vegetables/sainsburys-red-sweet-pointed-pepper--taste-the-difference', "Sainsbury's Red Sweet Pointed Pepper", '65p', '65p / ea')
('https://www.sainsburys.co.uk/shop/gb/groceries/product/details/all-vegetables/sainsburys-avocado--so-organic-x2', 'SO Organic Medium Ripe & Ready Avocados x2', '£2.00', '£1.00 / ea')
('https://www.sainsburys.co.uk/shop/gb/groceries/product/details/all-vegetables/sainsburys-ready-to-roast-mediterranean-style-vegetables-400g', "Sainsbury's Ready To Roast Mediterranean Style Vegetables 400g (Serves 2)", '£1.50', '£3.75 / kg')
('https://www.sainsburys.co.uk/shop/gb/groceries/product/details/all-vegetables/sainsburys-fresh-living-flat-leaf-parsley-pot-240g', "Sainsbury's Fresh Living Flat Leaf Parsley Pot", '£1.25', '£1.25 / ea')
('https://www.sainsburys.co.uk/shop/gb/groceries/product/details/all-vegetables/sainsburys-young-spinach--so-organic-200g', "Sainsbury's Young Spinach, SO Organic 200g", '£1.35', '£6.75 / kg')
('https://www.sainsburys.co.uk/shop/gb/groceries/product/details/all-vegetables/sainsburys-carrot---swede-potato-mash-400g', "Sainsbury's Carrot & Swede Potato Mash 400g", '£1.00', '£2.50 / kg')
('https://www.sainsburys.co.uk/shop/gb/groceries/product/details/all-vegetables/sainsburys-asparagus--fine-125g', "Sainsbury's Asparagus, Fine 125g", '£2.50', '£20.00 / kg')
('https://www.sainsburys.co.uk/shop/gb/groceries/product/details/all-vegetables/sainsburys-beetroot-in-vinegar-300g', "Sainsbury's Beetroot In Vinegar 300g", '£1.00', '33p / 100g')
('https://www.sainsburys.co.uk/shop/gb/groceries/product/details/all-vegetables/sainsburys-chantenay-carrots-500g', "Sainsbury's Chantenay Carrots 500g", '90p', '£1.80 / kg')
('https://www.sainsburys.co.uk/shop/gb/groceries/product/details/all-vegetables/sainsburys-baby-salad-potatoes--so-organic-750g', "Sainsbury's Baby Salad Potatoes, SO Organic 750g", '£1.50', '£2.00 / kg')
('https://www.sainsburys.co.uk/shop/gb/groceries/product/details/all-vegetables/sainsburys-carrots--so-organic-750g', "Sainsbury's Carrots, SO Organic 750g", '£1.25', '£1.67 / kg')
('https://www.sainsburys.co.uk/shop/gb/groceries/product/details/all-vegetables/sainsburys-scotch-bonnet-hot-chilli-30', "Sainsbury's Scotch Bonnet Hot Chilli 30g", '70p', '£2.33 / 100g')
('https://www.sainsburys.co.uk/shop/gb/groceries/product/details/all-vegetables/sainsburys-fresh-sage-20g', "Sainsbury's Fresh Packed Sage 20g", '75p', '38p / 10g')
('https://www.sainsburys.co.uk/shop/gb/groceries/product/details/all-vegetables/sainsburys-bunch-coriander-31g', "Sainsbury's Fresh Packed Bunch Coriander 30g", '75p', '25p / 10g')
('https://www.sainsburys.co.uk/shop/gb/groceries/product/details/all-vegetables/sainsburys-yellow-pepper', "Sainsbury's Yellow Pepper", '45p', '45p / ea')
('https://www.sainsburys.co.uk/shop/gb/groceries/product/details/all-vegetables/loose-new-potatoes-taste-the-difference', "Sainsbury's New Potatoes Loose, Taste the Difference", '£1.30 / kg', '£1.30 / kg')
('https://www.sainsburys.co.uk/shop/gb/groceries/product/details/all-vegetables/sainsburys-root-ginger-loose', "Sainsbury's Root Ginger Loose", '£5.00 / kg', '£5.00 / kg')
('https://www.sainsburys.co.uk/shop/gb/groceries/product/details/all-vegetables/sainsburys-fennel-loose', "Sainsbury's Fennel Loose", '£3.50 / kg', '£3.50 / kg')
('https://www.sainsburys.co.uk/shop/gb/groceries/product/details/all-vegetables/sainsburys-baby-aubergines-200g', "Sainsbury's Baby Aubergines 200g", '£1.60', '£8.00 / kg')
('https://www.sainsburys.co.uk/shop/gb/groceries/product/details/all-vegetables/sainsburys-purple-sprouting-broccoli-spears--taste-the-difference-200g', "Sainsbury's Purple Sprouting Broccoli Spears 200g", '£1.80', '£9.00 / kg')
('https://www.sainsburys.co.uk/shop/gb/groceries/product/details/all-vegetables/sainsburys-green-vegetable-selection-with-mint-butter-260g', "Sainsbury's Green Vegetable Selection With Mint Butter 260g (Serves 2)", '£2.25', '£8.65 / kg')
('https://www.sainsburys.co.uk/shop/gb/groceries/product/details/all-vegetables/mash-direct-mashed-turnip-400g', 'Mash Direct Mashed Turnip 400g', '£1.50', '£3.75 / kg')
('https://www.sainsburys.co.uk/shop/gb/groceries/product/details/all-vegetables/sainsburys-cheddar-mash-potato-450g', "Sainsbury's Cheddar Mashed Potato 400g", '£1.40', '£3.50 / kg')
('https://www.sainsburys.co.uk/shop/gb/groceries/product/details/all-vegetables/sainsburys-garlic', "Sainsbury's Garlic", '25p', '25p / ea')
('https://www.sainsburys.co.uk/shop/gb/groceries/product/details/all-vegetables/the-greengrocers-fine-beans-125g', "The Greengrocer's Fine Beans 125g", '£1.39', '£11.12 / kg')
('https://www.sainsburys.co.uk/shop/gb/groceries/product/details/all-vegetables/the-greengrocers-brussel-sprouts-500g', "The Greengrocer's Brussel Sprouts 500g", '£1.50', '£3.00 / kg')
('https://www.sainsburys.co.uk/shop/gb/groceries/product/details/new-355373-44/sainsburys-3-fat-beef-mince-500g', "Sainsbury's 3% Fat Beef Mince 500g", '£4.50', '£9.00 / kg')
('https://www.sainsburys.co.uk/shop/gb/groceries/product/details/new-355373-44/white-rabbit-the-garlicky-focaccine-x2-270g', 'White Rabbit Plant-Based Garlicky Focaccine x2', '£2.00', '74p / 100g')
('https://www.sainsburys.co.uk/shop/gb/groceries/product/details/new-355373-44/yeo-valley-organic-natural-yogurt-with-nut-butter-corner-130g', 'Yeo Valley Organic Natural Yogurt with Nut Butter Corner 130g', '£1.50', '£1.15 / 100g')
('https://www.sainsburys.co.uk/shop/gb/groceries/product/details/new-355373-44/polly-pocket-flip-n-reveal-assortment', 'Polly Pocket Flip N Reveal Assortment', '£11.00', '£11.00 / ea')
('https://www.sainsburys.co.uk/shop/gb/groceries/product/details/new-355373-44/lol-surprise-hair-20-hairgoals', 'Lol Surprise Hair 2.0 Hairgoals', '£15.00', '£15.00 / ea')
('https://www.sainsburys.co.uk/shop/gb/groceries/product/details/new-355373-44/chelsea-colour-reveal-glitter-series', 'Chelsea Colour Reveal Glitter Series', '£13.00', '£13.00 / ea')
('https://www.sainsburys.co.uk/shop/gb/groceries/product/details/new-355373-44/boxed-keyring-b', 'Boxed Keyring "B"', '£3.50', '£3.50 / ea')
('https://www.sainsburys.co.uk/shop/gb/groceries/product/details/new-355373-44/boxed-keyring-a', 'Boxed Keyring "A"', '£3.50', '£3.50 / ea')
('https://www.sainsburys.co.uk/shop/gb/groceries/product/details/new-355373-44/peony-blush-oil-15ml', 'Peony Blush Oil 15ml', '£3.00', '£3.00 / ea')
('https://www.sainsburys.co.uk/shop/gb/groceries/product/details/new-355373-44/sainsburys-rtb-smoked-salmon-scotch-eggs-taste-the-difference-190g', "Sainsbury's Ready to Bake Smoked Salmon Scotch Eggs, Taste the Difference 190g", '£4.00', '£2.11 / 100g')
('https://www.sainsburys.co.uk/shop/gb/groceries/product/details/new-355373-44/textured-look-print-bedding', 'Textured Look Print Bedset', '£20.00', '£20.00 / ea')
('https://www.sainsburys.co.uk/shop/gb/groceries/product/details/new-355373-44/genuine-thermos-hydration-bottle-710ml-smoke', 'Genuine Thermos Hydration Bottle 710ml Smoke', '£6.66', '£6.66 / ea')
('https://www.sainsburys.co.uk/shop/gb/groceries/product/details/new-355373-44/sainsburys-deliciously-free-from-mini-mallows-chocolate-egg-110g', "Sainsbury's Deliciously Free From Mini Mallows Chocolate Egg 110g", '£4.00', '£3.64 / 100g')
('https://www.sainsburys.co.uk/shop/gb/groceries/product/details/new-355373-44/photographic-bunny-in-hat-money-wallet', 'Photographic Bunny in Hat Money Wallet', '£1.00', '£1.00 / ea')
('https://www.sainsburys.co.uk/shop/gb/groceries/product/details/new-355373-44/walkers-baked-prawn-cocktail-snack-375g', 'Walkers Baked Prawn Cocktail Snack 37.5g', '75p', '£2.00 / 100g')
('https://www.sainsburys.co.uk/shop/gb/groceries/product/details/new-355373-44/sandalwood-blossom-gel-candle', 'Sandalwood Blossom Gel Candle', '£10.00', '£10.00 / ea')
('https://www.sainsburys.co.uk/shop/gb/groceries/product/details/new-355373-44/lime-breeze-tin', 'Lime Breeze Tin', '£4.00', '£4.00 / ea')
('https://www.sainsburys.co.uk/shop/gb/groceries/product/details/new-355373-44/habitat-country-hideaway-faux-floral-ceramic', 'Habitat Country Hideaway Faux Floral Ceramic', '£12.00', '£12.00 / ea')
('https://www.sainsburys.co.uk/shop/gb/groceries/product/details/new-355373-44/habitat-mid-century-faux-floral-succulen', 'Habitat Mid Century Faux Floral Succulen', '£7.00', '£7.00 / ea')
('https://www.sainsburys.co.uk/shop/gb/groceries/product/details/new-355373-44/habitat-eden-large-candle', 'Habitat Eden Large Candle', '£5.00', '£5.00 / ea')
('https://www.sainsburys.co.uk/shop/gb/groceries/product/details/new-355373-44/habitat-country-h-jar-candle', 'Habitat Country H Jar Candle', '£5.00', '£5.00 / ea')
('https://www.sainsburys.co.uk/shop/gb/groceries/product/details/new-355373-44/elegant-rose-large-boxed-candle', 'Elegant Rose Large Boxed Candle', '£9.00', '£9.00 / ea')
('https://www.sainsburys.co.uk/shop/gb/groceries/product/details/new-355373-44/peony-blush-large-boxed-candle', 'Peony Blush Large Boxed Candle', '£9.00', '£9.00 / ea')
('https://www.sainsburys.co.uk/shop/gb/groceries/product/details/new-355373-44/sainsburys-canned-bamboo-shoots-in-water-225g', "Sainsbury's Canned Bamboo Shoots in Water 225g", '£1.10', '49p / 100g')
('https://www.sainsburys.co.uk/shop/gb/groceries/product/details/new-355373-44/sainsburys-canned-sliced-water-chestnuts-225g', "Sainsbury's Canned & Sliced Water Chestnuts 225g", '£1.10', '49p / 100g')
('https://www.sainsburys.co.uk/shop/gb/groceries/product/details/new-355373-44/habitat-mid-century-house-embossed-jug', 'Habitat Mid Century House Embossed Jug', '£12.00', '£12.00 / ea')
('https://www.sainsburys.co.uk/shop/gb/groceries/product/details/new-355373-44/thermocafe-desk-mug-midnight-blue', 'Thermocafe Desk Mug Midnight Blue', '£8.00', '£8.00 / ea')
('https://www.sainsburys.co.uk/shop/gb/groceries/product/details/new-355373-44/thermos-king-food-flask-470ml-gunmetal-grey', 'Thermos King Food Flask 470ml - Gunmetal Grey', '£13.33', '£13.33 / ea')
('https://www.sainsburys.co.uk/shop/gb/groceries/product/details/new-355373-44/habitat-ceramic-tea-infuser-mug', 'Habitat Ceramic Tea Infuser & Mug', '£6.00', '£6.00 / ea')
('https://www.sainsburys.co.uk/shop/gb/groceries/product/details/new-355373-44/plant-pioneers-no-prawn-toast-123g', 'Plant Pioneers No Prawn Toast x4 123g', '£2.25', '£18.29 / kg')
('https://www.sainsburys.co.uk/shop/gb/groceries/product/details/new-355373-44/plant-pioneers-no-prawns-tempura-160g', 'Plant Pioneers No Prawns Tempura 160g', '£3.00', '£18.75 / kg')
('https://www.sainsburys.co.uk/shop/gb/groceries/product/details/new-355373-44/4m-wrap-lwc-license-princesses', '4m Wrap - LWC - License Princesses', '£2.00', '£2.00 / ea')
('https://www.sainsburys.co.uk/shop/gb/groceries/product/details/new-355373-44/bottle-bag-nordic-kraft-trees', 'Bottle Bag - Nordic - Kraft Trees', '£1.00', '£1.00 / ea')
('https://www.sainsburys.co.uk/shop/gb/groceries/product/details/new-355373-44/sainsburys-mushroom-brie-truffle-garland-taste-the-difference-450g', "Sainsbury's Mushroom Brie & Truffle Garland, Taste the Difference 450g", '£6.50', '£1.44 / 100g')
('https://www.sainsburys.co.uk/shop/gb/groceries/product/details/new-355373-44/rnd21-deely-boppers', 'Red Nose Day 2021 Deely Boppers', '£2.00', '£2.00 / ea')
('https://www.sainsburys.co.uk/shop/gb/groceries/product/details/new-355373-44/rnd21-3-in-1-games', 'Red Nose Day 2021 3 in 1 Games', '£2.00', '£2.00 / ea')
('https://www.sainsburys.co.uk/shop/gb/groceries/product/details/new-355373-44/large-bag-winter-hibernation-owl', 'Large Bag - Winter Hibernation - Owl', '£2.50', '£2.50 / ea')
('https://www.sainsburys.co.uk/shop/gb/groceries/product/details/new-355373-44/winter-hibernation-6pk-icicle-decs', 'Winter Hibernation 6pk Icicle Decs', '£4.00', '£4.00 / ea')
('https://www.sainsburys.co.uk/shop/gb/groceries/product/details/new-355373-44/reindeer-string-lights', 'Reindeer String Lights', '£10.00', '£10.00 / ea')
('https://www.sainsburys.co.uk/shop/gb/groceries/product/details/new-355373-44/nordic-light-up-table-top-star', 'Nordic Light Up Table Top Star', '£8.00', '£8.00 / ea')
('https://www.sainsburys.co.uk/shop/gb/groceries/product/details/new-355373-44/grey-in-all-one-bag-box-solution', 'Grey All-In-One Bag And Box Solution', '£12.00', '£12.00 / ea')
('https://www.sainsburys.co.uk/shop/gb/groceries/product/details/new-355373-44/avengers-straw-bottle', 'Team Avengers 520ml PP Sports Bottle', '£5.00', '£5.00 / ea')
('https://www.sainsburys.co.uk/shop/gb/groceries/product/details/new-355373-44/joules-brights-pen-pouch-set', 'Joules Brights Pen & Pouch Set', '£15.00', '£15.00 / ea')
('https://www.sainsburys.co.uk/shop/gb/groceries/product/details/new-355373-44/joules-brights-set-of-2-a5-notebooks', 'Joules Brights Set Of 2 A5 Notebooks', '£9.00', '£9.00 / ea')
('https://www.sainsburys.co.uk/shop/gb/groceries/product/details/new-355373-44/joker-4k-uhd', 'Joker 4K UHD Blu-ray', '£25.00', '£25.00 / ea')
('https://www.sainsburys.co.uk/shop/gb/groceries/product/details/new-355373-44/sainsburys-home-sahara-candle', "Sainsbury's Home Sahara Candle", '£12.00', '£12.00 / ea')
('https://www.sainsburys.co.uk/shop/gb/groceries/product/details/big-night-in/cadbury-dairy-milk-big-taste-oreo-crunch-300g', 'Cadbury Dairy Milk Big Taste Oreo Chocolate Bar 300g', '£3.00', '£1.00 / 100g')
('https://www.sainsburys.co.uk/shop/gb/groceries/product/details/big-night-in/brewdog-punk-india-pale-ale-ipa-4x330ml', 'BrewDog Punk India Pale Ale (IPA) 4x330ml', '£5.00', '£3.79 / ltr')
('https://www.sainsburys.co.uk/shop/gb/groceries/product/details/big-night-in/kellys-cornish-ice-cream-honeycomb-950ml', "Kelly's Cornish Ice Cream Honeycomb Crunch 950ml", '£2.50', '27p / 100ml')
('https://www.sainsburys.co.uk/shop/gb/groceries/product/details/big-night-in/sainsburys-egg-noodles-with-beansprouts-350g', "Sainsbury's Vegetable Chow Mein 350g", '£1.90', '£5.43 / kg')
('https://www.sainsburys.co.uk/shop/gb/groceries/product/details/big-night-in/old-el-paso-squeezy-salsa-238g', 'Old El Paso Squeezy Chunky Salsa 238g', '£1.75', '74p / 100g')
('https://www.sainsburys.co.uk/shop/gb/groceries/product/details/big-night-in/walkers-mix-ups-spicy-snacks-120g', 'Walkers Mix Ups Sharing Spicy Snacks 120g', '£1.00', '83p / 100g')
('https://www.sainsburys.co.uk/shop/gb/groceries/product/details/big-night-in/maybelline-forever-strong-pink-21', 'Maybelline SuperStay 7 Days Gel Nail Polish 21 Pink in Park', '£3.50', '£3.50 / ea')
('https://www.sainsburys.co.uk/shop/gb/groceries/product/details/big-night-in/sainsburys-stonebaked-ham---pineapple-pizza-10', "Sainsbury's Stonebaked Ham & Pineapple Hand Stretched Pizza 295g", '£3.00', '£10.17 / kg')
('https://www.sainsburys.co.uk/shop/gb/groceries/product/details/big-night-in/coors-light-15-x-330ml', 'Coors Light Lager Beer Bottles x15 330ml', '£9.50', '£1.92 / ltr')
('https://www.sainsburys.co.uk/shop/gb/groceries/product/details/big-night-in/sainsburys-finger-nail-clipper', "Sainsbury's Finger Nail Clipper", '£1.50', '£1.50 / ea')
('https://www.sainsburys.co.uk/shop/gb/groceries/product/details/big-night-in/maschio-prosecco-doc-brut-75cl', 'Maschio Prosecco Doc Brut 75cl', '£7.50', '£7.50 / 75cl')
('https://www.sainsburys.co.uk/shop/gb/groceries/product/details/big-night-in/sainsburys-sour-cream---chive-dip-230g', "Sainsbury's Soured Cream & Chive Dip 200g", '£1.00', '50p / 100g')
('https://www.sainsburys.co.uk/shop/gb/groceries/product/details/big-night-in/ben---jerrys-ice-cream-phish-food-500ml', "Ben & Jerry's Ice Cream Phish Food 465ml", '£3.00', '65p / 100ml')
('https://www.sainsburys.co.uk/shop/gb/groceries/product/details/big-night-in/ben---jerrys-ice-cream-cookie-dough-500ml', "Ben & Jerry's Ice Cream Cookie Dough 465ml", '£3.00', '65p / 100ml')
('https://www.sainsburys.co.uk/shop/gb/groceries/product/details/big-night-in/walls-twister-ice-cream-lolly-mini-8x50ml', 'Max Twister Mini Ice Cream Lolly Pineapple, Strawberry & Lemon 8x50ml', '£2.20', '55p / 100ml')
('https://www.sainsburys.co.uk/shop/gb/groceries/product/details/big-night-in/sainsburys-light-soy-sauce-150ml', "Sainsbury's Light Soy Sauce 150ml", '65p', '43p / 100ml')
('https://www.sainsburys.co.uk/shop/gb/groceries/product/details/big-night-in/sharwoods-medium-egg-noodles-375g', "Sharwood's Medium Egg Noodles 340g", '£1.75', '£5.15 / kg')
('https://www.sainsburys.co.uk/shop/gb/groceries/product/details/big-night-in/sacla-pesto--organic-190g', 'Sacla Organic Basil Pesto 190g', '£2.70', '£1.42 / 100g')
('https://www.sainsburys.co.uk/shop/gb/groceries/product/details/big-night-in/sainsburys-spaghetti-500g', "Sainsbury's Spaghetti 500g", '55p', '£1.10 / kg')
('https://www.sainsburys.co.uk/shop/gb/groceries/product/details/big-night-in/sainsburys-fusilli-1kg', "Sainsbury's Fusilli 1kg", '£1.00', '£1.00 / kg')
('https://www.sainsburys.co.uk/shop/gb/groceries/product/details/big-night-in/desperados-tequila-lager-3x330ml', 'Desperados Tequila Lager Beer Bottles 3 x 330ml', '£4.60', '£4.65 / ltr')
('https://www.sainsburys.co.uk/shop/gb/groceries/product/details/big-night-in/sainsburys-thai-green-curry---rice-450g', "Sainsbury's Thai Green Curry & Rice 400g (Serves 1)", '£3.00', '£7.50 / kg')
('https://www.sainsburys.co.uk/shop/gb/groceries/product/details/big-night-in/sainsburys-head-band-black', "Sainsbury's Head Band Black", '£1.00', '£1.00 / ea')
('https://www.sainsburys.co.uk/shop/gb/groceries/product/details/big-night-in/pringles-original-190g', 'Pringles Original Crisps 200g', '£3.00', '£1.50 / 100g')
('https://www.sainsburys.co.uk/shop/gb/groceries/product/details/big-night-in/fosters-10x440ml', "Foster's Lager Beer Cans 10 x 440ml", '£8.00', '£1.82 / ltr')
('https://www.sainsburys.co.uk/shop/gb/groceries/product/details/big-night-in/peroni-nastro-azzuro-12x330ml', 'Peroni Nastro Azzurro Lager 12x330ml', '£12.00', '£3.03 / ltr')
('https://www.sainsburys.co.uk/shop/gb/groceries/product/details/big-night-in/sainsburys-duck-in-plum-sauce-with-egg-fried-rice-450g', "Sainsbury's Duck In Plum Sauce With Egg Fried Rice 400g (Serves 1)", '£3.50', '£8.75 / kg')
('https://www.sainsburys.co.uk/shop/gb/groceries/product/details/big-night-in/nivea-nourishing-moisturer-400ml', 'Nivea Body Lotion for Dry Skin, Rich Nourishing 400ml', '£3.00', '75p / 100ml')
('https://www.sainsburys.co.uk/shop/gb/groceries/product/details/big-night-in/mrs-crimbles-jam-coconut-rings-240g', "Mrs. Crimble's Gluten Free Jam Coconut Rings x6 240g", '£1.50', '63p / 100g')
('https://www.sainsburys.co.uk/shop/gb/groceries/product/details/big-night-in/cadbury-hot-chocolate-instant-28g', 'Cadbury Hot Chocolate Instant 28g', '30p', '£1.07 / 100g')
('https://www.sainsburys.co.uk/shop/gb/groceries/product/details/big-night-in/sainsburys-free-range-egg-custard-tarts-x4', "Sainsbury's Egg Custard Tarts 4x81g", '£1.20', '30p / ea')
('https://www.sainsburys.co.uk/shop/gb/groceries/product/details/big-night-in/ambrosia-rice-pudding--creamed-400g', 'Ambrosia Rice Pudding Can 400g', '75p', '19p / 100g')
('https://www.sainsburys.co.uk/shop/gb/groceries/product/details/big-night-in/angel-delight-strawberry-59g', 'Angel Delight Strawberry Flavour Dessert 59g', '60p', '£1.02 / 100g')
('https://www.sainsburys.co.uk/shop/gb/groceries/product/details/big-night-in/walkers-max-strong-variety-crisps-6x27g', 'Walkers Max Strong Variety Multipack Crisps 6x27g', '£1.25', '77p / 100g')
('https://www.sainsburys.co.uk/shop/gb/groceries/product/details/big-night-in/sainsburys-garlic-parsley-doughballs', "Sainsbury's Garlic & Parsley Doughballs 170g", '£1.50', '£8.82 / kg')
('https://www.sainsburys.co.uk/shop/gb/groceries/product/details/big-night-in/ogx-hydrate-repair-argan-oil-of-morocco-hair-mask-168g', 'Ogx Hydrate & Repair + Argan Oil of Morocco Hair Mask 168g', '£4.70', '£2.80 / 100g')
('https://www.sainsburys.co.uk/shop/gb/groceries/product/details/big-night-in/sainsburys-fully-loaded-cheese-feast-575g', "Sainsbury's Fully Loaded Cheese Feast 575g", '£3.00', '£5.22 / kg')
('https://www.sainsburys.co.uk/shop/gb/groceries/product/details/big-night-in/sainsburys-four-cheese-filled-ravioli-375g', "Sainsbury's Four Cheese Filled Ravioli 375g", '£2.00', '£5.34 / kg')
('https://www.sainsburys.co.uk/shop/gb/groceries/product/details/big-night-in/sainsburys-napoli-salami-artichoke-taste-the-difference-480g', "Sainsbury's Napoli Salami & Artichoke, Taste the Difference 480g", '£4.50', '94p / 100g')
('https://www.sainsburys.co.uk/shop/gb/groceries/product/details/big-night-in/sainsburys-breaded-mushrooms-350g', "Sainsbury's Breaded Mushrooms Takeaway Sides 350g", '£2.50', '£7.14 / kg')
('https://www.sainsburys.co.uk/shop/gb/groceries/product/details/big-night-in/oggs-salted-caramel-vegan-cakes-4-x-46g', 'Oggs Salted Caramel Vegan Cakes 4 x 46g', '£4.25', '£1.06 / ea')
('https://www.sainsburys.co.uk/shop/gb/groceries/product/details/big-night-in/sanctuary-spa-body-scrub-200ml', 'Sanctuary Spa Body Scrub 200ml', '£5.00', '£2.50 / 100ml')
('https://www.sainsburys.co.uk/shop/gb/groceries/product/details/big-night-in/capsicana-the-ultimate-refried-beans-200g', 'Capsicana The Ultimate Refried Beans 200g', '£2.40', '£1.20 / 100g')
('https://www.sainsburys.co.uk/shop/gb/groceries/product/details/big-night-in/sainsburys-vegetable-spring-rolls-x4-240g', "Sainsbury's Vegetable Spring Rolls x4 240g", '£1.50', '£6.25 / kg')
('https://www.sainsburys.co.uk/shop/gb/groceries/product/details/sausages/halls-wee-willie-winkies-sausages-205g', "Hall's Wee Willie Winkie's Mini Skinless Pork Sausages x20 205g", '£1.05', '£5.12 / kg')
('https://www.sainsburys.co.uk/shop/gb/groceries/product/details/sausages/hafners-thin-sausage-x10-250g', 'Hafners Thin Sausage x10, 250g', '£1.50', '£6.00 / kg')
('https://www.sainsburys.co.uk/shop/gb/groceries/product/details/sausages/sainsburys-60-cocktail-sausages', "Sainsbury's British Pork Cocktail Sausages x60 600g", '£3.00', '50p / 100g')
('https://www.sainsburys.co.uk/shop/gb/groceries/product/details/sausages/naked-vegetable-proud-smky-red-pepper-270g', 'Naked Vegetable & Proud Smoky Red Pepper Bangers x6 270g', '£3.00', '£11.11 / kg')
('https://www.sainsburys.co.uk/shop/gb/groceries/product/details/sausages/sokolow-bukowe-sausages-600g', 'Sokołów Best Selection Poultry & Pork Sausages 600g', '£2.15', '36p / 100g')
('https://www.sainsburys.co.uk/shop/gb/groceries/product/details/sausages/tarczynski-ham-hot-dogs-220g', 'Tarczyński Ham Frankfurters 2x110g', '£1.80', '82p / 100g')
('https://www.sainsburys.co.uk/shop/gb/groceries/product/details/sausages/hulls-of-ballymena-platinum-collection-6-premium-pork-sausages-400g', "Hull's of Ballymena Platinum Collection 6 Premium Pork Sausages 400g", '£2.50', '£6.25 / kg')
('https://www.sainsburys.co.uk/shop/gb/groceries/product/details/sausages/porky-whites-surrey-premium-british-pork-chipolatas-x10-360g', 'Porky Whites Surrey Premium British Pork Chipolatas x10 360g', '£3.00', '£8.33 / kg')
('https://www.sainsburys.co.uk/shop/gb/groceries/product/details/sausages/sainsburys--taste-the-difference-6-chorizo-style-pork-sausages-400g', "Sainsbury's Chorizo Style Pork Sausages, Taste the Difference x6 400g", '£2.75', '£6.88 / kg')
('https://www.sainsburys.co.uk/shop/gb/groceries/product/details/sausages/malcolm-allan-mini-breakfast-pack-500g', 'Malcolm Allan Mini Breakfast Pack 500g', '£2.25', '£4.50 / kg')
('https://www.sainsburys.co.uk/shop/gb/groceries/product/details/sausages/speyside-specialities-black-pudding-450g', 'Speyside Specialities Black Pudding 450g', '£2.50', '£5.56 / kg')
('https://www.sainsburys.co.uk/shop/gb/groceries/product/details/sausages/good-little-sasuage-co-12-pork-sausages', 'Good Little Sausage Co Pork Sausages x12', '£3.50', '£10.29 / kg')
('https://www.sainsburys.co.uk/shop/gb/groceries/product/details/sausages/the-jolly-hog-proper-porker-sausages-400g', 'The Jolly Hog Proper Porker Sausages 400g', '£2.50', '£6.25 / kg')
('https://www.sainsburys.co.uk/shop/gb/groceries/product/details/sausages/tahira-chicken-frankfurter-hot---spicy-330g', 'Tahira Chicken Frankfurter Hot & Spicy 330g', '£1.50', '45p / 100g')
('https://www.sainsburys.co.uk/shop/gb/groceries/product/details/sausages/malcolm-allan-breakfast-lorne-700g', 'Malcolm Allan Breakfast Lorne 700g', '£3.30', '£4.71 / kg')
('https://www.sainsburys.co.uk/shop/gb/groceries/product/details/sausages/sainsburys-bacon---sausage-wraps-x12-260g', "Sainsbury's Pork Sausage & Bacon Wraps (Pigs In Blankets), Butchers Choice x12 260g", '£3.00', '£11.54 / kg')
('https://www.sainsburys.co.uk/shop/gb/groceries/product/details/sausages/simon-howie-breakfast-selection-pork-sausages-300g', 'Simon Howie Breakfast Selection Pork Sausages 300g', '£2.00', '£6.67 / kg')
('https://www.sainsburys.co.uk/shop/gb/groceries/product/details/sausages/westaways-honey-roast-sausages-400g', 'Westaways Honey Roast Flavour Pork Sausages x6 400g', '£2.75', '£6.88 / kg')
('https://www.sainsburys.co.uk/shop/gb/groceries/product/details/sausages/speldhurst-6-luxury-traditional-sausages-400g', 'The Famous Speldhurst Luxury Quality Pork Sausages x6 400g', '£2.60', '£6.50 / kg')
('https://www.sainsburys.co.uk/shop/gb/groceries/product/details/sausages/wicks-manor-old-english-sausages-x6-400g', 'Wicks Manor Old English Pork Sausages x6 400g', '£2.65', '£6.63 / kg')
('https://www.sainsburys.co.uk/shop/gb/groceries/product/details/sausages/sainsburys-pork-sausages--so-organic-350g', "Sainsbury's Pork Sausages, SO Organic x6 350g", '£3.00', '£8.57 / kg')
('https://www.sainsburys.co.uk/shop/gb/groceries/product/details/sausages/black-farmer-premium-pork-sausages-400g', 'Black Farmer Premium Pork Sausages, Gluten Free x6 400g', '£3.00', '£7.50 / kg')
('https://www.sainsburys.co.uk/shop/gb/groceries/product/details/sausages/sainsburys-butchers-choice-pork-sausages--large-x8-454g', "Sainsbury's Butcher's Choice Pork Sausages x8 454g", '£1.50', '£3.30 / kg')
('https://www.sainsburys.co.uk/shop/gb/groceries/product/details/sausages/sainsburys-butchers-choice-lincolnshire-pork-sausages-x8-454g', "Sainsbury's Butcher's Choice Lincolnshire Pork Sausages x8 454g", '£1.50', '£3.30 / kg')
('https://www.sainsburys.co.uk/shop/gb/groceries/product/details/sausages/lawsons-skinless-sausages-264g', 'Lawsons Scottish Recipe Skinless Pork Sausages x10 264g', '£1.35', '£5.11 / kg')
('https://www.sainsburys.co.uk/shop/gb/groceries/product/details/sausages/cookstown-pork-sausages-x8-454g', 'Cookstown Thick Pork Sausages x8 454g', '£2.00', '£4.41 / kg')
('https://www.sainsburys.co.uk/shop/gb/groceries/product/details/sausages/denny-sausagemeat-454g', 'Denny Pork Sausagemeat 454g', '£2.00', '£4.41 / kg')
('https://www.sainsburys.co.uk/shop/gb/groceries/product/details/sausages/sainsburys-lincolnshire-pork-sausages--taste-the-difference-x6-400g', "Sainsbury's Lincolnshire Pork Sausages, Taste the Difference x6 400g", '£2.00', '£5.00 / kg')
('https://www.sainsburys.co.uk/shop/gb/groceries/product/details/sausages/the-jolly-hen-british-chicken-sausages-x10-340g', 'The Jolly Hen British Chicken Sausages x10 340g', '£3.00', '£8.82 / kg')
('https://www.sainsburys.co.uk/shop/gb/groceries/product/details/sausages/hafners-jumbo-sausages-x6-300g', 'Hafners Jumbo Sausages x6 300g', '£2.00', '£6.67 / kg')
('https://www.sainsburys.co.uk/shop/gb/groceries/product/details/sausages/hellbent-sausages-360g', 'Hellbent Sausages 360g', '£3.49', '£9.69 / kg')
('https://www.sainsburys.co.uk/shop/gb/groceries/product/details/sausages/spar-pork-sausages-400g', 'SPAR Pork Sausages 400g', '£2.99', '£7.48 / kg')
('https://www.sainsburys.co.uk/shop/gb/groceries/product/details/sausages/richmond-thick-frozen-meat-free-sausages-320g', 'Richmond Thick Frozen Meat Free Vegan Sausages x8 320g', '£2.00', '£6.25 / kg')
('https://www.sainsburys.co.uk/shop/gb/groceries/product/details/sausages/fry-up-for-mini-breakfast-pack-x2-350g', 'Simon Howie The Scottish Butcher Fry Up For Mini Breakfast Pack x2 350g', '£2.50', '£7.14 / kg')
('https://www.sainsburys.co.uk/shop/gb/groceries/product/details/sausages/sainsburys-pork-sausage-be-good-to-yourself-454g', "Sainsbury's Pork Sausage, Be Good To Yourself 454g", '£1.60', '£3.52 / kg')
('https://www.sainsburys.co.uk/shop/gb/groceries/product/details/all-ham--deli-meats---dips/bernard-matthews-turkey-ham-wafer-thin-120g', 'Bernard Matthews Turkey Ham Wafer Thin 120g', '£1.00', '83p / 100g')
('https://www.sainsburys.co.uk/shop/gb/groceries/product/details/all-ham--deli-meats---dips/galtee-old-style-crumbed-ham-slices-x10-180g', 'Galtee Old Style Crumbed Ham Slices x10 180g', '£2.00', '£1.11 / 100g')
('https://www.sainsburys.co.uk/shop/gb/groceries/product/details/all-ham--deli-meats---dips/sainsburys-salmon-pate-100g', "Sainsbury's Salmon Pate 100g", '£1.30', '£1.30 / 100g')
('https://www.sainsburys.co.uk/shop/gb/groceries/product/details/all-ham--deli-meats---dips/ember-lean-salami-slices-50g', 'Ember Lean Salami Slices 50g', '£2.95', '£5.90 / 100g')
('https://www.sainsburys.co.uk/shop/gb/groceries/product/details/all-ham--deli-meats---dips/taste-inc-5-pack-175g', 'Taste Inc. 100% Chargrilled Chicken Fillet Original 5 x 35g 175g', '£2.75', '£1.57 / 100g')
('https://www.sainsburys.co.uk/shop/gb/groceries/product/details/all-ham--deli-meats---dips/peperami-pepd-up-chicken-bites-50g', "Peperami Pep'd Up Chicken Bites 50g", '£1.00', '£2.00 / 100g')
('https://www.sainsburys.co.uk/shop/gb/groceries/product/details/all-ham--deli-meats---dips/henry-denny-sons-slow-cooked-carved-ham-5-slices-90g', 'Henry Denny & Sons Slow Cooked Carved Ham 5 Slices 90g', '£1.20', '£1.33 / 100g')
('https://www.sainsburys.co.uk/shop/gb/groceries/product/details/all-price-lock/bakers-puppy-dry-dog-food-chicken-and-veg-11kg-7912647-p', 'Bakers Puppy Dry Dog Food Chicken and Veg 1.1kg', '£2.75', '£2.50 / kg')
('https://www.sainsburys.co.uk/shop/gb/groceries/product/details/all-price-lock/hipp-organic-rice-pudding-with-apple-pear-7-months-160g', 'Hipp Organic Rice Pudding with Apple & Pear 7+ Months 160g', '70p', '44p / 100g')
('https://www.sainsburys.co.uk/shop/gb/groceries/product/details/all-price-lock/ellas-kitchen-organic-bananas-coconuts-pouch-4-months-120g', "Ella's Kitchen Organic Bananas & Coconuts Pouch 4+ Months 120g", '£1.00', '83p / 100g')
('https://www.sainsburys.co.uk/shop/gb/groceries/product/details/all-price-lock/kelloggs-special-k-bar-milk-chocolate-5x27g', "Kellogg's Special K Bar Milk Chocolate 5x27g", '£1.00', '74p / 100g')
('https://www.sainsburys.co.uk/shop/gb/groceries/product/details/all-price-lock/sainsburys-vodka-50cl', 'Triple Distilled Vodka 50cl', '£9.38', '£18.76 / ltr')
('https://www.sainsburys.co.uk/shop/gb/groceries/product/details/all-price-lock/dove-invisible-care-anti-perspirant-deodorant-aerosol-250ml', 'Dove Invisible Care Anti-perspirant Deodorant Aerosol 250ml', '£1.70', '68p / 100ml')
('https://www.sainsburys.co.uk/shop/gb/groceries/product/details/all-price-lock/verival-organic-orange-acerola-granola-cereal-325g', 'Verival Organic Orange & Acerola Granola Cereal 325g', '£3.00', '92p / 100g')
('https://www.sainsburys.co.uk/shop/gb/groceries/product/details/all-price-lock/kelloggs-coco-pops-cereal-11kg-7901740-p', "Kellogg's Coco Pops Cereal 1.1kg", '£4.00', '36p / 100g')
('https://www.sainsburys.co.uk/shop/gb/groceries/product/details/all-price-lock/kelloggs-rice-krispies-cereal-11kg-7901719-p', "Kellogg's Rice Krispies Cereal 1.1kg", '£4.00', '36p / 100g')
('https://www.sainsburys.co.uk/shop/gb/groceries/product/details/all-price-lock/always-sensitive-size-2-long-plus-sanitary-towels-x12', 'Always Sensitive Long Ultra (Size 2) Sanitary Towels Wings x12', '95p', '8p / ea')
('https://www.sainsburys.co.uk/shop/gb/groceries/product/details/all-price-lock/oracare-baby-extra-soft-toothbrush-0-2-years', 'OraCare+ Baby Extra Soft Toothbrush 0-2 Years', '£1.00', '£1.00 / ea')
('https://www.sainsburys.co.uk/shop/gb/groceries/product/details/all-price-lock/sainsburys-thick-sliced-wholemeal-bread-800g', "Sainsbury's Thick Sliced Wholemeal Bread 800g", '55p', '7p / 100g')
('https://www.sainsburys.co.uk/shop/gb/groceries/product/details/all-price-lock/burgess-excel-gnaw-sticks-90g', 'Burgess Excel Gnaw Sticks 90g', '£2.00', '£22.22 / kg')
('https://www.sainsburys.co.uk/shop/gb/groceries/product/details/all-price-lock/felix-as-good-as-it-looks-doubly-delicious-cat-food-meaty-40-x-100g-7891228-p', 'Felix As Good As It Looks Doubly Delicious Cat Food Meaty 40x100g', '£11.00', '£2.75 / kg')
('https://www.sainsburys.co.uk/shop/gb/groceries/product/details/all-price-lock/golden-wonder-variety-crisps-22x25g', 'Golden Wonder Variety Crisps 22x25g', '£3.00', '60p / 100g')
('https://www.sainsburys.co.uk/shop/gb/groceries/product/details/all-price-lock/burgess-excel-rabbit-nuggets-15kg', 'Burgess Excel Rabbit Nuggets 1.5kg', '£3.50', '£2.33 / kg')
('https://www.sainsburys.co.uk/shop/gb/groceries/product/details/all-price-lock/sainsburys-katsu-curry-sauce-340g', "Sainsbury's Katsu Curry Sauce 340g", '£1.50', '44p / 100g')
('https://www.sainsburys.co.uk/shop/gb/groceries/product/details/all-price-lock/zozole-orange---lemon-75g', 'Zozole Orange & Lemon Sweets 75g', '60p', '80p / 100g')
('https://www.sainsburys.co.uk/shop/gb/groceries/product/details/all-price-lock/zozole-apple-cherry-strawberry-75g', 'Zozole Apple, Cherry & Strawberry Sweets 75g', '60p', '80p / 100g')
('https://www.sainsburys.co.uk/shop/gb/groceries/product/details/all-price-lock/goralki-wafer-chocolate-filling-50g', 'Goralki Wafer Chocolate Filling 50g', '50p', '£1.00 / 100g')
('https://www.sainsburys.co.uk/shop/gb/groceries/product/details/all-price-lock/sainsburys-deliciously-free-from-choco-rice-pops-300g', "Sainsbury's Deliciously Free From Choco Rice Pops 300g", '£1.80', '60p / 100g')
('https://www.sainsburys.co.uk/shop/gb/groceries/product/details/all-price-lock/good-boy-pigs-ears-natural-dog-chews-x4', 'Good Boy Pawsley & Co Pigs Ears Dog Treats 4 Pieces', '£3.00', '75p / ea')
('https://www.sainsburys.co.uk/shop/gb/groceries/product/details/all-price-lock/dolmio-lasagne-tomato-sauce-500g', 'Dolmio Lasagne Sauce Red Tomato 500g', '£1.40', '28p / 100g')
('https://www.sainsburys.co.uk/shop/gb/groceries/product/details/all-price-lock/dolmio-pasta-bake-sauce--tomato---cheese-500g', 'Dolmio Pasta Bake Sauce Tomato & Cheese 500g', '£1.40', '28p / 100g')
('https://www.sainsburys.co.uk/shop/gb/groceries/product/details/all-price-lock/dolmio-bolognese-sauce-with-extra-mushroom-500g', 'Dolmio Bolognese Pasta Sauce Chunky Mushroom 500g', '£1.40', '28p / 100g')
('https://www.sainsburys.co.uk/shop/gb/groceries/product/details/all-price-lock/sainsburys-british-medium-grated-cheddar-500g', "Sainsbury's British Medium Grated Cheddar Cheese 500g", '£3.00', '£6.00 / kg')
('https://www.sainsburys.co.uk/shop/gb/groceries/product/details/all-price-lock/sainsburys-butterlicious-spread-500g', "Sainsbury's Butterlicious Spread 500g", '£1.00', '£2.00 / kg')
('https://www.sainsburys.co.uk/shop/gb/groceries/product/details/all-price-lock/herbal-essences-bee-strong-cond-400ml', 'Herbal Essences Bee Strong Conditioner 400ml', '£2.00', '50p / 100ml')
('https://www.sainsburys.co.uk/shop/gb/groceries/product/details/all-price-lock/tennents-special-4x500ml', "Tennent's Special Ale 4x500ml", '£4.00', '£2.00 / ltr')
('https://www.sainsburys.co.uk/shop/gb/groceries/product/details/all-price-lock/old-el-paso-family-size-tortillas-489g', 'Old El Paso Regular Soft Flour Tortilla Wraps x12 489g', '£2.00', '41p / 100g')
('https://www.sainsburys.co.uk/shop/gb/groceries/product/details/all-price-lock/sainsburys-gin---diet-tonic-250ml', "Sainsbury's Gin & Diet Tonic 250ml", '£1.00', '£4.00 / ltr')
('https://www.sainsburys.co.uk/shop/gb/groceries/product/details/all-price-lock/banana-boat-aloe-vera-gel-230g', 'Banana Boat Aloe Vera Gel 230g', '£3.00', '£1.30 / 100g')
('https://www.sainsburys.co.uk/shop/gb/groceries/product/details/all-price-lock/andrex-classic-clean-toilet-tissue-16-rolls-7529451-p', 'Andrex Classic Clean Toilet Tissue 16 Rolls', '£6.50', '20p / 100sht')
('https://www.sainsburys.co.uk/shop/gb/groceries/product/details/all-price-lock/oral-b-complete-mouthwash---whitening-toothpaste-100ml', 'Oral-B Complete Toothpaste+Mouthwash Refreshing Clean 100ml', '£1.50', '£1.50 / 100ml')
('https://www.sainsburys.co.uk/shop/gb/groceries/product/details/all-price-lock/sainsburys-vodka-lime---soda-250ml', "Sainsbury's Vodka Lime & Soda 250ml", '£1.00', '£4.00 / ltr')
('https://www.sainsburys.co.uk/shop/gb/groceries/product/details/all-price-lock/duck-liquid-4-in-1-toilet-cleaner--marine-750ml', 'Duck Liquid Toilet Cleaner, Marine 750ml', '£1.00', '£1.33 / ltr')
('https://www.sainsburys.co.uk/shop/gb/groceries/product/details/all-price-lock/sainsburys-super-soft-warm-natural-toilet-tissue-9x240-sheets', "Sainsbury's Super Soft Toilet Tissue, Warm Natural x9 Rolls", '£3.00', '15p / 100sht')
('https://www.sainsburys.co.uk/shop/gb/groceries/product/details/all-price-lock/nivea-lip-pearly-shine', 'Nivea Lip Balm Pearly Shine 4.8g', '£1.75', '£36.46 / 100g')
('https://www.sainsburys.co.uk/shop/gb/groceries/product/details/all-price-lock/pataks-jalfrezi-sauce-450g', "Patak's Jalfrezi Sauce 450g", '£1.25', '28p / 100g')
('https://www.sainsburys.co.uk/shop/gb/groceries/product/details/all-price-lock/pataks-madras-sauce-450g', "Patak's Madras Sauce 450g", '£1.25', '28p / 100g')
('https://www.sainsburys.co.uk/shop/gb/groceries/product/details/all-price-lock/pataks-balti-sauce-450g', "Patak's Balti Sauce 450g", '£1.25', '28p / 100g')
('https://www.sainsburys.co.uk/shop/gb/groceries/product/details/all-price-lock/radox-relax-shower-therapy-250ml', 'Radox Shower Gel Feel Relaxed 250ml', '90p', '36p / 100ml')
('https://www.sainsburys.co.uk/shop/gb/groceries/product/details/all-price-lock/sainsburys-double-concentrate-apple---blackcurrant-squash--no-added-sugar-15l', "Sainsbury's Apple & Blackcurrant Squash, No Added Sugar 1.5L", '£1.00', '7p / 100ml')
('https://www.sainsburys.co.uk/shop/gb/groceries/product/details/all-yogurt/spelga-low-fat-peach-yogurt-125g', 'Spelga Low Fat Peach Yogurt 125g', '50p', '40p / 100g')
('https://www.sainsburys.co.uk/shop/gb/groceries/product/details/all-yogurt/yop-raspberry-500g', 'Yop Raspberry Yogurt Drink 500g', '£1.00', '20p / 100g')
('https://www.sainsburys.co.uk/shop/gb/groceries/product/details/all-yogurt/rachels-organic-greek-style-ginger-yogurt-450g', "Rachel's Organic Greek Style Ginger Yogurt 450g", '£2.00', '44p / 100g')
('https://www.sainsburys.co.uk/shop/gb/groceries/product/details/all-yogurt/yeo-valley-organic-greek-style-yogurt---honey-4x100g', 'Yeo Valley Organic Yogurt Greek Style With Honey 4x100g', '£2.00', '50p / 100g')
('https://www.sainsburys.co.uk/shop/gb/groceries/product/details/all-yogurt/yeo-valley-organic-natural-fat-free-yogurt-500g', 'Yeo Valley Organic 0% Fat Natural Yogurt 500g', '£1.65', '33p / 100g')
('https://www.sainsburys.co.uk/shop/gb/groceries/product/details/all-yogurt/danone-simply-fruit-veg-mango-carrot-banana-yogurt-4x110g', 'Danone Mango, Carrot & Banana No Added Sugar Yogurt 4x110g', '£1.25', '29p / 100g')
('https://www.sainsburys.co.uk/shop/gb/groceries/product/details/all-yogurt/yeo-valley-organic-black-cherry-yogurt-with-nut-butter-corner-130g', 'Yeo Valley Organic Black Cherry Yogurt with Nut Butter Corner 130g', '£1.50', '£1.15 / 100g')
('https://www.sainsburys.co.uk/shop/gb/groceries/product/details/all-yogurt/the-collective-plant-yoghurt-plain-400g', 'The Collective Plant Yoghurt Plain 400g', '£2.20', '55p / 100g')
('https://www.sainsburys.co.uk/shop/gb/groceries/product/details/all-yogurt/biotiful-kefir-mango-500ml', 'Biotiful Kefir Mango 500ml', '£2.25', '45p / 100ml')
('https://www.sainsburys.co.uk/shop/gb/groceries/product/details/all-yogurt/oatly-oatgurt-blueberry-400g', 'Oatly Oatgurt Blueberry 400g', '£2.00', '50p / 100g')
('https://www.sainsburys.co.uk/shop/gb/groceries/product/details/all-yogurt/petit-filous-frubes-9x40g', 'Frubes Strawberry, Red Berries and Peach Yogurt 9x37g', '£2.00', '60p / 100g')
('https://www.sainsburys.co.uk/shop/gb/groceries/product/details/all-yogurt/yeo-valley-organic-strawberry-yogurts-4x120g', 'Yeo Valley Organic Yogurt Strawberry 4x120g', '£1.50', '32p / 100g')
('https://www.sainsburys.co.uk/shop/gb/groceries/product/details/all-yogurt/yeo-valley-organic-yogurt-limited-edition-450g', 'Yeo Valley Organic Yogurt, Limited Edition 450g', '£1.00', '22p / 100g')
('https://www.sainsburys.co.uk/shop/gb/groceries/product/details/all-yogurt/yeo-valley-organic-kids-little-yeos-yogurt-4x90g', 'Yeo Valley Organic Little Yeos Fruity Favourites Yogurt 4x90g', '£1.65', '46p / 100g')
('https://www.sainsburys.co.uk/shop/gb/groceries/product/details/all-yogurt/rachels-organic-greek-style-coconut-yogurt-450g', "Rachel's Organic Greek Style Coconut Yogurt 450g", '£2.00', '44p / 100g')
('https://www.sainsburys.co.uk/shop/gb/groceries/product/details/all-yogurt/muller-bliss-cheesecake-greek-style-yogurt-with-lime-underlayer-crumble-4x100g', 'Muller Bliss Cheesecake Greek Style Yogurt with Lime Underlayer & Crumble 4x100g', '£1.00', '25p / 100g')
('https://www.sainsburys.co.uk/shop/gb/groceries/product/details/all-yogurt/the-collective-kefir-natural-cultured-yoghurt-400g', 'The Collective Kefir Natural Cultured Yoghurt 400g', '£2.00', '50p / 100g')
('https://www.sainsburys.co.uk/shop/gb/groceries/product/details/all-yogurt/biotiful-kefir-yoghurt-raspberry-pomegranate-400g', 'Biotiful Kefir Yoghurt Raspberry & Pomegranate 400g', '£2.00', '£200.00 / 100g')
('https://www.sainsburys.co.uk/shop/gb/groceries/product/details/all-yogurt/oykos-dairy-free-stracciatella-350g', 'Oykos Dairy Free Chocolate Stracciatella Yogurt Alternative 350g', '£2.50', '71p / 100g')
('https://www.sainsburys.co.uk/shop/gb/groceries/product/details/all-yogurt/oatly-oatgurt-greek-style-400g', 'Oatly Oatgurt Greek Style Yoghurt 400g', '£2.20', '55p / 100g')
('https://www.sainsburys.co.uk/shop/gb/groceries/product/details/all-yogurt/biotiful-kefir-original-1l', 'Biotiful Kefir Original 1L', '£2.75', '28p / 100ml')
('https://www.sainsburys.co.uk/shop/gb/groceries/product/details/all-yogurt/lindahls-kvarg-white-chocolate-150g', 'Lindahls Kvarg White Chocolate 150g', '95p', '63p / 100g')
('https://www.sainsburys.co.uk/shop/gb/groceries/product/details/all-yogurt/sainsburys-strawberry-0-yoghurt-drink-8x100g', "Sainsbury's Immune Support Strawberry Yogurt Drinks x8 100g", '£1.75', '22p / 100g')
('https://www.sainsburys.co.uk/shop/gb/groceries/product/details/all-yogurt/biotiful-slurpy-strawberry-100ml', 'Biotiful Kefir Slurpy Strawberry 100ml', '75p', '75p / 100g')
('https://www.sainsburys.co.uk/shop/gb/groceries/product/details/all-yogurt/sainsburys-fabulously-fruity-rhubarb-fool-114g', "Sainsbury's Rhubarb Fool 114g", '65p', '57p / 100g')
('https://www.sainsburys.co.uk/shop/gb/groceries/product/details/all-yogurt/mia-ben-banana-mango-organic-100g', 'Mia & Ben Super Food for Kids Banana, Mango & Pineapple 6+ Months 100g', '£1.20', '£1.20 / 100g')
('https://www.sainsburys.co.uk/shop/gb/groceries/product/details/all-yogurt/sainsburys-vanilla-light-yoghurt-4x100g', "Sainsbury's Vanilla Light Yoghurt 4x100g", '£1.00', '25p / 100g')
('https://www.sainsburys.co.uk/shop/gb/groceries/product/details/all-yogurt/the-collective-brekkie-raspberry-135g', 'The Collective Brekkie Raspberry 135g', '£1.30', '96p / 100g')
('https://www.sainsburys.co.uk/shop/gb/groceries/product/details/all-yogurt/danone-light-free-cherry-4x115g', 'Light & Free Greek Style Cherry Yogurt 4x115g', '£2.50', '54p / 100g')
('https://www.sainsburys.co.uk/shop/gb/groceries/product/details/all-yogurt/nush-almond-yoghurt-350g', 'Nush Almond Milk Dairy Free Yoghurt 350g', '£3.00', '86p / 100g')
('https://www.sainsburys.co.uk/shop/gb/groceries/product/details/all-yogurt/light-free-greek-style-vanilla-yogurt-4x115g', 'Light & Free Greek Style Vanilla Yogurt 4x115g', '£2.50', '54p / 100g')
('https://www.sainsburys.co.uk/shop/gb/groceries/product/details/all-yogurt/siggis-0-strawberry-skyr-fat-free-yogurt-150g', "Siggi's 0% Strawberry Skyr Fat Free Yogurt 150g", '65p', '43p / 100g')
('https://www.sainsburys.co.uk/shop/gb/groceries/product/details/all-yogurt/alpro-strawberry-big-pot-yogurt-alternative-500g', 'Alpro Strawberry Yoghurt Alternative 500g', '£1.75', '35p / 100g')
('https://www.sainsburys.co.uk/shop/gb/groceries/product/details/all-yogurt/sainsburys-fat-free-greek-style-natural-yogurt-1kg', "Sainsbury's Fat Free Greek Style Natural Yogurt 1kg", '£1.50', '15p / 100g')
('https://www.sainsburys.co.uk/shop/gb/groceries/product/details/all-yogurt/sainsburys-authentic-fat-free-greek-yogurt-taste-the-difference-500g', "Sainsbury's Authentic Fat Free Greek Yogurt, Taste the Difference 500g", '£1.75', '35p / 100g')
('https://www.sainsburys.co.uk/shop/gb/groceries/product/details/all-yogurt/glenilen-farm-mango-yogurt-160g', 'Glenilen Farm Mango & Passion Fruit & Natural Live Yoghurt 140g', '£1.00', '71p / 100g')
('https://www.sainsburys.co.uk/shop/gb/groceries/product/details/all-yogurt/paw-patrol-fromage-frais-with-added-vitamin-d--strawberry-6x45g', 'Paw Patrol Fromage Frais Yogurt with added Vitamin D, Strawberry 6x45g', '£1.00', '37p / 100g')
('https://www.sainsburys.co.uk/shop/gb/groceries/product/details/all-yogurt/yeo-valley-organic-greek-style-natural-yogurt-4x120g-7782511-p-44', 'Yeo Valley Organic Greek Style Natural Yogurt 4x120g', '£2.00', '42p / 100g')
('https://www.sainsburys.co.uk/shop/gb/groceries/product/details/all-yogurt/activia-mixed-fruit-12x125g-7547185-p-44', 'Activia Mixed Fruit Yogurt 12x125g', '£2.50', '17p / 100g')
('https://www.sainsburys.co.uk/shop/gb/groceries/product/details/all-yogurt/nush-dairy-free-almond-milk-yog-strawberry-350g', 'Nush Dairy Free Almond Milk Yog Strawberry 350g', '£3.00', '86p / 100g')
('https://www.sainsburys.co.uk/shop/gb/groceries/product/details/all-yogurt/sainsburys-fat-free-natural-organic-yogurt-450g', "Sainsbury's Fat Free Natural Yogurt, So Organic 450g", '£1.00', '22p / 100g')
('https://www.sainsburys.co.uk/shop/gb/groceries/product/details/all-yogurt/tip-mix-crunch-multipack-6x135g', "Tip 'n' Mix Crunch Multipack Yoghurts 6x135g", '£1.90', '23p / 100g')
('https://www.sainsburys.co.uk/shop/gb/groceries/product/details/easterlunch/sainsburys-melting-middle-cod---parsley-sauce-fishcakes--taste-the-difference-x2-290g', "Sainsbury's Fishcakes Melting Middle Cod & Parsley Sauce Fishcakes Taste the Difference x2 290g", '£2.00', '£6.90 / kg')
('https://www.sainsburys.co.uk/shop/gb/groceries/product/details/easterlunch/quorn-family-roast-454g', 'Quorn Vegetarian Family Roast 454g', '£3.00', '£6.61 / kg')
('https://www.sainsburys.co.uk/shop/gb/groceries/product/details/easterlunch/aunt-bessies-honey-glazed-roast-parsnips-600g', "Aunt Bessie's Honey Glazed Roast Parsnips 500g", '£1.75', '£3.50 / kg')
('https://www.sainsburys.co.uk/shop/gb/groceries/product/details/easterlunch/sainsburys-carrot-batons-400g', "Sainsbury's Carrot Batons 400g", '£1.00', '£2.50 / kg')
('https://www.sainsburys.co.uk/shop/gb/groceries/product/details/easterlunch/sainsburys-british-cauliflower---broccoli-floret-mix-1kg', "Sainsbury's Cauliflower & Broccoli Floret Mix 1kg", '£1.00', '£1.00 / kg')
('https://www.sainsburys.co.uk/shop/gb/groceries/product/details/easterlunch/sainsburys-salmon-fillet--lightly-smoked--taste-the-difference-x2-240g', "Sainsbury's Salmon Fillet, Lightly Smoked, Taste the Difference x2 240g", '£5.25', '£21.88 / kg')
('https://www.sainsburys.co.uk/shop/gb/groceries/product/details/easterlunch/sainsburys-pink-lady---herb-stuffing--taste-the-difference-mix-110g', "Sainsbury's Pink Lady & Herb Mix Stuffing, Taste the Difference 110g", '£1.25', '£11.36 / kg')
('https://www.sainsburys.co.uk/shop/gb/groceries/product/details/easterlunch/sainsburys-easter-simnel-cake-bar-400g', "Sainsbury's Simnel Cake 400g", '£3.50', '88p / 100g')
('https://www.sainsburys.co.uk/shop/gb/groceries/product/details/easterlunch/soreen-large-fruit-loaf-260g', 'Soreen Malt Loaf 260g', '£1.30', '50p / 100g')
('https://www.sainsburys.co.uk/shop/gb/groceries/product/details/easterlunch/sainsburys-thai-sweet-chilli-crisps--taste-the-difference-150g', "Sainsbury's Thai Sweet Chilli Crisps, Taste The Difference 150g", '£1.00', '67p / 100g')
('https://www.sainsburys.co.uk/shop/gb/groceries/product/details/easterlunch/sainsburys-cheddar-cheese-crispies--taste-the-difference-100g', "Sainsbury's Cheddar Cheese Crispies, Taste the Difference 100g", '£1.70', '£1.70 / 100g')
('https://www.sainsburys.co.uk/shop/gb/groceries/product/details/easterlunch/sainsburys-gruyere-poppy-seed-twists--taste-the-difference-125g', "Sainsbury's Gruyere Poppy Seed Twists, Taste the Difference 125g", '£1.80', '£1.44 / 100g')
('https://www.sainsburys.co.uk/shop/gb/groceries/product/details/easterlunch/warburtons-teacakes-x4', 'Warburtons Teacakes x4', '80p', '20p / ea')
('https://www.sainsburys.co.uk/shop/gb/groceries/product/details/easterlunch/soreen-fruity-malt-loaf--sliced-350g', 'Soreen Sliced Malt Loaf 290g', '£1.30', '46p / 100g')
('https://www.sainsburys.co.uk/shop/gb/groceries/product/details/easterlunch/casillero-del-diablo-cabernet-sauvignon-75cl', 'Casillero Del Diablo Cabernet Sauvignon 75cl', '£6.50', '£6.50 / 75cl')
('https://www.sainsburys.co.uk/shop/gb/groceries/product/details/easterlunch/sainsburys-sun-dried-tomato-antipasto-oil-280g', "Sainsbury's Sun Dried Tomato Antipasto Oil 280g (150g*)", '£1.75', '£1.17 / 100g')
('https://www.sainsburys.co.uk/shop/gb/groceries/product/details/easterlunch/sainsburys-strawberry-trifle-600g', "Sainsbury's Strawberry Trifle Dessert 600g", '£2.50', '42p / 100g')
('https://www.sainsburys.co.uk/shop/gb/groceries/product/details/easterlunch/sainsburys-topside-joint-wrapped-in-bacon-taste-the-difference-165kg-7989003-p-44', "Sainsbury's Topside Joint Wrapped In Bacon, Taste the Difference 1.65kg", '£25.00', '£15.15 / kg')
('https://www.sainsburys.co.uk/shop/gb/groceries/product/details/easterlunch/sainsburys-hot-cross-buns-x6-7730659-p-44', "Sainsbury's Hot Cross Buns x6", '75p', '12p / ea')
('https://www.sainsburys.co.uk/shop/gb/groceries/product/details/easterlunch/fentimans-light-rose-lemonade-250ml', 'Fentimans Light Rose Lemonade 250ml', '£1.25', '50p / 100ml')
('https://www.sainsburys.co.uk/shop/gb/groceries/product/details/easterlunch/leon-aioli-245ml', 'LEON Garlic Aioli 245g', '£2.50', '£1.02 / 100ml')
('https://www.sainsburys.co.uk/shop/gb/groceries/product/details/easterlunch/sainsburys-10-chicken-yakitori-skewers-180g', "Sainsbury's Yakitori Chicken Skewers x10 180g", '£2.00', '£1.11 / 100g')
('https://www.sainsburys.co.uk/shop/gb/groceries/product/details/easterlunch/quorn-picnic-eggs-180g', 'Quorn Picnic Eggs 180g', '£1.50', '£8.33 / kg')
('https://www.sainsburys.co.uk/shop/gb/groceries/product/details/easterlunch/silver-moki-sauvignon-blanc-blush-75cl-7947793-p', 'Silver Moki Sauvignon Blanc Blush 75cl', '£7.00', '£7.00 / 75cl')
('https://www.sainsburys.co.uk/shop/gb/groceries/product/details/easterlunch/sainsburys-triple-berry-hot-cross-buns-taste-the-difference-x4-280g', "Sainsbury's Triple Berry Hot Cross Buns Taste the Difference x4 280g", '£1.25', '31p / ea')
('https://www.sainsburys.co.uk/shop/gb/groceries/product/details/easterlunch/otep-pea-bean-sticks-sea-salt-100g', 'Off the Eaten Path Sea Salt Bean Sticks 100g', '£2.25', '£2.25 / 100g')
('https://www.sainsburys.co.uk/shop/gb/groceries/product/details/easterlunch/sainsburys-10-duck-spring-rolls-223g', "Sainsbury's Hoisin Duck Spring Rolls x10 200g", '£2.00', '£1.00 / 100g')
('https://www.sainsburys.co.uk/shop/gb/groceries/product/details/easterlunch/colmans-horseradish-sauce-136g', "Colman's Horseradish Sauce 136g", '£1.00', '74p / 100g')
('https://www.sainsburys.co.uk/shop/gb/groceries/product/details/easterlunch/sainsburys-beef-dripping-chips--taste-the-difference-400g', "Sainsbury's Crispy Triple Cooked Chips, Taste the Difference 400g (Serves 2)", '£2.70', '£6.75 / kg')
('https://www.sainsburys.co.uk/shop/gb/groceries/product/details/easterlunch/fever-tree-mediterranean-tonic-500ml', 'Fever Tree Mediterranean Tonic 500ml (Sugar levy applied)', '£1.95', '39p / 100ml')
('https://www.sainsburys.co.uk/shop/gb/groceries/product/details/easterlunch/shloer-celebration-pink-fizz-750ml', 'Shloer Pink Non Alcoholic Bubbly Sparkling Juice Drink 750ml', '£3.30', '44p / 100ml')
('https://www.sainsburys.co.uk/shop/gb/groceries/product/details/easterlunch/rowes-easter-biscuits-x5', "Rowe's Cornish Bakers Original Easter Biscuits 200g", '£1.00', '50p / 100g')
('https://www.sainsburys.co.uk/shop/gb/groceries/product/details/easterlunch/belvoir-elderflower-light-presse-750ml', 'Belvoir Elderflower Presse Light 750ml', '£2.50', '33p / 100ml')
('https://www.sainsburys.co.uk/shop/gb/groceries/product/details/easterlunch/hop-house-13-4x330ml', 'Hop House 13 Lager 4x330ml', '£4.50', '£3.41 / ltr')
('https://www.sainsburys.co.uk/shop/gb/groceries/product/details/easterlunch/sainsburys-ff-hot-cross-buns-280g', "Sainsbury's Deliciously Free From Fruity Hot Cross Buns x4 280g", '£2.00', '71p / 100g')
('https://www.sainsburys.co.uk/shop/gb/groceries/product/details/easterlunch/sainsburys-pork-loin-joint--taste-the-difference-1000g', "Sainsbury's Outdoor Bred British Pork Loin Joint, Taste the Difference", '£6.50', '£6.50 / kg')
('https://www.sainsburys.co.uk/shop/gb/groceries/product/details/easterlunch/sainsburys-new-york-cheesecake-580g', "Sainsbury's New York Cheesecake Dessert 550g", '£3.00', '54p / 100g')
('https://www.sainsburys.co.uk/shop/gb/groceries/product/details/easterlunch/sainsburys-apple-strudel-x2-600g-serves-6-', "Sainsbury's Apple Strudel x2 600g (Serves 6)", '£1.60', '27p / 100g')
('https://www.sainsburys.co.uk/shop/gb/groceries/product/details/easterlunch/sainsburys-mandarin-cheesecake-dessert-510g-serves-6-', "Sainsbury's Mandarin Cheesecake Dessert 510g (serves 6)", '£1.75', '35p / 100g')
('https://www.sainsburys.co.uk/shop/gb/groceries/product/details/easterlunch/sainsburys-crispy-potato-slices-400g', "Sainsbury's Crispy Potato Slices 350g", '£1.80', '£5.14 / kg')
('https://www.sainsburys.co.uk/shop/gb/groceries/product/details/easterlunch/sainsburys-shelled-peas-160g', "Sainsbury's Shelled Peas 160g", '£1.40', '£8.75 / kg')
('https://www.sainsburys.co.uk/shop/gb/groceries/product/details/easterlunch/sainsburys-broccoli-florets-160g', "Sainsbury's Broccoli Florets 160g", '90p', '£5.63 / kg')
('https://www.sainsburys.co.uk/shop/gb/groceries/product/details/all-gluten-free-food-and-drink/pieminister-gluten-free-moo-british-beef-steak---gluten-free-ale-pie-275g', 'Pieminister Gluten Free Moo British Beef Steak & Gluten Free Ale Pie 275g', '£3.50', '£1.28 / 100g')
('https://www.sainsburys.co.uk/shop/gb/groceries/product/details/all-gluten-free-food-and-drink/the-coconut-collaborative-yogurt-alternative--madagascan-vanilla-350g', 'The Coconut Collaborative Yogurt Alternative, Madagascan Vanilla 350g', '£2.50', '71p / 100g')
('https://www.sainsburys.co.uk/shop/gb/groceries/product/details/all-gluten-free-food-and-drink/old-el-paso-mexicana-street-market-10-white-corn-tortillas-208g', 'Old El Paso Gluten Free White Corn Tortilla Wraps x10 208g', '£1.90', '91p / 100g')
('https://www.sainsburys.co.uk/shop/gb/groceries/product/details/all-gluten-free-food-and-drink/oxo-garden-vegetables-with-parsley---bay-stock-pots-x8-160g', 'Oxo Garden Vegetables with Parsley & Bay Stock Pots x8 160g', '£1.95', '£1.22 / 100g')
('https://www.sainsburys.co.uk/shop/gb/groceries/product/details/all-gluten-free-food-and-drink/quaker-oat-so-simple-gluten-free-original-porridge-350g', 'Quaker Oat So Simple Gluten Free Porridge 10x35g', '£3.20', '91p / 100g')
('https://www.sainsburys.co.uk/shop/gb/groceries/product/details/all-gluten-free-food-and-drink/oxo-stock-pots-chicken-x8', 'Oxo Chicken with Garlic & Thyme Stock Pots x8 160g', '£1.95', '£1.22 / 100g')
('https://www.sainsburys.co.uk/shop/gb/groceries/product/details/all-gluten-free-food-and-drink/sainsburys-deliciously-freefrom-choc---orange-bar-35g', "Sainsbury's Deliciously Free From Choc & Orange Bar 35g", '45p', '£1.29 / 100g')
('https://www.sainsburys.co.uk/shop/gb/groceries/product/details/all-gluten-free-food-and-drink/to-good-to-be-gluten-free-sausage-rolls-110g', 'Too Good To Be Gluten Free Sausage Roll 110g', '£2.00', '£1.82 / 100g')
('https://www.sainsburys.co.uk/shop/gb/groceries/product/details/all-gluten-free-food-and-drink/alpro-fresh-cashew-drink-1l', 'Alpro Cashew Chilled Drink 1L', '£1.00', '£1.00 / ltr')
('https://www.sainsburys.co.uk/shop/gb/groceries/product/details/all-gluten-free-food-and-drink/tayto-mini-mr-ts-cheese---onion-snacks-6x17g', "Tayto Mini Mr. T's Cheese & Onion Snacks 6x17g", '£1.00', '98p / 100g')
('https://www.sainsburys.co.uk/shop/gb/groceries/product/details/all-gluten-free-food-and-drink/newmans-own-ranch-dressing-250ml', "Newman's Own Ranch Dressing 250ml", '£1.75', '70p / 100ml')
('https://www.sainsburys.co.uk/shop/gb/groceries/product/details/all-gluten-free-food-and-drink/knorr-stock-fish-cubes-80g', 'Knorr Stock Cubes Fish 8x10g', '£1.25', '£1.56 / 100g')
('https://www.sainsburys.co.uk/shop/gb/groceries/product/details/all-gluten-free-food-and-drink/kallo-very-low-salt-organic-vegetable-stock-cubes--gluten-free-x6-60g', 'Kallo Very Low Salt Vegetable Stock Cubes 6x10g', '£1.00', '£1.67 / 100g')
('https://www.sainsburys.co.uk/shop/gb/groceries/product/details/all-gluten-free-food-and-drink/future-farm-mince-250g', 'Future Farm Plant Based Mince 250g', '£3.80', '£15.20 / kg')
('https://www.sainsburys.co.uk/shop/gb/groceries/product/details/all-gluten-free-food-and-drink/schar-gluten-free-jaffa-cakes-150g', 'Schar Gluten Free Jaffa Cakes 150g', '£1.20', '£1.20 / 100g')
('https://www.sainsburys.co.uk/shop/gb/groceries/product/details/all-gluten-free-food-and-drink/sainsburys-free-from-iced-xmas-cake-taste-the-difference-450g-7982007-p-44', "Sainsbury's Christmas Cake, Taste the Difference 450g", '55p', '12p / 100g')
('https://www.sainsburys.co.uk/shop/gb/groceries/product/details/all-gluten-free-food-and-drink/gosh!-naturally-delicious-smokey-sweet-potato-sausages-with-red-pepper-paprika-and-lentils-x6-270g', 'Gosh! Naturally Delicious Smokey Sweet Potato Sausages with Red Pepper, Paprika and Lentils x6 270g', '£2.95', '£1.09 / 100g')
('https://www.sainsburys.co.uk/shop/gb/groceries/product/details/all-gluten-free-food-and-drink/sainsburys-deliciously-free-from-eric-the-caterpillar-cake-592g', "Sainsbury's Deliciously Free From Eric The Caterpillar Cake 592g", '£6.00', '£1.01 / 100g')
('https://www.sainsburys.co.uk/shop/gb/groceries/product/details/all-gluten-free-food-and-drink/dorset-cereals-gluten-free-tasty-tropical-muesli-400g', 'Dorset Cereals Gluten Free Tasty Tropical Muesli 400g', '£3.50', '88p / 100g')
('https://www.sainsburys.co.uk/shop/gb/groceries/product/details/all-gluten-free-food-and-drink/dr-schar-wholesome-vitality-350g', 'Schär Gluten Free Wholesome Vitality Loaf 350g', '£2.60', '74p / 100g')
('https://www.sainsburys.co.uk/shop/gb/groceries/product/details/all-gluten-free-food-and-drink/dr-schar-mini-baguette-150g', 'Schär Gluten Free Mini Baguette 2x75g', '£2.00', '£1.33 / 100g')
('https://www.sainsburys.co.uk/shop/gb/groceries/product/details/all-gluten-free-food-and-drink/deliciously-ella-apple-raisin-cinnamon-oat-bars-3x50g', 'Deliciously Ella Apple, Raisin & Cinnamon Oat Bars 3x50g', '£2.00', '£1.34 / 100g')
('https://www.sainsburys.co.uk/shop/gb/groceries/product/details/all-gluten-free-food-and-drink/sainsburys-deliciously-free-from-2-croissants-130g', "Sainsbury's Deliciously Free From 2 Croissants 130g", '£2.00', '£1.54 / 100g')
('https://www.sainsburys.co.uk/shop/gb/groceries/product/details/all-gluten-free-food-and-drink/troo-granola-chocolate-orange-350g', 'Troo Granola Chocolate with Orange 350g', '£3.50', '£1.00 / 100g')
('https://www.sainsburys.co.uk/shop/gb/groceries/product/details/all-gluten-free-food-and-drink/bfree-soft-white-loaf-400g', 'BFree Sliced White Loaf 400g', '£3.00', '75p / 100g')
('https://www.sainsburys.co.uk/shop/gb/groceries/product/details/all-gluten-free-food-and-drink/genius-fibre-fest-artisan-loaf-350g', "Genius Gluten Free Gut-Lovin' Cob 385g", '£2.50', '66p / 100g')
('https://www.sainsburys.co.uk/shop/gb/groceries/product/details/all-gluten-free-food-and-drink/amys-kitchen-gluten-free-vegan-mexican-burrito-bean-rice-156g', "Amy's Kitchen Gluten Free Vegan Mexican Burrito Bean & Rice 156g", '£2.00', '£12.82 / kg')
('https://www.sainsburys.co.uk/shop/gb/groceries/product/details/all-gluten-free-food-and-drink/kind-dark-chocolate-nuts-and-sea-salt-multipack-3-x-40g', 'Kind Dark Chocolate Nuts and Sea Salt Multipack 3x30g', '£3.00', '£3.33 / 100g')
('https://www.sainsburys.co.uk/shop/gb/groceries/product/details/all-gluten-free-food-and-drink/heck-6-vegan-breakfast-plant-based-sausages-255g', 'Heck 6 Vegan Breakfast Plant Based Sausages 255g', '£1.75', '£6.86 / kg')
('https://www.sainsburys.co.uk/shop/gb/groceries/product/details/all-gluten-free-food-and-drink/nuii-salted-caramel-australian-macadamia-3x90ml', 'Nuii Salted Caramel & Australian Macadamia 3x90ml', '£2.50', '92p / 100ml')
('https://www.sainsburys.co.uk/shop/gb/groceries/product/details/all-gluten-free-food-and-drink/lärabar-banana-choc-chip-fruit-nut-bar-3x45g', 'Lärabar Banana Choc Chip Fruit & Nut Bar 3x45g', '£3.00', '£2.22 / 100g')
('https://www.sainsburys.co.uk/shop/gb/groceries/product/details/all-gluten-free-food-and-drink/sainsburys-deliciously-free-from-vegan-margherita-pizza-330g', "Sainsbury's Deliciously Free From Vegan Margherita Pizza 330g", '£3.50', '£1.03 / 100g')
('https://www.sainsburys.co.uk/shop/gb/groceries/product/details/all-gluten-free-food-and-drink/warburtons-gluten-free-high-protein-wraps-180g', 'Warburtons Gluten Free High Protein Seeded Wraps x4', '£2.80', '£1.56 / 100g')
('https://www.sainsburys.co.uk/shop/gb/groceries/product/details/all-gluten-free-food-and-drink/creative-nature-chocolate-chip-muffin-mix-250g', 'Creative Nature Chocolate Chip Muffin Mix 250g', '£3.50', '£1.40 / 100g')
('https://www.sainsburys.co.uk/shop/gb/groceries/product/details/all-gluten-free-food-and-drink/sainsburys-free-from-white-tortilla-wrap-x4', "Sainsbury's Free From White Tortilla Wrap x4", '£1.80', '£1.13 / 100g')
('https://www.sainsburys.co.uk/shop/gb/groceries/product/details/all-gluten-free-food-and-drink/freeist-sugar-free-gluten-free-cola-bottle-sweets-with-sweeteners-100g', "Free'ist Sugar Free & Gluten Free Cola Bottle Sweets with Sweeteners 100g", '£1.30', '£1.30 / 100g')
('https://www.sainsburys.co.uk/shop/gb/groceries/product/details/all-vegetables/imperfectly-tasty-mushrooms-400g', 'Imperfectly Tasty Mushrooms 400g', '86p', '£2.15 / kg')
('https://www.sainsburys.co.uk/shop/gb/groceries/product/details/all-vegetables/-im-perfectly-tasty-cherry-tomatoes-250g', 'Imperfectly Tasty Cherry Tomatoes', '48p', '£1.92 / kg')
('https://www.sainsburys.co.uk/shop/gb/groceries/product/details/all-vegetables/imperfectly-tasty-green-beans-220g', 'Imperfectly Tasty Green Beans 220g', '69p', '£3.14 / kg')
('https://www.sainsburys.co.uk/shop/gb/groceries/product/details/all-vegetables/sainsburys-10-jalapeno-fingers-270g', "Sainsbury's Cheddar Jalapeno Bites x12 240g", '£2.50', '£10.42 / kg')
('https://www.sainsburys.co.uk/shop/gb/groceries/product/details/all-vegetables/sainsburys-fragrant-keralan-stir-fry-sauce-190ml', "Sainsbury's Spiced Keralan Stir Fry Sauce 175ml", '£1.00', '57p / 100ml')
('https://www.sainsburys.co.uk/shop/gb/groceries/product/details/all-vegetables/sainsburys-aromatic-biryani-stir-fry-sauce-190ml', "Sainsbury's Aromatic Biryani Stir Fry Sauce 175ml", '£1.00', '57p / 100ml')
('https://www.sainsburys.co.uk/shop/gb/groceries/product/details/all-vegetables/birds-eye-steamfresh-family-favourite-mix-bags-540g', 'Birds Eye Steamfresh Family Favourite Mix Bags 540g', '£1.75', '£3.24 / kg')
('https://www.sainsburys.co.uk/shop/gb/groceries/product/details/all-vegetables/sainsburys-on-the-go-carrot-batons-80g', "Sainsbury's On the Go Carrot Batons 80g", '70p', '70p / ea')
('https://www.sainsburys.co.uk/shop/gb/groceries/product/details/all-vegetables/earths-harvest-baby-bakers-750g', "Earth's Harvest Baby Bakers 750g", '50p', '67p / kg')
('https://www.sainsburys.co.uk/shop/gb/groceries/product/details/all-vegetables/sainsburys-leeks-500g', "Sainsbury's Leeks 500g", '£1.00', '£2.00 / kg')
('https://www.sainsburys.co.uk/shop/gb/groceries/product/details/all-vegetables/albert-bartlett-rooster-baking-potatoes-x-4', 'Albert Bartlett Rooster Baking Potatoes x4', '£1.00', '£1.43 / kg')
('https://www.sainsburys.co.uk/shop/gb/groceries/product/details/all-vegetables/sainsburys-living-triple-mint-tea-herb-pot', "Sainsbury's Living Triple Mint Tea Herb Pot", '£1.75', '22p / 10g')
('https://www.sainsburys.co.uk/shop/gb/groceries/product/details/all-vegetables/sainsburys-vietnamese-herb-kit', "Sainsbury's Vietnamese Herb Kit", '£2.00', '29p / 10g')
('https://www.sainsburys.co.uk/shop/gb/groceries/product/details/all-vegetables/sainsburys-curry-leaves-5g', "Sainsbury's Curry Leaves 5g", '£1.20', '£2.40 / 10g')
('https://www.sainsburys.co.uk/shop/gb/groceries/product/details/all-vegetables/oomi-noodles-230g', 'Oomi The Protein Noodle x2 230g', '£2.50', '£1.09 / 100g')
('https://www.sainsburys.co.uk/shop/gb/groceries/product/details/all-vegetables/sainsburys-cheese---garlic-mushrooms-220g', "Sainsbury's Cheese & Garlic Mushrooms 220g", '£2.00', '£9.09 / kg')
('https://www.sainsburys.co.uk/shop/gb/groceries/product/details/all-vegetables/sainsburys-cheese-stuffed-peppers-330g', "Sainsbury's Cheese Stuffed Peppers 330g", '£2.00', '£6.06 / kg')
('https://www.sainsburys.co.uk/shop/gb/groceries/product/details/all-vegetables/sainsburys-casserole-vegetables-700g', "Sainsbury's Casserole Vegetables 700g", '£1.50', '£2.14 / kg')
('https://www.sainsburys.co.uk/shop/gb/groceries/product/details/all-vegetables/albert-barlett-apache-potatoes-600g', 'Albert Bartlett Apache Potatoes 600g', '£1.00', '£1.67 / kg')
('https://www.sainsburys.co.uk/shop/gb/groceries/product/details/all-vegetables/sainsburys-broccolli-cheese-400g', "Sainsbury's Broccoli Cheese 400g (Serves 2)", '£1.80', '£4.50 / kg')
('https://www.sainsburys.co.uk/shop/gb/groceries/product/details/all-vegetables/mash-direct-green-cabbage-280g', 'Mash Direct Green Cabbage 280g', '£1.50', '£5.36 / kg')
('https://www.sainsburys.co.uk/shop/gb/groceries/product/details/all-vegetables/sainsburys-potato-croquettes-220g', "Sainsbury's Potato Croquettes 220g", '£1.50', '£6.82 / kg')
('https://www.sainsburys.co.uk/shop/gb/groceries/product/details/all-vegetables/sainsburys-onions--so-organic-750g', "Sainsbury's Onions, SO Organic 750g", '£1.30', '£1.73 / kg')
('https://www.sainsburys.co.uk/shop/gb/groceries/product/details/all-vegetables/sainsburys-rumbledethumps-450g', "Sainsbury's Rumbledethumps 400g", '£2.00', '£5.00 / kg')
('https://www.sainsburys.co.uk/shop/gb/groceries/product/details/all-vegetables/sainsburys-carrot---swede-mash-450g', "Sainsbury's Carrot & Swede Mash 400g", '£1.20', '£3.00 / kg')
('https://www.sainsburys.co.uk/shop/gb/groceries/product/details/all-vegetables/sainsburys-mushroom-stir-fry-350g', "Sainsbury's Mushroom Stir Fry 350g", '£1.25', '36p / 100g')
('https://www.sainsburys.co.uk/shop/gb/groceries/product/details/all-vegetables/sainsburys-chinese-sauce-175ml', "Sainsbury's Fresh Chinese Sauce 175ml", '£1.00', '57p / 100ml')
('https://www.sainsburys.co.uk/shop/gb/groceries/product/details/all-vegetables/sainsburys-blackbean-sauce-175ml', "Sainsbury's Fresh Black Bean Sauce 175ml", '£1.00', '57p / 100ml')
('https://www.sainsburys.co.uk/shop/gb/groceries/product/details/all-vegetables/imperfectly-tasty-red-onions-1kg', 'Imperfectly Tasty Red Onions 1kg', '59p', '59p / kg')
('https://www.sainsburys.co.uk/shop/gb/groceries/product/details/all-vegetables/sainsburys-large-vine-tomatoes-1kg', "Sainsbury's Large Vine Tomatoes 1kg", '£1.50', '£1.50 / kg')
('https://www.sainsburys.co.uk/shop/gb/groceries/product/details/all-vegetables/so-spinach-organic-100g', 'So Spinach, Organic 100g', '£1.25', '£1.25 / 100g')
('https://www.sainsburys.co.uk/shop/gb/groceries/product/details/all-vegetables/sainsburys-sweetcorn-cone-200g', "Sainsbury's Sweetcorn Cone 200g", '£3.00', '£15.00 / kg')
('https://www.sainsburys.co.uk/shop/gb/groceries/product/details/all-vegetables/uk-asparagus-fine-100g', "Sainsbury's Fine British Asparagus 100g", '£1.75', '£17.50 / kg')
('https://www.sainsburys.co.uk/shop/gb/groceries/product/details/all-vegetables/sainsburys-sweet-pointed-peppers-x2', "Sainsbury's Sweet Pointed Peppers x2", '£1.20', '60p / ea')
('https://www.sainsburys.co.uk/shop/gb/groceries/product/details/all-vegetables/sainsburys-cherry-tomatoes-250g', "Sainsbury's Cherry Tomatoes 250g", '70p', '£2.80 / kg')
('https://www.sainsburys.co.uk/shop/gb/groceries/product/details/all-vegetables/sainsburys-so-organic-white-potatoes-2kg', "Sainsbury's So Organic White Potatoes 2kg", '£2.30', '£1.15 / kg')
('https://www.sainsburys.co.uk/shop/gb/groceries/product/details/all-vegetables/sainsburys-baking-potatoes-so-organic-x4', "Sainsbury's Baking Potatoes, So Organic x4", '£1.85', '46p / ea')
('https://www.sainsburys.co.uk/shop/gb/groceries/product/details/all-vegetables/sainsburys-sliced-chestnut-mushroom-250g', "Sainsbury's Sliced Chestnut Mushroom 250g", '£1.10', '£4.40 / kg')
('https://www.sainsburys.co.uk/shop/gb/groceries/product/details/all-vegetables/sainsburys-sweet-chilli-cocktail-beetroot-taste-the-difference-200g', "Sainsbury's Sweet Chilli Beetroot 200g", '£1.50', '75p / 100g')
('https://www.sainsburys.co.uk/shop/gb/groceries/product/details/all-vegetables/sainsburys-aubergine-so-organic', "Sainsbury's Aubergine, SO Organic", '£1.50', '£1.50 / ea')
('https://www.sainsburys.co.uk/shop/gb/groceries/product/details/all-vegetables/sainsburys-carrots-500g', "Sainsbury's Carrots 500g", '35p', '70p / kg')
('https://www.sainsburys.co.uk/shop/gb/groceries/product/details/all-vegetables/sainsburys-green-chillies-60g', "Sainsbury's Green Chillies 60g", '65p', '11p / 10g')
('https://www.sainsburys.co.uk/shop/gb/groceries/product/details/all-vegetables/sainsburys-lemon---ginger-tea-herb-pot', "Sainsbury's Lemon & Ginger Tea Herb Pot", '£1.75', '22p / 10g')
('https://www.sainsburys.co.uk/shop/gb/groceries/product/details/all-vegetables/sainsburys-rainbow-chard-200g', "Sainsbury's Rainbow Chard 200g", '£1.75', '£8.75 / kg')
('https://www.sainsburys.co.uk/shop/gb/groceries/product/details/all-vegetables/sainsburys-cauliflower-steak-210g', "Sainsbury's Roasted Cauliflower Steaks x2 210g", '£2.00', '£9.52 / kg')
('https://www.sainsburys.co.uk/shop/gb/groceries/product/details/all-vegetables/sainsburys-mushroom-mince-250g', "Sainsbury's Mushroom Mince 250g", '£1.50', '£6.00 / kg')
('https://www.sainsburys.co.uk/shop/gb/groceries/product/details/all-ham--deli-meats---dips/sainsburys-lean-bavarian-ham-100g', "Sainsbury's German Bavarian Smoked Ham Slices 100g", '£1.20', '£120.00 / 100g')
('https://www.sainsburys.co.uk/shop/gb/groceries/product/details/all-ham--deli-meats---dips/fridge-raiders-southern-style-chicken-bites-mini-packs-6-x-225g', 'Fridge Raiders Southern Style Chicken Snack Bites 6x 22.5g', '£2.60', '£1.93 / 100g')
('https://www.sainsburys.co.uk/shop/gb/groceries/product/details/all-ham--deli-meats---dips/gilberts-turkey-pastrami-142g', "Gilbert's Turkey Pastrami 142g", '£2.40', '£1.69 / 100g')
('https://www.sainsburys.co.uk/shop/gb/groceries/product/details/all-ham--deli-meats---dips/sainsburys-stuffing-topped-roast-chicken--taste-the-difference-135g', "Sainsbury's Roast Chicken Stuffing Topped, Taste the Difference 135g", '£2.75', '£2.04 / 100g')
('https://www.sainsburys.co.uk/shop/gb/groceries/product/details/all-ham--deli-meats---dips/sainsburys-german-pepper-salami-slices-140g', "Sainsbury's German Black Pepper Salami Slices 140g", '£1.10', '79p / 100g')
('https://www.sainsburys.co.uk/shop/gb/groceries/product/details/all-ham--deli-meats---dips/sainsburys-british-smoked-ham-slices-125g', "Sainsbury's British Smoked Ham 115g, x10 Slices", '£1.00', '87p / 100g')
('https://www.sainsburys.co.uk/shop/gb/groceries/product/details/all-ham--deli-meats---dips/sainsburys-italian-milano-salami-slices-86g', "Sainsbury's Italian Milano Salami Slices 86g", '£1.10', '£1.28 / 100g')
('https://www.sainsburys.co.uk/shop/gb/groceries/product/details/all-ham--deli-meats---dips/sainsburys-duck---orange-pate-200g', "Sainsbury's Duck & Orange Pate 200g", '£2.50', '£1.25 / 100g')
('https://www.sainsburys.co.uk/shop/gb/groceries/product/details/all-ham--deli-meats---dips/sainsburys-cooked-boneless-chicken-breasts-x4-480g', "Sainsbury's British Roast Boneless Chicken Breasts x4 480g", '£5.75', '£1.20 / 100g')
('https://www.sainsburys.co.uk/shop/gb/groceries/product/details/all-ham--deli-meats---dips/bernard-matthews-turkey-ham-wafer-thin-250g', 'Bernard Matthews Turkey Ham Wafer Thin 230g', '£1.75', '76p / 100g')
('https://www.sainsburys.co.uk/shop/gb/groceries/product/details/all-ham--deli-meats---dips/gilberts-salami-227g', "Gilbert's Salami 227g", '£2.60', '£1.15 / 100g')
('https://www.sainsburys.co.uk/shop/gb/groceries/product/details/all-ham--deli-meats---dips/moy-park-hot-spicy-chicken-wings-400g', 'Moy Park Hot & Spicy Chicken Wings 400g', '£2.50', '63p / 100g')
('https://www.sainsburys.co.uk/shop/gb/groceries/product/details/all-ham--deli-meats---dips/moy-park-flamegrilled-chicken-chunky-breast-pieces-200g', 'Moy Park Flamegrilled Chicken Chunky Breast Pieces 200g', '£2.50', '£1.25 / 100g')
('https://www.sainsburys.co.uk/shop/gb/groceries/product/details/all-ham--deli-meats---dips/sainsburys-smooth-duck-orange-pate-taste-the-difference-150g', "Sainsbury's Smooth Duck & Orange Pate, Taste the Difference 150g", '£2.15', '£1.43 / 100g')
('https://www.sainsburys.co.uk/shop/gb/groceries/product/details/all-ham--deli-meats---dips/carrolls-of-tullamore-new-york-deli-shaved-smokey-bbq-ham-90g', "Carroll's of Tullamore New York Deli Shaved Smokey BBQ Ham 90g", '£2.55', '£2.83 / 100g')
('https://www.sainsburys.co.uk/shop/gb/groceries/product/details/all-ham--deli-meats---dips/sainsburys-smoked-mackerel-pate-100g', "Sainsbury's Smoked Mackerel Pate 100g", '£1.30', '£1.30 / 100g')
('https://www.sainsburys.co.uk/shop/gb/groceries/product/details/all-ham--deli-meats---dips/peperami-chorizo-cheese-snackbox-50g', 'Peperami Chorizo & Cheddar Cheese Snack Box 50g', '£1.50', '£3.00 / 100g')
('https://www.sainsburys.co.uk/shop/gb/groceries/product/details/all-ham--deli-meats---dips/bodega-snacking-with-chorizo-64g', 'Bodega Snacking With Chorizo 64g', '£2.25', '£3.52 / 100g')
('https://www.sainsburys.co.uk/shop/gb/groceries/product/details/all-ham--deli-meats---dips/peperami-corn-puffs-snackbox-50g', 'Peperami Original Salami and Corn Puffs Snack Box 33g', '£1.50', '£3.00 / 100g')
('https://www.sainsburys.co.uk/shop/gb/groceries/product/details/all-ham--deli-meats---dips/sainsburys-butter-roast-chicken-150g', 'Deli Express Butter Roast Chicken 150g', '£2.25', '£1.50 / 100g')
('https://www.sainsburys.co.uk/shop/gb/groceries/product/details/all-ham--deli-meats---dips/sainsburys-napoli-salami-chorizo-cheddar-selection-170g', "Sainsbury's Napoli Salami Chorizo & Cheddar Selection 170g", '£4.00', '£2.35 / 100g')
('https://www.sainsburys.co.uk/shop/gb/groceries/product/details/all-ham--deli-meats---dips/prime-cut-salt-beef-110g', 'Prime Cut Salt Beef 110g', '£3.50', '£3.19 / 100g')
('https://www.sainsburys.co.uk/shop/gb/groceries/product/details/all-ham--deli-meats---dips/goatsbridge-eat-trout-pate-125g', 'Goatsbridge Eat Trout Pate 125g', '£2.50', '£2.00 / 100g')
('https://www.sainsburys.co.uk/shop/gb/groceries/product/details/all-ham--deli-meats---dips/paw-patrol-delicious-slices-of-pork-sausage-cured-and-cooked-x10-100g', 'Paw Patrol Delicious Slices of Pork Sausage Cured and Cooked x10 100g', '£1.39', '£1.39 / 100g')
('https://www.sainsburys.co.uk/shop/gb/groceries/product/details/all-ham--deli-meats---dips/fridge-raiders-slow-roasted-chicken-bites-90g', 'Fridge Raiders Slow Roasted Chicken Snack Bites 90g', '£1.60', '£1.78 / 100g')
('https://www.sainsburys.co.uk/shop/gb/groceries/product/details/all-ham--deli-meats---dips/fridge-raiders-southern-style-2x45g', 'Fridge Raiders Southern Style Chicken Snack Bites 2x 45g', '£1.60', '£1.78 / 100g')
('https://www.sainsburys.co.uk/shop/gb/groceries/product/details/all-ham--deli-meats---dips/peperami-original-minis-10-x-10g', 'Peperami Original Minis 10 x 10g', '£2.00', '£2.00 / 100g')
('https://www.sainsburys.co.uk/shop/gb/groceries/product/details/all-ham--deli-meats---dips/smörgåsbord-the-original-swedish-meatballs-400g', 'Smörgåsbord The Original Swedish Meatballs 400g', '£3.00', '£7.50 / kg')
('https://www.sainsburys.co.uk/shop/gb/groceries/product/details/all-ham--deli-meats---dips/sainsburys-share-mini-pork-cocktail-sausages-x35-252g', "Sainsbury's Mini Pork Cocktail Sausages x35 252g", '£2.00', '82p / 100g')
('https://www.sainsburys.co.uk/shop/gb/groceries/product/details/all-ham--deli-meats---dips/sainsburys-wafer-thin-british-chicken-slices-150g', "Sainsbury's British Wafer Thin Cooked Chicken 150g", '£1.15', '77p / 100g')
('https://www.sainsburys.co.uk/shop/gb/groceries/product/details/all-ham--deli-meats---dips/sainsburys-wafer-thin-british-ham-slices-150g', "Sainsbury's British Wafer Thin Ham 150g", '£1.15', '77p / 100g')
('https://www.sainsburys.co.uk/shop/gb/groceries/product/details/all-ham--deli-meats---dips/cookstown-crumbed-ham-slices-100g', 'Cookstown Crumbed Ham Slices 100g', '£1.00', '£1.00 / 100g')
('https://www.sainsburys.co.uk/shop/gb/groceries/product/details/all-ham--deli-meats---dips/sainsburys-finely-sliced-honey-roast-yorkshire-ham--taste-the-difference-120g', "Sainsbury's Finely Sliced Honey Roast Yorkshire Ham, Taste the Difference 120g", '£2.75', '£2.29 / 100g')
('https://www.sainsburys.co.uk/shop/gb/groceries/product/details/all-ham--deli-meats---dips/sainsburys-roast-whole-cooked-chicken-approx-1kg-', "Sainsbury's Roast Whole Cooked Chicken (approx. 1kg)", '£4.50', '45p / 100g')
('https://www.sainsburys.co.uk/shop/gb/groceries/product/details/all-ham--deli-meats---dips/najma-halal-chicken-tikka-slices-150g', 'Najma Halal Chicken Tikka Slices 150g', '£2.00', '£1.33 / 100g')
('https://www.sainsburys.co.uk/shop/gb/groceries/product/details/all-ham--deli-meats---dips/sainsburys-corned-beef-100g', "Sainsbury's Corned Beef 100g", '£1.20', '£1.20 / 100g')
('https://www.sainsburys.co.uk/shop/gb/groceries/product/details/all-ham--deli-meats---dips/halls-sliced-corned-beef-100g', "Hall's Sliced Corned Beef 100g", '£1.50', '£1.50 / 100g')
('https://www.sainsburys.co.uk/shop/gb/groceries/product/details/all-ham--deli-meats---dips/borders-gourmet-sliced-beef-80g', "Hall's Gourmet Sliced Beef 80g", '£1.50', '£1.88 / 100g')
('https://www.sainsburys.co.uk/shop/gb/groceries/product/details/all-ham--deli-meats---dips/rannoch-smokery-smoked-chicken-155g', 'Rannoch Smokery Smoked Chicken 155g', '£3.50', '£2.41 / 100g')
('https://www.sainsburys.co.uk/shop/gb/groceries/product/details/all-price-lock/herbal-essences-dazzling-shine-shampoo-400ml', 'Herbal Essences Dazzling Shine Shampoo 400ml', '£2.00', '50p / 100ml')
('https://www.sainsburys.co.uk/shop/gb/groceries/product/details/all-price-lock/sainsburys-butchers-choice-pork-sausages-x12-681g', "Sainsbury's Butcher's Choice Pork Sausages x12 681g", '£2.10', '£3.08 / kg')
('https://www.sainsburys.co.uk/shop/gb/groceries/product/details/all-price-lock/finish-dishwasher-cleaner-2x250ml', 'Finish Dishwasher Cleaner Twin Pack Original 2x250ml', '£5.00', '£10.00 / ltr')
('https://www.sainsburys.co.uk/shop/gb/groceries/product/details/all-price-lock/sainsburys-sweet-rich-cream-sherry-1l-111157-p-44', "Sainsbury's Winemaker's Selection Sweet Rich Cream Sherry 1 Litre", '£7.30', '£5.48 / 75cl')
('https://www.sainsburys.co.uk/shop/gb/groceries/product/details/all-price-lock/sainsburys-steak-kidney-shortcrust-pastry-pie-200g', "Sainsbury's Steak & Kidney Shortcrust Pastry Pie 200g", '£1.50', '75p / 100g')
('https://www.sainsburys.co.uk/shop/gb/groceries/product/details/all-price-lock/sanex-dermo-moisturising-bath-650ml', 'Sanex Dermo Moisturising Bubble Bath Foam 650ml', '£2.50', '38p / 100ml')
('https://www.sainsburys.co.uk/shop/gb/groceries/product/details/all-price-lock/mondelli-pinot-grigio-box-225l', 'Mondelli Pinot Grigio Box 2.25L', '£14.75', '£4.92 / 75cl')
('https://www.sainsburys.co.uk/shop/gb/groceries/product/details/all-price-lock/sainsburys-vegetable-lentil-soup-mix-600g', "Sainsbury's Vegetable & Lentil Soup Mix 600g", '£1.50', '£2.50 / kg')
('https://www.sainsburys.co.uk/shop/gb/groceries/product/details/all-price-lock/sainsburys-2-in-1-bio-lavender-jasmine-laundry-powder-455kg-70-washes-', "Sainsbury's 2 in 1 Bio Lavender & Jasmine Laundry Powder 4.55kg (70 Washes)", '£6.25', '£1.37 / kg')
('https://www.sainsburys.co.uk/shop/gb/groceries/product/details/all-price-lock/sainsburys-no-added-sugar-fruit-slurps-orange-pineapple-flavoured-6x250ml', "Sainsbury's No Added Sugar Fruit Slurps Orange & Pineapple Flavoured 6x250ml", '£1.50', '10p / 100ml')
('https://www.sainsburys.co.uk/shop/gb/groceries/product/details/all-price-lock/sainsburys-no-added-sugar-fruit-slurps-orange-juice-drink-6-x-250ml', "Sainsbury's No Added Sugar Fruit Slurps Orange Juice Drink 6 x 250ml", '£1.50', '10p / 100ml')
('https://www.sainsburys.co.uk/shop/gb/groceries/product/details/all-price-lock/sainsburys-intense-coffee-pods-x30-156g', "Sainsbury's Intenso Coffee Pods x30 156g", '£4.75', '£3.04 / 100g')
('https://www.sainsburys.co.uk/shop/gb/groceries/product/details/all-price-lock/sainsburys-chicken-drum-fillets-500g', "Sainsbury's British Fresh Chicken Drumstick Fillets Skinless & Boneless 500g", '£2.30', '£4.60 / kg')
('https://www.sainsburys.co.uk/shop/gb/groceries/product/details/all-price-lock/pataks-garlic-coriander-pappadums-x-8', 'Patak’s Garlic & Coriander Poppadoms x8', '£1.25', '£1.56 / 100g')
('https://www.sainsburys.co.uk/shop/gb/groceries/product/details/all-price-lock/carex-mr-men-sherbet-lemon-hand-wash-250ml', 'Carex Mr Men And Little Miss Sherbet Lemon Hand Wash Antibacterial 250ml', '£1.00', '40p / 100ml')
('https://www.sainsburys.co.uk/shop/gb/groceries/product/details/all-price-lock/sainsburys-british-plain-chicken-drumsticks-15kg', "Sainsbury's British Plain Chicken Drumsticks 1.5kg", '£3.00', '£2.00 / kg')
('https://www.sainsburys.co.uk/shop/gb/groceries/product/details/all-price-lock/sainsburys-super-absorbent-kitchen-towels-x4', "Sainsbury's Super Absorbent Kitchen Towels x4", '£3.50', '88p / 100sht')
('https://www.sainsburys.co.uk/shop/gb/groceries/product/details/all-price-lock/golden-wonder-fully-flavoured-6-x-25g', 'Golden Wonder Fully Flavoured 6 x 25g', '£1.00', '67p / 100g')
('https://www.sainsburys.co.uk/shop/gb/groceries/product/details/all-price-lock/felix-as-good-as-it-looks-gravy-lover-fish-selection-in-even-more-gravy-12x100g', 'Felix As Good As It Looks Gravy Lover Fish Selection in Even More Gravy 12x100g', '£3.50', '£2.92 / kg')
('https://www.sainsburys.co.uk/shop/gb/groceries/product/details/all-price-lock/sainsburys-comfort-fit-for-her-discreet-underwear-pants-super-medium-x12', "Sainsbury's Comfort Fit for Her Discreet Underwear Pants Super Medium x12", '£7.00', '58p / ea')
('https://www.sainsburys.co.uk/shop/gb/groceries/product/details/all-price-lock/sainsburys-comfort-fit-for-her-long-plus-womens-pads-x8', "Sainsbury's Comfort Fit for Her Long Plus Women's Pads x8", '£1.50', '19p / ea')
('https://www.sainsburys.co.uk/shop/gb/groceries/product/details/all-price-lock/always-discreet-underwear-incontinence-pants-plus-m-x9', 'Always Discreet Underwear Incontinence Pants Plus Medium x9', '£6.00', '67p / ea')
('https://www.sainsburys.co.uk/shop/gb/groceries/product/details/all-price-lock/always-discreet-underwear-incontinence-pants-normal-m-x12', 'Always Discreet Underwear Incontinence Pants Normal Medium x12', '£6.00', '50p / ea')
('https://www.sainsburys.co.uk/shop/gb/groceries/product/details/all-price-lock/naked-rice-long-grain-rice-japanese-katsu-curry-78g', 'Naked Rice Long Grain Rice Japanese Katsu Curry 78g', '60p', '77p / 100g')
('https://www.sainsburys.co.uk/shop/gb/groceries/product/details/all-price-lock/nescafé-dolce-gusto-café-au-lait-decaffeinated-coffee-x16-pods-16-drinks', 'Nescafé Dolce Gusto Café Au Lait Decaffeinated Coffee x16 Pods, 16 Drinks', '£3.50', '£3.50 / 100g')
('https://www.sainsburys.co.uk/shop/gb/groceries/product/details/all-price-lock/7th-heaven-pink-guava-peel-off-easy-peel-mask-10ml', '7th Heaven Pink Guava Peel-Off Easy Peel Mask 10ml', '90p', '£9.00 / 100ml')
('https://www.sainsburys.co.uk/shop/gb/groceries/product/details/all-price-lock/lucozade-energy-cherry-1l-7929409-p-44', 'Lucozade Energy Cherry 1L', '£1.00', '10p / 100ml')
('https://www.sainsburys.co.uk/shop/gb/groceries/product/details/all-price-lock/baby-dove-rich-moisture-lotion-400ml', 'Baby Dove Rich Moisture Lotion 400ml', '£1.50', '38p / 100ml')
('https://www.sainsburys.co.uk/shop/gb/groceries/product/details/all-price-lock/chewits-xtreme-chewmix-sweets-180g', 'Chewits Xtreme Chewmix Sweets 180g', '£1.00', '56p / 100g')
('https://www.sainsburys.co.uk/shop/gb/groceries/product/details/all-price-lock/tayto-popcorn-sweet-100g', 'Tayto Popcorn Sweet 100g', '£1.00', '£1.00 / 100g')
('https://www.sainsburys.co.uk/shop/gb/groceries/product/details/all-price-lock/imperial-leather-limited-edition-mermazing-fantasy-icons-shower-gel-250ml', 'Imperial Leather Reviving Tropical Rainforest & Papaya Shower Gel 250ml', '90p', '36p / 100ml')
('https://www.sainsburys.co.uk/shop/gb/groceries/product/details/all-price-lock/sainsburys-shower-cream-250ml', "Sainsbury's Shower Cream 250ml", '30p', '12p / 100ml')
('https://www.sainsburys.co.uk/shop/gb/groceries/product/details/all-price-lock/sainsburys-northern-irish-pork-mince-20-fat-500g', "Sainsbury's Northern Irish Pork Mince 20% Fat 500g", '£1.75', '£3.50 / kg')
('https://www.sainsburys.co.uk/shop/gb/groceries/product/details/all-price-lock/heineken-lager-4x440ml', 'Heineken Premium Lager Beer Cans 4 x 440ml', '£4.00', '£2.27 / ltr')
('https://www.sainsburys.co.uk/shop/gb/groceries/product/details/all-price-lock/sainsburys-instant-cappuccino-8x17g', "Sainsbury's Instant Cappuccino 8x17g", '£1.00', '74p / 100g')
('https://www.sainsburys.co.uk/shop/gb/groceries/product/details/all-price-lock/sainsburys-instant-latte-8x18g', "Sainsbury's Instant Latte 8x18g", '£1.00', '69p / 100g')
('https://www.sainsburys.co.uk/shop/gb/groceries/product/details/all-price-lock/bakers-small-dry-dog-food-beef-and-veg-285kg-7912625-p', 'Bakers Small Dry Dog Food Beef and Veg 2.85kg', '£6.00', '£2.11 / kg')
('https://www.sainsburys.co.uk/shop/gb/groceries/product/details/all-price-lock/bakers-puppy-dry-dog-food-chicken-and-veg-285kg-7912618-p', 'Bakers Puppy Dry Dog Food Chicken and Veg 2.85kg', '£6.00', '£2.11 / kg')
('https://www.sainsburys.co.uk/shop/gb/groceries/product/details/all-price-lock/sainsburys-sour-cream-280g', "Sainsbury's Sour Cream 280g", '£1.30', '46p / 100g')
('https://www.sainsburys.co.uk/shop/gb/groceries/product/details/all-price-lock/hellmanns-honey-mustard-salad-dressing-210ml', "Hellmann's Honey & Mustard Salad Dressing 210ml", '£1.25', '60p / 100ml')
('https://www.sainsburys.co.uk/shop/gb/groceries/product/details/organic-dairy-products/grahams-whole-milk-organic-2272l-4-pint-', "Graham's Whole Milk, Organic 2.272L (4 pint)", '£2.25', '99p / ltr')
('https://www.sainsburys.co.uk/shop/gb/groceries/product/details/organic-dairy-products/sainsburys-vintage-cheddar--so-organic-270g', "Sainsbury's Vintage Cheddar, SO Organic 270g", '£2.50', '£9.26 / kg')
('https://www.sainsburys.co.uk/shop/gb/groceries/product/details/organic-dairy-products/sainsburys-british-whole-milk-so-organic-113l-2-pint-', "Sainsbury's British Whole Milk, SO Organic 1.13L (2 pint)", '£1.05', '92p / ltr')
('https://www.sainsburys.co.uk/shop/gb/groceries/product/details/organic-dairy-products/sainsburys-scottish-skimmed-milk-so-organic-568ml-1-pint-', "Sainsbury's Scottish Skimmed Milk, SO Organic 568ml (1 pint)", '65p', '£1.14 / ltr')
('https://www.sainsburys.co.uk/shop/gb/groceries/product/details/organic-dairy-products/sainsburys-british-semi-skimmed-milk-so-organic-568ml-1-pint-', "Sainsbury's British Semi Skimmed Milk, SO Organic 568ml (1 pint)", '65p', '£1.14 / ltr')
('https://www.sainsburys.co.uk/shop/gb/groceries/product/details/organic-dairy-products/yeo-valley-organic-strawberry-yogurts-4x120g', 'Yeo Valley Organic Yogurt Strawberry 4x120g', '£1.50', '32p / 100g')
('https://www.sainsburys.co.uk/shop/gb/groceries/product/details/organic-dairy-products/yeo-valley-organic-yogurt-limited-edition-450g', 'Yeo Valley Organic Yogurt, Limited Edition 450g', '£1.00', '22p / 100g')
('https://www.sainsburys.co.uk/shop/gb/groceries/product/details/organic-dairy-products/yeo-valley-organic-kids-little-yeos-yogurt-4x90g', 'Yeo Valley Organic Little Yeos Fruity Favourites Yogurt 4x90g', '£1.65', '46p / 100g')
('https://www.sainsburys.co.uk/shop/gb/groceries/product/details/organic-dairy-products/grahams-organic-butter-250g', "Graham's Organic Scottish Butter Slightly Salted 250g", '£2.00', '£8.00 / kg')
('https://www.sainsburys.co.uk/shop/gb/groceries/product/details/organic-dairy-products/yeo-valley-organic-whole-milk-2l', 'Yeo Valley Organic Whole Milk 2L', '£1.80', '90p / ltr')
('https://www.sainsburys.co.uk/shop/gb/groceries/product/details/organic-dairy-products/rachels-organic-greek-style-coconut-yogurt-450g', "Rachel's Organic Greek Style Coconut Yogurt 450g", '£2.00', '44p / 100g')
('https://www.sainsburys.co.uk/shop/gb/groceries/product/details/organic-dairy-products/sainsburys-parmigiano-reggiano--so-organic-200g', "Sainsbury's Parmigiano Reggiano Cheese, SO Organic 200g", '£4.00', '£20.00 / kg')
('https://www.sainsburys.co.uk/shop/gb/groceries/product/details/organic-dairy-products/mia-ben-banana-mango-organic-100g', 'Mia & Ben Super Food for Kids Banana, Mango & Pineapple 6+ Months 100g', '£1.20', '£1.20 / 100g')
('https://www.sainsburys.co.uk/shop/gb/groceries/product/details/organic-dairy-products/grahams-whole-milk--organic-1l-7844801-p-44', "Graham's Whole Milk, Organic 1L", '£1.15', '£1.15 / ltr')
('https://www.sainsburys.co.uk/shop/gb/groceries/product/details/organic-dairy-products/grahams-whole-milk-organic-1136l-2-pint-', "Graham's Whole Milk, Organic 1.136L (2 pint)", '£1.35', '£1.19 / ltr')
('https://www.sainsburys.co.uk/shop/gb/groceries/product/details/organic-dairy-products/yeo-valley-organic-greek-style-natural-yogurt-4x120g-7782511-p-44', 'Yeo Valley Organic Greek Style Natural Yogurt 4x120g', '£2.00', '42p / 100g')
('https://www.sainsburys.co.uk/shop/gb/groceries/product/details/organic-dairy-products/sainsburys-extra-mature-cheddar--organic-270g', "Sainsbury's Extra Mature Cheddar, SO Organic 270g", '£2.50', '£9.26 / kg')
('https://www.sainsburys.co.uk/shop/gb/groceries/product/details/organic-dairy-products/sainsburys-scottish-whole-milk-so-organic-113l-2-pint-', "Sainsbury's Scottish Whole Milk, SO Organic 1.13L (2 pint)", '£1.05', '92p / ltr')
('https://www.sainsburys.co.uk/shop/gb/groceries/product/details/organic-dairy-products/sainsburys-scottish-whole-milk-so-organic-568ml-1-pint-', "Sainsbury's Scottish Whole Milk, SO Organic 568ml (1 pint)", '65p', '£1.14 / ltr')
('https://www.sainsburys.co.uk/shop/gb/groceries/product/details/organic-dairy-products/sainsburys-scottish-semi-skimmed-milk-so-organic-568ml-1-pint-', "Sainsbury's Scottish Semi Skimmed Milk, SO Organic 568ml (1 pint)", '65p', '£1.14 / ltr')
('https://www.sainsburys.co.uk/shop/gb/groceries/product/details/organic-dairy-products/yeo-valley-organic-spreadable-500g', 'Yeo Valley Organic Buttery & Spreadable 500g', '£3.35', '£6.70 / kg')
('https://www.sainsburys.co.uk/shop/gb/groceries/product/details/organic-meat-fish-and-poultry/sainsburys-5-fat-british-beef-mince-so-organic-500g', "Sainsbury's 5% Fat British Beef Mince, SO Organic 500g", '£4.75', '£9.50 / kg')
('https://www.sainsburys.co.uk/shop/gb/groceries/product/details/organic-meat-fish-and-poultry/sainsburys-beef-mince-5-fat-so-organic-400g', "Sainsbury's Beef Mince 5% Fat, SO Organic 400g", '£3.80', '£9.50 / kg')
('https://www.sainsburys.co.uk/shop/gb/groceries/product/details/organic-meat-fish-and-poultry/sainsburys-30-day-matured-northern-irish-beef-fillet-steak-so-organic-170g', "Sainsbury's 30 Day Matured Northern Irish Beef Fillet Steak, SO Organic 170g", '£6.10', '£35.88 / kg')
('https://www.sainsburys.co.uk/shop/gb/groceries/product/details/organic-meat-fish-and-poultry/sainsburys-northern-irish-beef-mince-5-fat-so-organic-400g', "Sainsbury's Northern Irish Beef Mince 5% Fat, SO Organic 400g", '£3.80', '£9.50 / kg')
('https://www.sainsburys.co.uk/shop/gb/groceries/product/details/organic-meat-fish-and-poultry/sainsburys-lamb-mince-so-organic-400g', "Sainsbury's Lamb Mince, SO Organic 400g", '£4.80', '£12.00 / kg')
('https://www.sainsburys.co.uk/shop/gb/groceries/product/details/organic-meat-fish-and-poultry/sainsburys-30-day-matured-northern-irish-ribeye-steak-so-organic-225g', "Sainsbury's 30 Day Matured Northern Irish Ribeye Steak, SO Organic 225g", '£6.00', '£26.67 / kg')
('https://www.sainsburys.co.uk/shop/gb/groceries/product/details/organic-meat-fish-and-poultry/sainsburys-sirloin-steak--so-organic-225g', "Sainsbury's 30 Day Matured Sirloin Steak, SO Organic 225g", '£5.75', '£25.56 / kg')
('https://www.sainsburys.co.uk/shop/gb/groceries/product/details/organic-meat-fish-and-poultry/helen-browning-smoked-streaky-bacon-184g', "Helen Browning's Organic Smoked Streaky Bacon 184g", '£3.50', '£19.02 / kg')
('https://www.sainsburys.co.uk/shop/gb/groceries/product/details/organic-meat-fish-and-poultry/sainsburys-lamb-half-leg-so-organic', "Sainsbury's Lamb Half Leg, SO Organic", '£11.70', '£1.30 / 100g')
('https://www.sainsburys.co.uk/shop/gb/groceries/product/details/organic-meat-fish-and-poultry/helen-brownings-totally-speedy-sausages--organic-200g', "Helen Browning's Organic Speedy Sausages x12 200g", '£4.00', '£20.00 / kg')
('https://www.sainsburys.co.uk/shop/gb/groceries/product/details/organic-meat-fish-and-poultry/sainsburys-ni-beef-joint-cw-organic', "Sainsbury's Organic Beef Joint (approx. 1.05kg)", '£16.20', '£13.50 / kg')
('https://www.sainsburys.co.uk/shop/gb/groceries/product/details/organic-meat-fish-and-poultry/sainsburys-diced-beef-so-organic-400g', "Sainsbury's Diced Beef, SO Organic 400g", '£4.00', '£10.00 / kg')
('https://www.sainsburys.co.uk/shop/gb/groceries/product/details/organic-meat-fish-and-poultry/sainsburys-30-day-matured-fillet-steak-so-organic-170g', "Sainsbury's 30 Day Matured Fillet Steak, SO Organic 170g", '£6.10', '£35.88 / kg')
('https://www.sainsburys.co.uk/shop/gb/groceries/product/details/organic-meat-fish-and-poultry/helen-browning-smoked-back-bacon-184g', "Helen Browning's Organic Smoked Back Bacon 184g", '£4.00', '£21.74 / kg')
('https://www.sainsburys.co.uk/shop/gb/groceries/product/details/special-offers-462368-44/so-prosecco-doc-extra-dry--organic-75cl', "Sainsbury's Prosecco DOC Extra Dry, SO Organic 75cl", '£5.00', '£5.00 / 75cl')
('https://www.sainsburys.co.uk/shop/gb/groceries/product/details/special-offers-462368-44/sainsburys-malbec--so-organic-75cl', "Sainsbury's Malbec, SO Organic 75cl", '£7.00', '£7.00 / 75cl')
('https://www.sainsburys.co.uk/shop/gb/groceries/product/details/special-offers-462368-44/yeo-valley-organic-yogurt-apricot-450g', 'Yeo Valley Organic Peach & Apricot Yogurt 450g', '£1.00', '22p / 100g')
('https://www.sainsburys.co.uk/shop/gb/groceries/product/details/new-355373-44/diet-coke-15l-p-2413853-p-44', 'Diet Coke Passover 1.5L', '£2.50', '17p / 100ml')
('https://www.sainsburys.co.uk/shop/gb/groceries/product/details/new-355373-44/twix-chocolate-biscuit-low-calorie-snack-bars-multipack-x10-20g', 'Twix 99 Calorie Chocolate Snack Bars 10 Pack 200G', '£2.50', '£1.25 / 100g')
('https://www.sainsburys.co.uk/shop/gb/groceries/product/details/new-355373-44/copella-smooth-orange-juice-135l', 'Copella Smooth Orange Juice 1.35L', '£2.00', '15p / 100ml')
('https://www.sainsburys.co.uk/shop/gb/groceries/product/details/new-355373-44/yeti-animated-plush', 'Yeti Animated Plush', '£18.00', '£18.00 / ea')
('https://www.sainsburys.co.uk/shop/gb/groceries/product/details/new-355373-44/sainsburys-home-urban-escape-runner-220x33cm-133687387-p', "Sainsbury's Home Urban Escape Runner 220x33cm", '£12.00', '£12.00 / ea')
('https://www.sainsburys.co.uk/shop/gb/groceries/product/details/new-355373-44/sainsburys-home-midnight-party-stirrers-x4-133687344-p', "Sainsbury's Home Midnight Party Stirrers x4", '£8.00', '£8.00 / ea')
('https://www.sainsburys.co.uk/shop/gb/groceries/product/details/new-355373-44/sainsburys-home-midnight-party-bottle-opener-133687281-p', "Sainsbury's Home Midnight Party Bottle Opener", '£4.00', '£4.00 / ea')
('https://www.sainsburys.co.uk/shop/gb/groceries/product/details/new-355373-44/sainsburys-home-midnight-party-metal-straws-x4-133685373-p', "Sainsbury's Home Midnight Party Metal Straws x4", '£7.00', '£7.00 / ea')
('https://www.sainsburys.co.uk/shop/gb/groceries/product/details/new-355373-44/sainsburys-home-stainless-steel-chip-pan-22cm-133651958-p', "Sainsbury's Home Stainless Steel Chip Pan 22cm", '£18.00', '£18.00 / ea')
('https://www.sainsburys.co.uk/shop/gb/groceries/product/details/new-355373-44/chad-valley-auto-city-express-bus-133639019-p', 'Chad Valley Auto City Express Bus', '£10.00', '£10.00 / ea')
('https://www.sainsburys.co.uk/shop/gb/groceries/product/details/new-355373-44/sainsburys-home-heart-coir-doormat-133614903-p', "Sainsbury's Home Heart Coir Doormat", '£6.00', '£6.00 / ea')
('https://www.sainsburys.co.uk/shop/gb/groceries/product/details/new-355373-44/sainsburys-home-stone-effect-saucepan-set-5pc-133563261-p', "Sainsbury's Home Stone Effect Saucepan Set 5pc", '£75.00', '£75.00 / ea')
('https://www.sainsburys.co.uk/shop/gb/groceries/product/details/new-355373-44/sainsburys-home-newstalgia-ceramic-fruit-bowl-133558201-p', "Sainsbury's Home Newstalgia Ceramic Fruit Bowl", '£10.00', '£10.00 / ea')
('https://www.sainsburys.co.uk/shop/gb/groceries/product/details/new-355373-44/sainsburys-home-newstalgia-cake-tin-133554875-p', "Sainsbury's Home Newstalgia Cake Tin", '£7.00', '£7.00 / ea')
('https://www.sainsburys.co.uk/shop/gb/groceries/product/details/new-355373-44/sainsburys-home-fiesta-pin-badges-x4-133208278-p', "Sainsbury's Home Fiesta Pin Badges x4", '£4.00', '£4.00 / ea')
('https://www.sainsburys.co.uk/shop/gb/groceries/product/details/new-355373-44/summit-envelope-sleeping-bag--green---blue-133393637-p', 'Summit Envelope Sleeping Bag Green / Blue', '£14.00', '£14.00 / ea')
('https://www.sainsburys.co.uk/shop/gb/groceries/product/details/new-355373-44/sainsburys-home-fiesta-paint-your-own-maracas-133279025-p', "Sainsbury's Home Fiesta Paint Your Own Maracas", '£5.00', '£5.00 / ea')
('https://www.sainsburys.co.uk/shop/gb/groceries/product/details/new-355373-44/babyliss-diamond-heated-smoothing---straightening-brush-2440bdu-133317327-p', 'BaByliss Diamond Heated Smoothing & Straightening Brush 2440BDU', '£80.00', '£80.00 / ea')
('https://www.sainsburys.co.uk/shop/gb/groceries/product/details/new-355373-44/sainsburys-home-newstalgia-retro-stem-bed-linen-133281328-p', "Sainsbury's Home Newstalgia Retro Stem Bed Linen", '£21.00', '£21.00 / ea')
('https://www.sainsburys.co.uk/shop/gb/groceries/product/details/new-355373-44/sainsburys-home-fiesta-a6-notebook-133274030-p', "Sainsbury's Home Fiesta A6 Notebook", '£2.00', '£2.00 / ea')
('https://www.sainsburys.co.uk/shop/gb/groceries/product/details/new-355373-44/sainsburys-home-newstalgia-flower-embroidered-bed-linen-133277732-p', "Sainsbury's Home Newstalgia Flower Embroidered Bed Linen", '£38.00', '£38.00 / ea')
('https://www.sainsburys.co.uk/shop/gb/groceries/product/details/new-355373-44/sainsburys-home-havana-dinner-boxset-12pc-133250951-p', "Sainsbury's Home Havana Dinner Boxset 12pc", '£38.00', '£38.00 / ea')
('https://www.sainsburys.co.uk/shop/gb/groceries/product/details/new-355373-44/baby-secrets-single-pack-133253001-p', 'Baby Secrets single pack', '£1.50', '£1.50 / ea')
('https://www.sainsburys.co.uk/shop/gb/groceries/product/details/new-355373-44/barrel-o-slime-assortment-133142686-p', 'Barrel O Slime Assortment', '£2.00', '£2.00 / ea')
('https://www.sainsburys.co.uk/shop/gb/groceries/product/details/new-355373-44/disney-cars-walkie-talkie-133077280-p', 'Disney Cars Walkie Talkie', '£15.00', '£15.00 / ea')
('https://www.sainsburys.co.uk/shop/gb/groceries/product/details/new-355373-44/sainsburys-valentines-roarsome-lion-133179809-p', "Sainsbury's Valentine's Roarsome Lion", '£12.00', '£12.00 / ea')
('https://www.sainsburys.co.uk/shop/gb/groceries/product/details/new-355373-44/lego-ninjago-kai-spinjitzu-master-70633-133152817-p', 'Lego Ninjago Kai Spinjitzu Master 70633', '£10.00', '£10.00 / ea')
('https://www.sainsburys.co.uk/shop/gb/groceries/product/details/new-355373-44/lego-friends-mias-tree-house-41335-133139292-p', "Lego Friends Mia's Tree House 41335", '£25.00', '£25.00 / ea')
('https://www.sainsburys.co.uk/shop/gb/groceries/product/details/new-355373-44/lego-juniors-zanes-ninja-boat-pursuit-10755-133120364-p', "Lego Juniors Zane's Ninja Boat Pursuit 10755", '£18.00', '£18.00 / ea')
('https://www.sainsburys.co.uk/shop/gb/groceries/product/details/new-355373-44/flush-force-collector-toilet-133099761-p', 'Flush Force Collector Toilet', '£15.00', '£15.00 / ea')
('https://www.sainsburys.co.uk/shop/gb/groceries/product/details/new-355373-44/nerf-accustrike-quadrant-blaster-133137801-p', 'Nerf Accustrike Quadrant Blaster', '£11.00', '£11.00 / ea')
('https://www.sainsburys.co.uk/shop/gb/groceries/product/details/new-355373-44/cutie-stix-refill-stix--133117763-p', 'Cutie Stix Refill Stix', '£5.00', '£5.00 / ea')
('https://www.sainsburys.co.uk/shop/gb/groceries/product/details/new-355373-44/hilife-its-only-natural-the-tunaone-in-jelly-adult-complete-wet-cat-food-x8-70g', "HiLife it's only natural The TunaOne in Jelly Adult Complete Wet Cat Food x8 70g", '£4.50', '£8.04 / kg')
('https://www.sainsburys.co.uk/shop/gb/groceries/product/details/new-355373-44/pedigree-pouches-mixed-in-jelly-40x100g', 'Pedigree Wet Dog Food Pouches Mixed Variety in Jelly x40 100g', '£11.00', '£2.75 / kg')
('https://www.sainsburys.co.uk/shop/gb/groceries/product/details/new-355373-44/power-rangers-mashems--133071283-p', 'Power Rangers Mashems', '£3.00', '£3.00 / ea')
('https://www.sainsburys.co.uk/shop/gb/groceries/product/details/new-355373-44/sainsburys-easter-faux-fritillaris---narcissus-in-glass-bottle-133032364-p', "Sainsbury's Easter Faux Fritillaris & Narcissus in Glass Bottle", '£5.00', '£5.00 / ea')
('https://www.sainsburys.co.uk/shop/gb/groceries/product/details/new-355373-44/sainsburys-mothers-day-grandma-flower-magnet-photo-peg-132999573-p', "Sainsbury's Mother's Day Grandma Flower Magnet Photo Peg", '£3.50', '£3.50 / ea')
('https://www.sainsburys.co.uk/shop/gb/groceries/product/details/new-355373-44/mums-breakfast-hamper-bag', "Mum's Breakfast Hamper Bag", '£10.00', '£10.00 / ea')
('https://www.sainsburys.co.uk/shop/gb/groceries/product/details/new-355373-44/yeo-valley-organic-black-cherry-yogurt-with-nut-butter-corner-130g', 'Yeo Valley Organic Black Cherry Yogurt with Nut Butter Corner 130g', '£1.50', '£1.15 / 100g')
('https://www.sainsburys.co.uk/shop/gb/groceries/product/details/new-355373-44/sainsburys-taste-the-difference-12-mini-scallop-bisque-shells-150g', "Sainsbury's Mini Scallop Bisque Shells 150g", '£5.50', '£36.67 / kg')
('https://www.sainsburys.co.uk/shop/gb/groceries/product/details/new-355373-44/-im-perfectly-tasty-cherry-tomatoes-250g', 'Imperfectly Tasty Cherry Tomatoes', '48p', '£1.92 / kg')
('https://www.sainsburys.co.uk/shop/gb/groceries/product/details/big-night-in/yes-to-coconut-ultra-hydrating-paper-mask-20ml-7934134-p', 'Yes To Coconut Ultra Hydrating Paper Mask 20ml', '£3.00', '£3.00 / ea')
('https://www.sainsburys.co.uk/shop/gb/groceries/product/details/big-night-in/sainsburys-classic-crust-supreme-pizza-520g', "Sainsbury's Classic Crust Supreme Pizza 520g", '£3.50', '£6.73 / kg')
('https://www.sainsburys.co.uk/shop/gb/groceries/product/details/big-night-in/sainsburys-spinach-ricotta-tortelloni-300g', "Sainsbury's Spinach & Ricotta Tortelloni 300g", '£1.50', '£5.00 / kg')
('https://www.sainsburys.co.uk/shop/gb/groceries/product/details/big-night-in/seriously-good-to-shea-butter-mini-treats', 'Seriously Good To... Shea Butter Mini Treats', '£3.50', '£3.50 / ea')
('https://www.sainsburys.co.uk/shop/gb/groceries/product/details/big-night-in/sainsburys-special-fried-rice-400g', "Sainsbury's Special Fried Rice 400g (Serves 2)", '£2.60', '£6.50 / kg')
('https://www.sainsburys.co.uk/shop/gb/groceries/product/details/big-night-in/woodford-reserve-distillers-select-kentucky-straight-bourbon-whiskey-70cl', 'Woodford Reserve Bourbon Whiskey 70cl', '£32.00', '£45.71 / ltr')
('https://www.sainsburys.co.uk/shop/gb/groceries/product/details/big-night-in/most-wanted-pinot-noir-75cl', 'Most Wanted New Zealand Pinot Noir 75cl', '£10.00', '£10.00 / 75cl')
('https://www.sainsburys.co.uk/shop/gb/groceries/product/details/big-night-in/blue-dragon-thai-green-curry-paste-pot-50g-7760790-p', 'Blue Dragon Thai Green Curry Paste Pot 50g', '£1.00', '£2.00 / 100g')
('https://www.sainsburys.co.uk/shop/gb/groceries/product/details/big-night-in/old-el-paso-squeezy-guacamole-240g', 'Old El Paso Squeezy Chunky Guacamole 240g', '£1.75', '73p / 100g')
('https://www.sainsburys.co.uk/shop/gb/groceries/product/details/big-night-in/magnum-classic-x4-440ml', 'Magnum Ice Cream Classic Chocolate 4x110ml', '£2.00', '46p / 100ml')
('https://www.sainsburys.co.uk/shop/gb/groceries/product/details/big-night-in/butterkist-microwave-sweet-3x70g', 'Butterkist Microwave Popcorn Sweet 3x60g', '£2.00', '£1.11 / 100g')
('https://www.sainsburys.co.uk/shop/gb/groceries/product/details/big-night-in/sainsburys-tortilla-chips-200g', "Sainsbury's Tortilla Chips 200g", '95p', '48p / 100g')
('https://www.sainsburys.co.uk/shop/gb/groceries/product/details/big-night-in/sainsburys-prawn-crackers-80g-7688340-p-44', "Sainsbury's Prawn Crackers 80g", '£1.20', '£1.50 / 100g')
('https://www.sainsburys.co.uk/shop/gb/groceries/product/details/big-night-in/sensations-thai-sweet-chilli-175g', 'Sensations Thai Sweet Chilli Sharing Crisps 150g', '£1.00', '67p / 100g')
('https://www.sainsburys.co.uk/shop/gb/groceries/product/details/big-night-in/gentleman-jack-70cl', "Jack Daniel's Gentleman Jack Whiskey 70cl", '£32.00', '£45.71 / ltr')
('https://www.sainsburys.co.uk/shop/gb/groceries/product/details/big-night-in/sabra-houmous-extra-200g', 'Sabra Houmous Extra 200g', '£2.00', '£1.00 / 100g')
('https://www.sainsburys.co.uk/shop/gb/groceries/product/details/big-night-in/sainsburys-tex-mex-mini-multi-dips-240g', "Sainsbury's Tex Mex Dip Selection 240g", '£1.80', '75p / 100g')
('https://www.sainsburys.co.uk/shop/gb/groceries/product/details/big-night-in/sainsburys-dark-soy-sauce-150ml', "Sainsbury's Dark Soy Sauce 150ml", '65p', '43p / 100ml')
('https://www.sainsburys.co.uk/shop/gb/groceries/product/details/big-night-in/cadbury-dairy-milk-giant-buttons-119g', 'Cadbury Dairy Milk Giant Chocolate Buttons Bag 119g', '£1.50', '£1.26 / 100g')
('https://www.sainsburys.co.uk/shop/gb/groceries/product/details/big-night-in/napolina-tomato---basil-sauce-350g', 'Napolina Pasta Sauce, Tomato & Basil 350g', '£1.00', '29p / 100g')
('https://www.sainsburys.co.uk/shop/gb/groceries/product/details/big-night-in/sainsburys-cranberry---raspberry-juice-drink-1l', "Sainsbury's Cranberry & Raspberry Juice Drink 1L", '£1.25', '13p / 100ml')
('https://www.sainsburys.co.uk/shop/gb/groceries/product/details/big-night-in/mr-kipling-halloween-fiendish-fancies-x8', 'Mr Kipling Halloween Fiendish Fancies x8', '£1.50', '19p / ea')
('https://www.sainsburys.co.uk/shop/gb/groceries/product/details/big-night-in/sally-hansen-nail-care--maximum-growth-13ml', 'Sally Hansen Nail Care, Maximum Growth 13ml', '£6.50', '£48.87 / 100ml')
('https://www.sainsburys.co.uk/shop/gb/groceries/product/details/big-night-in/dolmio-original-bolognese-sauce-500g', 'Dolmio Bolognese Pasta Sauce Original 500g', '£1.40', '28p / 100g')
('https://www.sainsburys.co.uk/shop/gb/groceries/product/details/big-night-in/san-miguel-12x330ml', 'San Miguel Premium Lager Beer Bottles 12x330ml', '£12.00', '£3.03 / ltr')
('https://www.sainsburys.co.uk/shop/gb/groceries/product/details/big-night-in/sainsburys-crispy-sweet---sour-chicken-with-rice-400g', "Sainsbury's Crispy Sweet & Sour Chicken With Rice 400g (Serves 1)", '£3.00', '£7.50 / kg')
('https://www.sainsburys.co.uk/shop/gb/groceries/product/details/big-night-in/sainsburys-crispy-chicken-with-lemon-sauce-340g', "Sainsbury's Crispy Chicken With Lemon Sauce 350g (Serves 2)", '£3.50', '£10.00 / kg')
('https://www.sainsburys.co.uk/shop/gb/groceries/product/details/big-night-in/sainsburys-kentish-ale--taste-the-difference-500ml', "Sainsbury's Kentish Ale, Taste the Difference 500ml", '£1.50', '£3.00 / ltr')
('https://www.sainsburys.co.uk/shop/gb/groceries/product/details/big-night-in/sainsburys-india-pale-ale--taste-the-difference-500ml', "Sainsbury's India Pale Ale (IPA), Taste the Difference 500ml", '£1.70', '£3.40 / ltr')
('https://www.sainsburys.co.uk/shop/gb/groceries/product/details/big-night-in/pataks-tikka-masala-sauce-450g', "Patak's Tikka Masala Sauce 450g", '£1.25', '28p / 100g')
('https://www.sainsburys.co.uk/shop/gb/groceries/product/details/big-night-in/mr-kipling-apple---blackcurrant-pies-x6', 'Mr Kipling Apple & Blackcurrant Pies x6', '£1.00', '17p / ea')
('https://www.sainsburys.co.uk/shop/gb/groceries/product/details/big-night-in/mr-kipling-apple-pies-x6-432g', 'Mr Kipling Bramley Apple Pies x6', '£1.00', '17p / ea')
('https://www.sainsburys.co.uk/shop/gb/groceries/product/details/big-night-in/kikkoman-naturally-brewed-tamari-soy-sauce--gluten-free-250ml', 'Kikkoman Tamari Gluten Free Soy Sauce 250ml', '£2.60', '£1.04 / 100ml')
('https://www.sainsburys.co.uk/shop/gb/groceries/product/details/big-night-in/alpro-soya-dairy-free-custard-525g', 'Alpro Vanilla Custard 525g', '£1.00', '19p / 100g')
('https://www.sainsburys.co.uk/shop/gb/groceries/product/details/big-night-in/cadbury-dairy-milk-200g', 'Cadbury Dairy Milk Chocolate Bar 200g', '£1.50', '75p / 100g')
('https://www.sainsburys.co.uk/shop/gb/groceries/product/details/bigger-packs-/sainsburys-clingfilm-100mx350mm', "Sainsbury's Cling Film 350mm x100m", '£3.60', '4p / mtr')
('https://www.sainsburys.co.uk/shop/gb/groceries/product/details/bigger-packs-/marmite-500g', 'Marmite Yeast Extract 500g', '£4.75', '95p / 100g')
('https://www.sainsburys.co.uk/shop/gb/groceries/product/details/bigger-packs-/diet-coke-12x330ml-7517073-p-44', 'Diet Coke 12x330ml', '£4.80', '12p / 100ml')
('https://www.sainsburys.co.uk/shop/gb/groceries/product/details/bigger-packs-/tresemmé-botanique-hemp-hydra-cond-400ml', 'TRESemmé Botanique Hemp Hydra Cond 400ml', '£3.50', '88p / 100ml')
('https://www.sainsburys.co.uk/shop/gb/groceries/product/details/bigger-packs-/mccain-naked-oven-chips-cc-17kg', 'Mccain Naked Oven Chips Crinkle 1.7kg', '£2.80', '£1.65 / kg')
('https://www.sainsburys.co.uk/shop/gb/groceries/product/details/bigger-packs-/mccain-home-chips-cc-16kg', 'Mccain Home Chips Chips Crinkle 1.6kg', '£3.30', '£2.06 / kg')
('https://www.sainsburys.co.uk/shop/gb/groceries/product/details/bigger-packs-/mcguigan-estate-chardonnay-225l', 'Mcguigan Estate Chardonnay 2.25L', '£14.75', '£4.92 / 75cl')
('https://www.sainsburys.co.uk/shop/gb/groceries/product/details/bigger-packs-/mcvities-digestives-milk-chocolate-x2-316g', "McVitie's Digestives Milk Chocolate x2 Biscuits 316g", '£2.00', '31p / 100g')
('https://www.sainsburys.co.uk/shop/gb/groceries/product/details/bigger-packs-/peperami-original-x-5-1125g', 'Peperami Original x 5 112.5g', '£2.75', '£2.44 / 100g')
('https://www.sainsburys.co.uk/shop/gb/groceries/product/details/all-yogurt/the-collective-russian-fudge-gourmet-live-yoghurt-150g', 'The Collective Russian Fudge Gourmet Live Yoghurt 150g', '£1.00', '67p / 100g')
('https://www.sainsburys.co.uk/shop/gb/groceries/product/details/all-yogurt/rachels-vanilla-organic-450g', "Rachel's Vanilla, Organic 450g", '£2.00', '44p / 100g')
('https://www.sainsburys.co.uk/shop/gb/groceries/product/details/all-yogurt/the-collective-kefir-natural-cultured-drink-500ml', 'The Collective Kefir Natural Cultured Drink 500ml', '£1.50', '30p / 100ml')
('https://www.sainsburys.co.uk/shop/gb/groceries/product/details/all-yogurt/grahams-quark-naturally-fat-free-250g', "Graham's Quark Naturally Fat Free 250g", '£1.00', '£4.00 / kg')
('https://www.sainsburys.co.uk/shop/gb/groceries/product/details/all-yogurt/koko-dairy-free-plain-live-yogurt-cultures-500g', 'Koko Dairy Free Plain Live Yogurt Cultures 500g', '£1.50', '30p / 100g')
('https://www.sainsburys.co.uk/shop/gb/groceries/product/details/all-yogurt/rachels-organic-lactose-free-natural-bio-live-yogurt-450g', "Rachel's Organic Lactose Free Natural Bio-Live Yogurt 450g", '£2.00', '44p / 100g')
('https://www.sainsburys.co.uk/shop/gb/groceries/product/details/all-yogurt/sainsburys-fat-free-greek-style--honey-yog-450g', "Sainsbury's Fat Free Greek Style Honey Yogurt 450g", '£1.20', '27p / 100g')
('https://www.sainsburys.co.uk/shop/gb/groceries/product/details/all-yogurt/sainsburys-0-fat-greek-style-yogurt-200g', "Sainsbury's 0% Fat Greek Style Yogurt 200g", '50p', '25p / 100g')
('https://www.sainsburys.co.uk/shop/gb/groceries/product/details/all-yogurt/the-collective-fresh-whole-milk-yogurt---fruit-banana-suckies-for-kids-100g', 'The Collective Kids Suckies Banana Yogurt 100g', '75p', '75p / 100g')
('https://www.sainsburys.co.uk/shop/gb/groceries/product/details/all-yogurt/alpro-yogurt-alternative--strawberry-raspberry-150g', 'Alpro Greek Style Strawberry Yoghurt Alternative 150g', '£1.00', '67p / 100g')
('https://www.sainsburys.co.uk/shop/gb/groceries/product/details/all-yogurt/bio-tiful-morello-cherry-kefir-250ml', 'Biotiful Kefir Morello Cherry 250ml', '£1.45', '£5.80 / ltr')
('https://www.sainsburys.co.uk/shop/gb/groceries/product/details/all-yogurt/glenisk-organic-bio-wholemilk-strawberry-yogurt-4x125g', 'Glenisk Bio Live Organic Yogurt Strawberry 4x125g', '£2.00', '40p / 100g')
('https://www.sainsburys.co.uk/shop/gb/groceries/product/details/all-yogurt/muller-rice-raspberry---apple-6x180g', 'Müller Rice Apple & Raspberry Low Fat Pudding Dessert 6x180g', '£3.50', '32p / 100g')
('https://www.sainsburys.co.uk/shop/gb/groceries/product/details/all-yogurt/danone-light---free-strawberry-4x115g', 'Light & Free Greek Style Strawberry Yogurt 4x115g', '£2.50', '54p / 100g')
('https://www.sainsburys.co.uk/shop/gb/groceries/product/details/all-yogurt/collective-passionfruit-yogurt-450g', 'The Collective Passion Fruit Gourmet Live Yogurt 450g', '£1.30', '29p / 100g')
('https://www.sainsburys.co.uk/shop/gb/groceries/product/details/all-yogurt/spelga-low-fat-raspberry-yogurt-125g-3842164-p-44', 'Spelga Low Fat Raspberry Yogurt 125g', '50p', '40p / 100g')
('https://www.sainsburys.co.uk/shop/gb/groceries/product/details/all-yogurt/glenisk-0-fat-protein-strawberry-yogurt-x4', 'Glenisk 0% Fat Protein Strawberry Yogurt x4', '£2.30', '58p / 100g')
('https://www.sainsburys.co.uk/shop/gb/groceries/product/details/all-yogurt/yeo-valley-organic-little-yeos--strawberry---raspberry-6x45g', 'Yeo Valley Organic Little Yeos, Strawberry & Raspberry Fromage Frais 6x45g', '£1.65', '61p / 100g')
('https://www.sainsburys.co.uk/shop/gb/groceries/product/details/all-yogurt/arla-skyr-natural-450g', 'Arla Skyr Icelandic Style Yogurt, Natural 450g', '£1.90', '42p / 100g')
('https://www.sainsburys.co.uk/shop/gb/groceries/product/details/all-yogurt/petits-filous-magic-squares-strawberry-4x80g', 'Petits Filous Magic Squares Strawberry & Vanilla Yogurt 4x80g', '£1.50', '47p / 100g')
('https://www.sainsburys.co.uk/shop/gb/groceries/product/details/all-yogurt/onken-cherry-yogurt-450g', 'Onken Cherry Yogurt 450g', '£1.75', '39p / 100g')
('https://www.sainsburys.co.uk/shop/gb/groceries/product/details/all-yogurt/trewithen-dairy-cornish-toffee-yogurt-450g', 'Trewithen Dairy Cornish Toffee Yogurt 450g', '£1.60', '36p / 100g')
('https://www.sainsburys.co.uk/shop/gb/groceries/product/details/all-yogurt/lancashire-farm-natural-bio-yogurt-500g', 'Lancashire Farm Natural Bio Yogurt 500g', '£1.00', '20p / 100g')
('https://www.sainsburys.co.uk/shop/gb/groceries/product/details/all-yogurt/yeo-valley-yogurt-lemon-curd-4x120g', 'Yeo Valley Organic Yogurt Lemon Curd 4x120g', '£1.50', '32p / 100g')
('https://www.sainsburys.co.uk/shop/gb/groceries/product/details/all-yogurt/activia-fat-free-yellow-fruits-8x125g', 'Activia No Added Sugar 0% Fat Mixed Fruits Yogurt 8x120g', '£3.00', '31p / 100g')
('https://www.sainsburys.co.uk/shop/gb/groceries/product/details/natural-organic-and-greek-yogurts/yeo-valley-organic-natural-greek-style-yogurt-450g', 'Yeo Valley Organic Greek Style Natural Yogurt 450g', '£1.70', '38p / 100g')
('https://www.sainsburys.co.uk/shop/gb/groceries/product/details/natural-organic-and-greek-yogurts/müller-bliss-corner-strawberry-4x110g', 'Müller Bliss Corner Strawberry, 4x110g', '£2.75', '63p / 100g')
('https://www.sainsburys.co.uk/shop/gb/groceries/product/details/natural-organic-and-greek-yogurts/yeo-valley-organic-natural-yogurt-with-nut-butter-corner-130g', 'Yeo Valley Organic Natural Yogurt with Nut Butter Corner 130g', '£1.50', '£1.15 / 100g')
('https://www.sainsburys.co.uk/shop/gb/groceries/product/details/natural-organic-and-greek-yogurts/yeo-valley-natural-kefir-yogurt-950g', 'Yeo Valley Natural Kefir Yogurt 950g', '£3.50', '37p / 100g')
('https://www.sainsburys.co.uk/shop/gb/groceries/product/details/natural-organic-and-greek-yogurts/rachels-rhubarb-organic', "Rachel's Rhubarb, Organic", '£2.00', '44p / 100g')
('https://www.sainsburys.co.uk/shop/gb/groceries/product/details/natural-organic-and-greek-yogurts/siggis-0-raspberry-skyr-fat-free-yogurt-150g', "Siggi's 0% Raspberry Skyr Fat Free Yogurt 150g", '65p', '43p / 100g')
('https://www.sainsburys.co.uk/shop/gb/groceries/product/details/natural-organic-and-greek-yogurts/lindahls-kvarg-vanilla-150g', 'Lindahls Kvarg Vanilla 150g', '95p', '63p / 100g')
('https://www.sainsburys.co.uk/shop/gb/groceries/product/details/natural-organic-and-greek-yogurts/yeo-valley-kefir-natural-organic-yogurt-350g', 'Yeo Valley Kefir Natural Organic Yogurt 350g', '£1.00', '29p / 100g')
('https://www.sainsburys.co.uk/shop/gb/groceries/product/details/natural-organic-and-greek-yogurts/arla-skyr-icelandic-style-yogurt-mixed-with-vanilla-450g', 'Arla Skyr Icelandic Style Yogurt Mixed with Vanilla 450g', '£1.90', '42p / 100g')
('https://www.sainsburys.co.uk/shop/gb/groceries/product/details/natural-organic-and-greek-yogurts/the-collective-straight-up-unsweetened-live-yoghurt-450g', 'The Collective Straight Up Unsweetened Plain Live Yogurt 450g', '£1.30', '29p / 100g')
('https://www.sainsburys.co.uk/shop/gb/groceries/product/details/natural-organic-and-greek-yogurts/arla-skyr-icelandic-style-yogurt--nordic-berries-150g', 'Arla Skyr Icelandic Style Yogurt, Nordic Berries 150g', '60p', '40p / 100g')
('https://www.sainsburys.co.uk/shop/gb/groceries/product/details/natural-organic-and-greek-yogurts/sainsburys-natural-greek-style-yogurt--be-good-to-yourself-500g', "Sainsbury's Greek Style Low Fat Natural Yogurt 500g", '85p', '17p / 100g')
('https://www.sainsburys.co.uk/shop/gb/groceries/product/details/natural-organic-and-greek-yogurts/yeo-valley-organic-natural-fat-free-yogurt-500g', 'Yeo Valley Organic 0% Fat Natural Yogurt 500g', '£1.65', '33p / 100g')
('https://www.sainsburys.co.uk/shop/gb/groceries/product/details/natural-organic-and-greek-yogurts/yeo-valley-organic-black-cherry-yogurt-with-nut-butter-corner-130g', 'Yeo Valley Organic Black Cherry Yogurt with Nut Butter Corner 130g', '£1.50', '£1.15 / 100g')
('https://www.sainsburys.co.uk/shop/gb/groceries/product/details/natural-organic-and-greek-yogurts/yeo-valley-organic-crème-fraiche-salted-caramel-200g', 'Yeo Valley Organic Crème Fraiche Salted Caramel 200g', '£1.20', '60p / 100g')
('https://www.sainsburys.co.uk/shop/gb/groceries/product/details/chinese-and-thai-ready-meals/sainsburys-crispy-sweet---sour-chicken-with-rice-400g', "Sainsbury's Crispy Sweet & Sour Chicken With Rice 400g (Serves 1)", '£3.00', '£7.50 / kg')
('https://www.sainsburys.co.uk/shop/gb/groceries/product/details/chinese-and-thai-ready-meals/sainsburys-crispy-chicken-with-lemon-sauce-340g', "Sainsbury's Crispy Chicken With Lemon Sauce 350g (Serves 2)", '£3.50', '£10.00 / kg')
('https://www.sainsburys.co.uk/shop/gb/groceries/product/details/chinese-and-thai-ready-meals/leon-coconut-lime-curry-jackfruit-380g', 'LEON Coconut & Lime Curry with Jackfruit 380g', '£4.00', '£10.53 / kg')
('https://www.sainsburys.co.uk/shop/gb/groceries/product/details/chinese-and-thai-ready-meals/leon-thai-green-chicken-curry-380g', 'LEON Thai Green Chicken Curry 380g', '£4.00', '£10.53 / kg')
('https://www.sainsburys.co.uk/shop/gb/groceries/product/details/chinese-and-thai-ready-meals/sainsburys-prawn-toasts-x4-123g', "Sainsbury's Prawn Toasts x4 123g", '£1.50', '£12.20 / kg')
('https://www.sainsburys.co.uk/shop/gb/groceries/product/details/chinese-and-thai-ready-meals/oh-my-good-nosh-halal-thai-green-chicken-curry-400g-serves-1-', 'Oh My Good Nosh Halal Thai Green Chicken Curry 400g (Serves 1)', '£3.25', '81p / 100g')
('https://www.sainsburys.co.uk/shop/gb/groceries/product/details/chinese-and-thai-ready-meals/hellofresh-teriyaki-chicken-with-coconut-rice---bok-choy-738g', 'HelloFresh Teriyaki Chicken with Coconut Rice & Bok Choy 738g (Serves 2)', '£10.00', '£13.57 / kg')
('https://www.sainsburys.co.uk/shop/gb/groceries/product/details/chinese-and-thai-ready-meals/sainsburys-prawn---mangetout-gyoza-170g', "Sainsbury's Prawn & Mangetout Gyoza x6 170g", '£2.25', '£13.24 / kg')
('https://www.sainsburys.co.uk/shop/gb/groceries/product/details/chinese-and-thai-ready-meals/kirstys-malaysian-butternut-squash-curry-400g', "Kirsty's Malaysian Butternut Squash Curry 400g (Serves 1)", '£3.00', '£7.50 / kg')
('https://www.sainsburys.co.uk/shop/gb/groceries/product/details/chinese-and-thai-ready-meals/sainsburys-crispy-chicken-with-sweet---sour-350g', "Sainsbury's Crispy Chicken with Sweet & Sour 350g (Serves 2)", '£3.50', '£10.00 / kg')
('https://www.sainsburys.co.uk/shop/gb/groceries/product/details/chinese-and-thai-ready-meals/sainsburys-oriental-ribs-340g', "Sainsbury's Oriental Ribs 340g (Serves 2)", '£3.00', '£8.82 / kg')
('https://www.sainsburys.co.uk/shop/gb/groceries/product/details/chinese-and-thai-ready-meals/sainsburys-chicken-chow-mein-450g', "Sainsbury's Chicken Chow Mein 400g (Serves 1)", '£2.75', '£6.88 / kg')
('https://www.sainsburys.co.uk/shop/gb/groceries/product/details/british-ready-meals/sainsburys-garlic-thyme-chicken-breasts-creamy-white-wine-sauce-taste-the-difference-x2-760g', "Sainsbury's Garlic & Thyme Chicken Breasts Creamy White Wine Sauce, Taste the Difference x2 760g", '£8.00', '£10.53 / kg')
('https://www.sainsburys.co.uk/shop/gb/groceries/product/details/british-ready-meals/the-jolly-hog-thick-cut-pork-ribs-667g', 'The Jolly Hog Thick Cut Pork Ribs 667g', '£5.50', '£8.25 / kg')
('https://www.sainsburys.co.uk/shop/gb/groceries/product/details/british-ready-meals/sainsburys-pub-chicken-tikka-curry-rice-500g', "Sainsbury's Pub Classics Chicken Tikka Curry & Rice 500g (Serves 1)", '£3.00', '£6.00 / kg')
('https://www.sainsburys.co.uk/shop/gb/groceries/product/details/british-ready-meals/sainsburys-british-classic-minced-beef-hotpot-450g', "Sainsbury's Classics Beef Hotpot 400g (Serves 1)", '£2.20', '£5.50 / kg')
('https://www.sainsburys.co.uk/shop/gb/groceries/product/details/spanish-and-mediterranean-ready-meals/sainsburys-harissa-chicken-380g', 'Global Eats Harissa Chicken 380g', '£3.50', '£9.21 / kg')
('https://www.sainsburys.co.uk/shop/gb/groceries/product/details/spanish-and-mediterranean-ready-meals/el-loco-cantina-fully-loaded-chicken-enchiladas-380g', 'El Loco Cantina Fully Loaded Chicken Enchiladas 380g', '£2.50', '£6.58 / kg')
('https://www.sainsburys.co.uk/shop/gb/groceries/product/details/spanish-and-mediterranean-ready-meals/sainsburys-catalan-chicken--taste-the-difference-500g', "Sainsbury's Spicy Catalan Chicken, Taste the Difference 500g (Serves 2)", '£5.50', '£11.00 / kg')
('https://www.sainsburys.co.uk/shop/gb/groceries/product/details/spanish-and-mediterranean-ready-meals/sainsburys-moussaka--taste-the-difference-800g-7332067-p-44', "Sainsbury's Lamb Moussaka, Taste the Difference 800g (Serves 2)", '£6.00', '£7.50 / kg')
('https://www.sainsburys.co.uk/shop/gb/groceries/product/details/spanish-and-mediterranean-ready-meals/sainsburys-paella--taste-the-difference-400g-7168029-p-44', "Sainsbury's Chicken & King Prawn Paella, Taste the Difference 400g (Serves 1)", '£3.00', '£7.50 / kg')
('https://www.sainsburys.co.uk/shop/gb/groceries/product/details/chilled-ready-meals-for-two-or-more/sainsburys-slow-cook-chicken-casserole-525g', "Sainsbury's Slow Cooked British Chicken Casserole with Red Wine, Mushrooms & Smoked Bacon 525g (Serves 2)", '£5.00', '£9.52 / kg')
('https://www.sainsburys.co.uk/shop/gb/groceries/product/details/chilled-ready-meals-for-two-or-more/sainsburys-slow-cook-buffalo-wings-600g', "Sainsbury's Slow Cook Buffalo Chicken Wings 600g (Serves 4)", '£3.75', '£6.25 / kg')
('https://www.sainsburys.co.uk/shop/gb/groceries/product/details/chilled-ready-meals-for-two-or-more/sainsburys-gammon-shanks-with-maple-sauce-780g', "Sainsbury's Slow Cooked British Gammon Shanks with Maple, Black Pepper & Orange Sauce x2 780g (Serves 2)", '£5.00', '£6.41 / kg')
('https://www.sainsburys.co.uk/shop/gb/groceries/product/details/chilled-ready-meals-for-two-or-more/cookstown-chicken---ham-pie-500g', 'Cookstown Chicken & Ham Pie 500g (Serves 4)', '£3.00', '60p / 100g')
('https://www.sainsburys.co.uk/shop/gb/groceries/product/details/chilled-ready-meals-for-two-or-more/sainsburys-beef-dripping-chips--taste-the-difference-400g', "Sainsbury's Crispy Triple Cooked Chips, Taste the Difference 400g (Serves 2)", '£2.70', '£6.75 / kg')
('https://www.sainsburys.co.uk/shop/gb/groceries/product/details/chilled-ready-meals-for-two-or-more/sainsburys-shepherds-pie--taste-the-difference-800g-7802773-p-44', "Sainsbury's Shepherds Pie, Taste the Difference 800g (Serves 2)", '£6.00', '£7.50 / kg')
('https://www.sainsburys.co.uk/shop/gb/groceries/product/details/chilled-ready-meals-for-two-or-more/sainsburys-favourites-meal-box-12kg', "Sainsbury's Chinese Favourites Takeaway Meal Box 1.2kg (Serves 2)", '£9.50', '£7.92 / kg')
('https://www.sainsburys.co.uk/shop/gb/groceries/product/details/chilled-ready-meals-for-two-or-more/sainsburys-egg-fried-rice-400g', "Sainsbury's Egg Fried Rice 400g (Serves 2)", '£1.90', '£4.75 / kg')
('https://www.sainsburys.co.uk/shop/gb/groceries/product/details/chilled-ready-meals-for-two-or-more/sainsburys-crispy-chilli-beef-300g', "Sainsbury's Crispy Chilli Beef 300g (Serves 2)", '£3.75', '£12.50 / kg')
('https://www.sainsburys.co.uk/shop/gb/groceries/product/details/chilled-ready-meals-for-two-or-more/charlie-bighams-chicken-jalfrezi-845g', "Charlie Bigham's Chicken Jalfrezi 845g (Serves 2)", '£7.75', '£9.17 / kg')
('https://www.sainsburys.co.uk/shop/gb/groceries/product/details/chilled-ready-meals-for-two-or-more/charlie-bighams-tikka-masala-805g', "Charlie Bigham's Chicken Tikka Masala 805g (Serves 2)", '£7.75', '£9.63 / kg')
('https://www.sainsburys.co.uk/shop/gb/groceries/product/details/chilled-ready-meals-for-two-or-more/mumtaz-pilau-rice-340g', 'Mumtaz Pilau Rice 340g (Serves 2)', '£1.70', '£5.00 / kg')
('https://www.sainsburys.co.uk/shop/gb/groceries/product/details/chilled-ready-meals-for-two-or-more/sainsburys-just-cook-butter-basted-chicken-breast', "Sainsbury's Just Cook Chicken Breast Joint Butter Basted 500g (Serves 3)", '£3.75', '£7.50 / kg')
('https://www.sainsburys.co.uk/shop/gb/groceries/product/details/chilled-ready-meals-for-two-or-more/charlie-bighams-fish-pie-655g', "Charlie Bigham's Fish Pie 655g (Serves 2)", '£8.00', '£12.03 / kg')
('https://www.sainsburys.co.uk/shop/gb/groceries/product/details/chilled-ready-meals-for-two-or-more/sainsburys-indian-lamb-rogan-josh-400g-serves-2-', "Sainsbury's Indian Lamb Rogan Josh 400g (Serves 2)", '£4.00', '£10.00 / kg')
('https://www.sainsburys.co.uk/shop/gb/groceries/product/details/easterlunch/sainsburys-lamb-whole-leg', "Sainsbury's Lamb Whole Leg", '£17.60', '£1.10 / 100g')
('https://www.sainsburys.co.uk/shop/gb/groceries/product/details/easterlunch/sainsburys-baby-courgettes-200g', "Sainsbury's Baby Courgettes 200g", '£1.75', '£8.75 / kg')
('https://www.sainsburys.co.uk/shop/gb/groceries/product/details/easterlunch/sainsburys-ready-prepared-baby-potatoes-with-seasoned-butter-385g', "Sainsbury's Baby Potatoes with Herbs & Butter 385g", '£1.00', '£2.60 / kg')
('https://www.sainsburys.co.uk/shop/gb/groceries/product/details/easterlunch/cadbury-mini-eggs-chocolate-gateau-370g', 'Cadbury Mini Eggs Chocolate Gateau', '£3.00', '£3.00 / ea')
('https://www.sainsburys.co.uk/shop/gb/groceries/product/details/easterlunch/sainsburys-sticky-toffee-pudding--taste-the-difference-450g', "Sainsbury's Sticky Toffee Pudding Dessert, Taste the Difference 450g", '£3.75', '83p / 100g')
('https://www.sainsburys.co.uk/shop/gb/groceries/product/details/easterlunch/sainsburys-apple-pie-550g', "Sainsbury's Apple Pie Dessert 550g", '£2.80', '51p / 100g')
('https://www.sainsburys.co.uk/shop/gb/groceries/product/details/easterlunch/sainsburys-belgian-chocolate-fudge-cake--taste-the-difference-5', "Sainsbury's Belgian Chocolate Fudge Cake, Taste Difference 395g (Serves 6)", '£2.00', '51p / 100g')
('https://www.sainsburys.co.uk/shop/gb/groceries/product/details/easterlunch/sainsburys-fruity-hot-cross-buns--taste-the-difference-x4-280g', "Sainsbury's Fruity Hot Cross Buns, Taste the Difference x4 280g", '£1.25', '31p / ea')
('https://www.sainsburys.co.uk/shop/gb/groceries/product/details/easterlunch/mr-kipling-fruit-pie-selection-x6-432g', 'Mr Kipling Fruit Pies Selection Bramley Apple & Blackcurrant, Apple, Cherry x6', '£1.00', '17p / ea')
('https://www.sainsburys.co.uk/shop/gb/groceries/product/details/easterlunch/mcguigan-reserve-shiraz-75cl', 'McGuigan Reserve Shiraz 75cl', '£6.00', '£6.00 / 75cl')
('https://www.sainsburys.co.uk/shop/gb/groceries/product/details/easterlunch/j2o-apple---raspberry-4x275ml', 'J2O Apple & Raspberry Juice Drink 4x275ml', '£3.50', '32p / 100ml')
('https://www.sainsburys.co.uk/shop/gb/groceries/product/details/easter-hot-cross-buns-and-cakes/sainsburys-chocolate-caramel-hot-cross-buns-taste-the-difference-x4', "Sainsbury's Chocolate & Caramel Hot Cross Buns, Taste the Difference x4", '£1.25', '31p / ea')
('https://www.sainsburys.co.uk/shop/gb/groceries/product/details/easter-hot-cross-buns-and-cakes/soreen-lunchbox-choc-orange-x5', 'Soreen Scream Chocolate & Blood Orange Mini Loaves 150g x5', '£1.00', '20p / ea')
('https://www.sainsburys.co.uk/shop/gb/groceries/product/details/easter-hot-cross-buns-and-cakes/mr-kipling-lemon-bakewells-x6', 'Mr Kipling Lemon Bakewells x6', '£1.50', '25p / ea')
('https://www.sainsburys.co.uk/shop/gb/groceries/product/details/easter-hot-cross-buns-and-cakes/sainsburys-genoa-cake-305g', "Sainsbury's Genoa Cake 305g (Serves 8)", '£1.40', '44p / 100g')
('https://www.sainsburys.co.uk/shop/gb/groceries/product/details/easter-hot-cross-buns-and-cakes/mcvities-jamaica-ginger-cake', "McVitie's Jamaica Ginger Cake 225g (Serves 9)", '£1.00', '41p / 100g')
('https://www.sainsburys.co.uk/shop/gb/groceries/product/details/easter-hot-cross-buns-and-cakes/cadbury-easter-mini-eggs-nests-x5', 'Cadbury Mini Eggs Nest Cakes x4', '£2.00', '50p / ea')
('https://www.sainsburys.co.uk/shop/gb/groceries/product/details/easter-hot-cross-buns-and-cakes/sainsburys-halloween-freaky-fairy-cakes-x12', "Sainsbury's Easter Iced Fairy Cakes 264g x12", '£2.50', '21p / ea')
('https://www.sainsburys.co.uk/shop/gb/groceries/product/details/easter-hot-cross-buns-and-cakes/sainsburys-cherry-madeira-cake', "Sainsbury's Cherry Madeira Cake (Serves 8)", '£1.25', '47p / 100g')
('https://www.sainsburys.co.uk/shop/gb/groceries/product/details/easter-hot-cross-buns-and-cakes/sainsburys-victoria-sponge-cake--taste-the-difference-5', "Sainsbury's Victoria Sponge Cake, Taste the Difference 345g (Serves 6)", '£2.00', '58p / 100g')
('https://www.sainsburys.co.uk/shop/gb/groceries/product/details/breakfastbrunch/califia-farms-almond-milk--unsweetened-750ml', 'Califia Farms Unsweetened Almond Drink 750ml', '£2.40', '£3.20 / ltr')
('https://www.sainsburys.co.uk/shop/gb/groceries/product/details/breakfastbrunch/sainsburys-golden-yolked-free-range-eggs--taste-the-difference-x6', "Sainsbury's Woodland Free Range Golden Yolked Mixed Weight Eggs, Taste the Difference x6", '£1.90', '32p / ea')
('https://www.sainsburys.co.uk/shop/gb/groceries/product/details/breakfastbrunch/clarence-court-old-cotswold-legbar-eggs-x6', 'Clarence Court Old Cotswold Legbar Eggs x6', '£2.35', '39p / ea')
('https://www.sainsburys.co.uk/shop/gb/groceries/product/details/breakfastbrunch/sainsburys-buttermilk-pancakes-x8', "Sainsbury's Buttermilk Pancakes x8", '£1.20', '15p / ea')
('https://www.sainsburys.co.uk/shop/gb/groceries/product/details/breakfastbrunch/sainsburys-danish-cinnamon-whirl-x2', "Sainsbury's Danish Pastry Cinnamon Whirls x2", '£1.20', '60p / ea')
('https://www.sainsburys.co.uk/shop/gb/groceries/product/details/breakfastbrunch/sainsburys-hot-cross-buns-x6-7730659-p-44', "Sainsbury's Hot Cross Buns x6", '75p', '12p / ea')
('https://www.sainsburys.co.uk/shop/gb/groceries/product/details/breakfastbrunch/sainsburys-super-seeds-white-farmhouse-taste-the-difference-800g', "Sainsbury's Super Seeds White Farmhouse, Taste the Difference 800g", '£1.10', '14p / 100g')
('https://www.sainsburys.co.uk/shop/gb/groceries/product/details/breakfastbrunch/sainsburys-triple-berry-hot-cross-buns-taste-the-difference-x4-280g', "Sainsbury's Triple Berry Hot Cross Buns Taste the Difference x4 280g", '£1.25', '31p / ea')
('https://www.sainsburys.co.uk/shop/gb/groceries/product/details/breakfastbrunch/sainsburys-authentic-fat-free-greek-yogurt-taste-the-difference-500g', "Sainsbury's Authentic Fat Free Greek Yogurt, Taste the Difference 500g", '£1.75', '35p / 100g')
('https://www.sainsburys.co.uk/shop/gb/groceries/product/details/breakfastbrunch/sainsburys-sourdough-bread--taste-the-difference-400g', "Sainsbury's Sourdough Medium Sliced White Bread, Taste the Difference 400g", '£1.50', '38p / 100g')
('https://www.sainsburys.co.uk/shop/gb/groceries/product/details/breakfastbrunch/sainsburys-danish-maple-pecan-twists-x2', "Sainsbury's Danish Maple & Pecan Plait x2", '£1.30', '65p / ea')
('https://www.sainsburys.co.uk/shop/gb/groceries/product/details/breakfastbrunch/kelloggs-crunchy-nut-hazelnuts---chocolate-granola-cereal-380g-7612042-p', "Kellogg's Crunchy Nut Hazelnuts & Chocolate Granola Cereal 380g", '£3.00', '79p / 100g')
('https://www.sainsburys.co.uk/shop/gb/groceries/product/details/breakfastbrunch/rowse-natural-blossom-honey-squeezy-340g', 'Rowse Natural Blossom Honey Squeezy 340g', '£2.85', '84p / 100g')
('https://www.sainsburys.co.uk/shop/gb/groceries/product/details/breakfastbrunch/sainsburys-raspberry-conserve--taste-the-difference-340g', "Sainsbury's Raspberry Conserve, Taste the Difference 340g", '£1.25', '37p / 100g')
('https://www.sainsburys.co.uk/shop/gb/groceries/product/details/breakfastbrunch/sainsburys-strawberry-cream-hot-cross-buns-taste-the-difference-290g', "Sainsbury's Strawberries & Cream Hot Cross Buns, Taste the Difference 280g", '£1.25', '0p / g')
('https://www.sainsburys.co.uk/shop/gb/groceries/product/details/breakfastbrunch/jord-oat-1l', 'Jörd Organic Oat Drink 1L', '£1.80', '£1.80 / ltr')
('https://www.sainsburys.co.uk/shop/gb/groceries/product/details/breakfastbrunch/sainsburys-apple-cinnamon-hot-cross-buns-taste-the-difference-x4', "Sainsbury's Apple & Cinnamon Hot Cross Buns, Taste the Difference x4", '£1.25', '31p / ea')
('https://www.sainsburys.co.uk/shop/gb/groceries/product/details/breakfastbrunch/sainsburys-greek-yogurt--taste-the-difference-500g', "Sainsbury's Authentic Greek Yogurt, Taste the Difference 500g", '£1.75', '35p / 100g')
('https://www.sainsburys.co.uk/shop/gb/groceries/product/details/breakfastbrunch/sainsburys-chocolate---hazelnut-croissants-x2', "Sainsbury's Chocolate & Hazelnut Croissants x2", '£1.30', '65p / ea')
('https://www.sainsburys.co.uk/shop/gb/groceries/product/details/all-vegetables/sainsburys-caramelised-onion-shroomdog-400g', "Sainsbury's Caramelised Onion Shroomdogs x6 400g", '£2.50', '£6.25 / kg')
('https://www.sainsburys.co.uk/shop/gb/groceries/product/details/all-vegetables/sainsburys-bbq-pulled-jackfruit-350g', "Sainsbury's Sweet & Smoky BBQ Pulled Jackfruit 350g", '£3.00', '£8.57 / kg')
('https://www.sainsburys.co.uk/shop/gb/groceries/product/details/all-vegetables/sainsburys-sweet-potato-wedges-400g', "Sainsbury's Sweet Potato Wedges 400g", '£1.80', '£4.50 / kg')
('https://www.sainsburys.co.uk/shop/gb/groceries/product/details/all-vegetables/sainsburys-ripe---ready-baby-avocado', 'By Sainsbury’s 3 Baby Ripe & Ready Avocados', '£1.75', '58p / ea')
('https://www.sainsburys.co.uk/shop/gb/groceries/product/details/all-vegetables/sainsburys-butternut-squash-crinkle-chips-300g', "Sainsbury's Butternut Squash Crinkle Chips 300g", '£1.00', '£3.33 / kg')
('https://www.sainsburys.co.uk/shop/gb/groceries/product/details/all-vegetables/sainsburys-edamame-beans-175g', "Sainsbury's Edamame Beans 175g", '£1.50', '£8.57 / kg')
('https://www.sainsburys.co.uk/shop/gb/groceries/product/details/all-vegetables/sainsburys-peas---sweetcorn-layered-vegetable-350g', "Sainsbury's Peas & Sweetcorn Layered Vegetable 350g", '£1.50', '£4.29 / kg')
('https://www.sainsburys.co.uk/shop/gb/groceries/product/details/all-vegetables/sainsburys-traditionally-sliced-runner-beans160g', "Sainsbury's Traditionally Sliced Runner Beans 160g", '£1.50', '£9.38 / kg')
('https://www.sainsburys.co.uk/shop/gb/groceries/product/details/all-vegetables/sainsburys-garlic---rosemary-roast-potatoes-800g', "Sainsbury's Garlic & Rosemary Roast Potatoes 800g", '90p', '£1.13 / kg')
('https://www.sainsburys.co.uk/shop/gb/groceries/product/details/all-vegetables/sainsburys-roasting-pack-tomatoes--taste-the-difference-350g', "Sainsbury's Roasting Pack Tomatoes, Taste the Difference 350g", '£2.00', '£5.71 / kg')
('https://www.sainsburys.co.uk/shop/gb/groceries/product/details/all-vegetables/sainsburys-british-asparagus---hollandaise-230g', "Sainsbury's British Asparagus & Hollandaise 230g", '£2.50', '£1.09 / 100g')
('https://www.sainsburys.co.uk/shop/gb/groceries/product/details/all-vegetables/sainsburys-cauliflower-rice-300g', "Sainsbury's Cauliflower Rice 300g", '£1.25', '£4.17 / kg')
('https://www.sainsburys.co.uk/shop/gb/groceries/product/details/all-vegetables/sainsburys-garden-greens-100g', "Sainsbury's Garden Greens 100g", '£1.50', '£15.00 / kg')
('https://www.sainsburys.co.uk/shop/gb/groceries/product/details/all-vegetables/sainsburys-salad-potatoes--basics-1kg-7621824-p-44', "Sainsbury's Salad Potatoes, Basics 1kg", '70p', '70p / kg')
('https://www.sainsburys.co.uk/shop/gb/groceries/product/details/all-vegetables/sainsburys-ready-to-roast-spicy-vegetables-750g', "Sainsbury's Ready To Roast Spicy Vegetables with Chorizo 750g", '£3.00', '£4.00 / kg')
('https://www.sainsburys.co.uk/shop/gb/groceries/product/details/all-vegetables/sainsburys-broad-beans-500g-1383478-p-44', "Sainsbury's Broad Beans 500g", '£1.50', '£3.00 / kg')
('https://www.sainsburys.co.uk/shop/gb/groceries/product/details/all-vegetables/sainsburys-aromatic-stir-fry-with-basil--taste-the-difference-240g', "Sainsbury's Aromatic Stir Fry With Basil, Taste the Difference 240g", '£2.50', '£1.00 / 100g')
('https://www.sainsburys.co.uk/shop/gb/groceries/product/details/all-vegetables/sainsburys-garlic--large-single', "Sainsbury's Large Garlic", '60p', '60p / ea')
('https://www.sainsburys.co.uk/shop/gb/groceries/product/details/all-vegetables/uk-asparagus-tips-100g', "Sainsbury's British Asparagus Tips 100g", '£2.00', '£20.00 / kg')
('https://www.sainsburys.co.uk/shop/gb/groceries/product/details/all-vegetables/s-organic-o-conc-organic-tomat-organic-o-pure-organic-e-350g', "Sainsbury's Tomato Purée Double Concentrate, So Organic 350g", '£1.20', '£3.43 / kg')
('https://www.sainsburys.co.uk/shop/gb/groceries/product/details/all-vegetables/albert-bartlett-elfe-potatoes-15kg', 'Albert Bartlett Elfe Potatoes 1.5kg', '£1.50', '£1.00 / kg')
('https://www.sainsburys.co.uk/shop/gb/groceries/product/details/all-vegetables/sainsburys-thai-basil-20g', "Sainsbury's Thai Basil 20g", '90p', '45p / 10g')
('https://www.sainsburys.co.uk/shop/gb/groceries/product/details/all-vegetables/sainsburys-vegetable-curry-pot-400g', "Sainsbury's Vegetable Curry One Pot 400g", '£3.00', '£7.50 / kg')
('https://www.sainsburys.co.uk/shop/gb/groceries/product/details/all-vegetables/sainsburys-moroccan-cous-cous-pot-400g', "Sainsbury's Moroccan Chickpea & Couscous One Pot 400g", '£3.00', '£7.50 / kg')
('https://www.sainsburys.co.uk/shop/gb/groceries/product/details/all-vegetables/sainsburys-cauliflower-burger-225g', "Sainsbury's Cauliflower Burgers x2 225g", '£2.00', '£8.89 / kg')
('https://www.sainsburys.co.uk/shop/gb/groceries/product/details/all-vegetables/sainsburys-nacho-cheese-butternut-chips-340g', "Sainsbury's Nacho Cheese Butternut Chips 340g", '£2.00', '£5.88 / kg')
('https://www.sainsburys.co.uk/shop/gb/groceries/product/details/all-vegetables/sainsburys-edamame-beans-200g', "Sainsbury's Edamame Beans 200g", '£1.50', '£7.50 / kg')
('https://www.sainsburys.co.uk/shop/gb/groceries/product/details/all-vegetables/sainsburys-living-japanese-greens', "Sainsbury's Living Japanese Greens", '£1.00', '£1.00 / ea')
('https://www.sainsburys.co.uk/shop/gb/groceries/product/details/all-vegetables/sainsburys-chunky-mediterranean-vegetables-600g', "Sainsbury's Chunky Mediterranean Vegetables 600g", '£2.25', '£3.75 / kg')
('https://www.sainsburys.co.uk/shop/gb/groceries/product/details/all-vegetables/sainsburys-cabbage---leek-200g', "Sainsbury's Cabbage & Leek 200g", '£1.00', '£5.00 / kg')
('https://www.sainsburys.co.uk/shop/gb/groceries/product/details/all-vegetables/sainsburys-ruby-jewel-tomatoes-300g-7636444-p-44', "Sainsbury's Ruby Jewel Tomatoes 330g", '£1.50', '£4.55 / kg')
('https://www.sainsburys.co.uk/shop/gb/groceries/product/details/all-vegetables/sainsburys-carrots---peas-480g', "Sainsbury's Carrots & Peas 480g", '£1.00', '£2.08 / kg')
('https://www.sainsburys.co.uk/shop/gb/groceries/product/details/all-vegetables/sainsburys-ready-to-roast-sweet-potato-chips-340g', "Sainsbury's Sweet Potato Fries with Polenta & Herbs 340g", '£1.50', '£4.41 / kg')
('https://www.sainsburys.co.uk/shop/gb/groceries/product/details/all-vegetables/cloughbane-garlic-fries-600g', 'Cloughbane Garlic Fries 600g', '£2.65', '£4.82 / kg')
('https://www.sainsburys.co.uk/shop/gb/groceries/product/details/all-vegetables/gourmet-garden-lightly-dried-parsley', 'Gourmet Garden Lightly Dried Parsley', '£2.00', '£2.50 / 10g')
('https://www.sainsburys.co.uk/shop/gb/groceries/product/details/all-vegetables/sainsburys-sunglow-cherry-tomatoes--taste-the-difference-220g', "Sainsbury's Sunglow Cherry Tomatoes, Taste the Difference 220g", '£1.75', '£7.95 / kg')
('https://www.sainsburys.co.uk/shop/gb/groceries/product/details/all-vegetables/sainsburys-swede-portion-each', "Sainsbury's Swede Portion Each", '80p', '80p / ea')
('https://www.sainsburys.co.uk/shop/gb/groceries/product/details/all-vegetables/sainsburys-wye-valley-asparagus-spears-200g', "Sainsbury's Wye Valley Asparagus Spears 125g", '£2.50', '£12.50 / kg')
('https://www.sainsburys.co.uk/shop/gb/groceries/product/details/all-vegetables/sainsburys-fresh-curly-parsley-40g', "Sainsbury's Fresh Packed Curly Parsley 40g", '70p', '18p / 10g')
('https://www.sainsburys.co.uk/shop/gb/groceries/product/details/all-vegetables/sainsburys-baby-green-cabbage--taste-the-difference-x-2', "Sainsbury's Baby Green Cabbage x2", '£1.80', '90p / ea')
('https://www.sainsburys.co.uk/shop/gb/groceries/product/details/all-vegetables/sainsburys-fresh-turmeric-100g', "Sainsbury's Fresh Turmeric 100g", '£1.50', '£1.50 / 100g')
('https://www.sainsburys.co.uk/shop/gb/groceries/product/details/all-vegetables/sainsburys-heritage-baby-parsnips--taste-the-difference-230g-526937-p-44', "Sainsbury's Heritage Baby Parsnips 230g", '£1.25', '£5.43 / kg')
('https://www.sainsburys.co.uk/shop/gb/groceries/product/details/all-vegetables/sainsburys-maris-piper-mash--taste-the-difference-450g', "Sainsbury's British Maris Piper Mashed Potato, Taste the Difference 400g (Serves 2)", '£1.80', '£4.50 / kg')
('https://www.sainsburys.co.uk/shop/gb/groceries/product/details/all-gluten-free-food-and-drink/tayto-popcorn-sweet-100g', 'Tayto Popcorn Sweet 100g', '£1.00', '£1.00 / 100g')
('https://www.sainsburys.co.uk/shop/gb/groceries/product/details/all-gluten-free-food-and-drink/sainsburys-deliciously-free-from-fresh-spinach-ricotta-tortelloni-250g', "Sainsbury's Deliciously Free From Fresh Spinach & Ricotta Tortelloni 250g", '£2.50', '£1.00 / 100g')
('https://www.sainsburys.co.uk/shop/gb/groceries/product/details/all-gluten-free-food-and-drink/swizzels-push-up!-blackcurrant-cherry-apple-strawberry-ice-lollies-5x56ml', 'Swizzels Push-UP! Blackcurrant Cherry & Apple Strawberry Ice Lollies 5x56ml', '£1.00', '36p / 100g')
('https://www.sainsburys.co.uk/shop/gb/groceries/product/details/all-gluten-free-food-and-drink/tabasco-mild-green-pepper-sauce-57ml', 'Tabasco Mild Green Pepper Sauce 57ml', '£2.10', '£3.68 / 100ml')
('https://www.sainsburys.co.uk/shop/gb/groceries/product/details/all-gluten-free-food-and-drink/emily-veg-crisps-sweet-potato-sticks-seasoned-with-sea-salt-120g', 'Emily Veg Crisps Sweet Potato Sticks Seasoned with Sea Salt 120g', '£2.00', '£1.67 / 100g')
('https://www.sainsburys.co.uk/shop/gb/groceries/product/details/all-gluten-free-food-and-drink/promise-gluten-free-seeded-wholegrain-sandwich-rolls-180g', 'Promise Gluten Free Seeded Wholegrain Sandwich Rolls 180g', '£1.50', '83p / 100g')
('https://www.sainsburys.co.uk/shop/gb/groceries/product/details/all-gluten-free-food-and-drink/metcalfes-sea-salt-popcorn-6x11g', "Metcalfe's Sea Salt Charity Popcorn Multipack 6x11g", '£1.25', '£1.90 / 100g')
('https://www.sainsburys.co.uk/shop/gb/groceries/product/details/all-gluten-free-food-and-drink/sainsburys-freefrom-brownie-slice-75g', "Sainsbury's Free From Brownie Slice 65g", '£1.00', '£1.54 / 100g')
('https://www.sainsburys.co.uk/shop/gb/groceries/product/details/all-gluten-free-food-and-drink/fellows-free-from-pear-drops-70g', 'Fellows Free From Gluten & Sugar Free Pear Drop Sweets 70g', '£1.30', '£1.86 / 100g')
('https://www.sainsburys.co.uk/shop/gb/groceries/product/details/all-gluten-free-food-and-drink/pizza-express-gluten-free-margherita-pizza-265g', 'Pizza Express Gluten Free Margherita Pizza 265g', '£4.50', '£16.98 / kg')
('https://www.sainsburys.co.uk/shop/gb/groceries/product/details/all-gluten-free-food-and-drink/propercorn-sweet---salty-popcorn-30g', 'Propercorn Sweet & Salty Popcorn 30g', '90p', '£3.00 / 100g')
('https://www.sainsburys.co.uk/shop/gb/groceries/product/details/all-gluten-free-food-and-drink/naturya-maca--organic-125g', 'Naturya Organic Maca Powder 125g', '£4.00', '£3.20 / 100g')
('https://www.sainsburys.co.uk/shop/gb/groceries/product/details/all-gluten-free-food-and-drink/sainsburys-deliciously-freefrom-dark-choc-bar-100g', "Sainsbury's Deliciously Free From Dark Choc Bar 100g", '£1.10', '£1.10 / 100g')
('https://www.sainsburys.co.uk/shop/gb/groceries/product/details/all-gluten-free-food-and-drink/evexia-chickpea-fusilli-glf-300g', 'Ugo Thrive Chickpea Gluten Free Fusilli 300g', '£2.00', '67p / 100g')
('https://www.sainsburys.co.uk/shop/gb/groceries/product/details/all-gluten-free-food-and-drink/tayto-mini-mr-ts-original-crisps-6x17g', "Tayto Mini Mr. T's Original Crisps 6x17g", '£1.00', '98p / 100g')
('https://www.sainsburys.co.uk/shop/gb/groceries/product/details/all-gluten-free-food-and-drink/oxo-stock-pots-garden-vegetables-with-parsley---bay-4x20g', 'Oxo Garden Vegetables with Parsley & Bay Stock Pots x4 80g', '£1.00', '£1.25 / 100g')
('https://www.sainsburys.co.uk/shop/gb/groceries/product/details/all-gluten-free-food-and-drink/nude-popcorn-sweet---salty-80g', 'Nude Popcorn Sweet & Salty 80g', '£1.25', '£1.56 / 100g')
('https://www.sainsburys.co.uk/shop/gb/groceries/product/details/all-gluten-free-food-and-drink/metcalfes-skinny-topcorn-sargent-salt-popcorn-70g', "Metcalfe's Sea Salt Charity Popcorn Sharing Bag 70g", '£1.60', '£2.29 / 100g')
('https://www.sainsburys.co.uk/shop/gb/groceries/product/details/all-gluten-free-food-and-drink/popchips-sea-salt---vinegar-chips-85g', 'Popchips Sea Salt & Vinegar Sharing Crisps 85g', '£1.25', '£1.47 / 100g')
('https://www.sainsburys.co.uk/shop/gb/groceries/product/details/all-gluten-free-food-and-drink/yutaka-miso-paste--organic-300g', 'Yutaka Miso Paste, Organic 300g', '£3.00', '£1.00 / 100g')
('https://www.sainsburys.co.uk/shop/gb/groceries/product/details/all-gluten-free-food-and-drink/alpro-chilled-almond-milk-1l', 'Alpro Almond Chilled Drink 1L', '£1.00', '£1.00 / ltr')
('https://www.sainsburys.co.uk/shop/gb/groceries/product/details/all-gluten-free-food-and-drink/amys-kitchen-gluten-free-rice-mac---cheese', "Amy's Kitchen Gluten Free Rice Mac & Cheese", '£2.50', '£9.80 / kg')
('https://www.sainsburys.co.uk/shop/gb/groceries/product/details/all-gluten-free-food-and-drink/thai-taste-green-curry-meal-kit-224g', 'Thai Taste Green Curry Meal Kit 224g', '£2.50', '£1.12 / 100g')
('https://www.sainsburys.co.uk/shop/gb/groceries/product/details/all-gluten-free-food-and-drink/alpro-chilled-alternative-to-cream-250ml', 'Alpro Soya Long Life Alternative to Single Cream 254g', '£1.10', '44p / 100ml')
('https://www.sainsburys.co.uk/shop/gb/groceries/product/details/all-gluten-free-food-and-drink/seabrook-cream-cheese---chives-6x30g', 'Seabrook Crinkle Cut Crisps Cream Cheese & Chives 6x25g', '£1.00', '67p / 100g')
('https://www.sainsburys.co.uk/shop/gb/groceries/product/details/all-gluten-free-food-and-drink/seabrook-prawn-cocktail-crinkle-cut-crisps-6x30g', 'Seabrook Crinkle Cut Crisps Prawn Cocktail 6x25g', '£1.00', '67p / 100g')
('https://www.sainsburys.co.uk/shop/gb/groceries/product/details/all-gluten-free-food-and-drink/kettle-chips-sweet-chilli---sour-cream-150g', 'Kettle Chips Sweet Chilli & Sour Cream Sharing Crisps 150g', '£1.00', '67p / 100g')
('https://www.sainsburys.co.uk/shop/gb/groceries/product/details/all-gluten-free-food-and-drink/seabrooks-handy-sixer-crisps-x6', 'Seabrook Crinkle Cut Crisps Variety 6x25g', '£1.00', '67p / 100g')
('https://www.sainsburys.co.uk/shop/gb/groceries/product/details/all-gluten-free-food-and-drink/eat-natural-almond--apricot---yogurt-bars-x3', 'Eat Natural Fruit & Nut Bars Almond & Apricot with Yoghurt Coating 3x50g', '£2.00', '£1.33 / 100g')
('https://www.sainsburys.co.uk/shop/gb/groceries/product/details/all-gluten-free-food-and-drink/seabrook-crinkle-cut-potato-crisps--cheese---onion-x6', 'Seabrook Crinkle Cut Crisp Cheese & Onion 6x25g', '£1.00', '67p / 100g')
('https://www.sainsburys.co.uk/shop/gb/groceries/product/details/all-gluten-free-food-and-drink/rude-health-honey-puffed-oats-240g', 'Rude Health Honey Puffed Oats 240g', '£3.00', '£1.25 / 100g')
('https://www.sainsburys.co.uk/shop/gb/groceries/product/details/all-gluten-free-food-and-drink/natures-path-maple-sunrise--gluten-free-300g', "Nature's Path Gluten Free Maple Sunrise 332g", '£3.00', '90p / 100g')
('https://www.sainsburys.co.uk/shop/gb/groceries/product/details/all-gluten-free-food-and-drink/trufree-custard-creams-125g', 'Schar Gluten Free Custard Creams 125g', '£1.00', '80p / 100g')
('https://www.sainsburys.co.uk/shop/gb/groceries/product/details/all-gluten-free-food-and-drink/dr-oetker-gluten-free-baking-powder-170g', 'Dr. Oetker Gluten Free Baking Powder 170g', '£1.40', '£8.24 / kg')
('https://www.sainsburys.co.uk/shop/gb/groceries/product/details/all-gluten-free-food-and-drink/alpro-long-life-rice-milk-alternative-1l', 'Alpro Rice Long Life Drink 1L', '£1.20', '£1.20 / ltr')
('https://www.sainsburys.co.uk/shop/gb/groceries/product/details/all-gluten-free-food-and-drink/marigold-swiss-vegetable-bouillon-150g', 'Marigold Swiss Vegetable Bouillon 150g', '£2.00', '£1.33 / 100g')
('https://www.sainsburys.co.uk/shop/gb/groceries/product/details/all-gluten-free-food-and-drink/virginia-harvest-cold-milled-flaxseed-175g', 'Virginia Harvest Cold-Milled Flaxseed 200g', '£2.50', '£1.25 / 100g')
('https://www.sainsburys.co.uk/shop/gb/groceries/product/details/all-gluten-free-food-and-drink/linwoods-milled-organic-flaxseed-425g', 'Linwoods Milled Organic Flaxseed 425g', '£5.50', '£1.29 / 100g')
('https://www.sainsburys.co.uk/shop/gb/groceries/product/details/all-gluten-free-food-and-drink/the-savourists-sundried-tomato-herb-savoury-bar-40g', 'The Savourists Sundried Tomato & Herb Savoury Bar 40g', '£1.80', '£4.50 / 100g')
('https://www.sainsburys.co.uk/shop/gb/groceries/product/details/all-ham--deli-meats---dips/sainsburys-skinless-cooked-chicken-fillet-120g', "Sainsbury's Steamed Cooked Chicken Breast Fillets x2 200g", '£2.90', '£1.45 / 100g')
('https://www.sainsburys.co.uk/shop/gb/groceries/product/details/all-ham--deli-meats---dips/sainsburys-breaded-air-dried-ham-finely-sliced--taste-the-difference-120g', "Sainsbury's Air Dried Breaded Finely Sliced Ham, Taste the Difference 120g", '£2.75', '£2.29 / 100g')
('https://www.sainsburys.co.uk/shop/gb/groceries/product/details/all-ham--deli-meats---dips/sainsburys-roast-topside-beef-finely-sliced--taste-the-difference-110g', "Sainsbury's Roast Beef Topside Sliced, Taste the Difference 110g", '£2.75', '£2.50 / 100g')
('https://www.sainsburys.co.uk/shop/gb/groceries/product/details/all-ham--deli-meats---dips/sainsburys-farmhouse-pâté-with-mushrooms-170g', "Sainsbury's Farmhouse Pâté with Mushrooms 170g", '£1.65', '97p / 100g')
('https://www.sainsburys.co.uk/shop/gb/groceries/product/details/all-ham--deli-meats---dips/sainsburys-cooks-ingredients-smoked-bacon-100g', "Sainsbury's British Smoked Bacon 100g", '£2.00', '£2.00 / 100g')
('https://www.sainsburys.co.uk/shop/gb/groceries/product/details/all-ham--deli-meats---dips/sainsburys-chinese-style-british-chicken-drumsticks-350g', "Sainsbury's Chinese Style British Chicken Drumsticks 350g", '£2.25', '64p / 100g')
('https://www.sainsburys.co.uk/shop/gb/groceries/product/details/all-ham--deli-meats---dips/sainsburys-firecracker-chicken-wings-350g', "Sainsbury's Firecracker Chicken Wings 350g", '£2.25', '64p / 100g')
('https://www.sainsburys.co.uk/shop/gb/groceries/product/details/all-ham--deli-meats---dips/sainsburys-chargrilled-chicken-slices-300g-7863307-p-44', "Sainsbury's Chargrilled Chicken Breast Slices 300g", '£3.50', '£1.16 / 100g')
('https://www.sainsburys.co.uk/shop/gb/groceries/product/details/all-ham--deli-meats---dips/sainsburys-garlic---herb-sliced-chicken-breast-160g', "Sainsbury's Garlic & Herb Cooked Chicken Breast Slices 160g", '£2.50', '£1.56 / 100g')
('https://www.sainsburys.co.uk/shop/gb/groceries/product/details/all-ham--deli-meats---dips/sainsburys-drury-lane-ham-150g', 'Deli Express British Drury Lane Ham 150g', '£2.25', '£1.50 / 100g')
('https://www.sainsburys.co.uk/shop/gb/groceries/product/details/all-ham--deli-meats---dips/sainsburys-wafer-thin-smoked-ham-70g-7809028-p-44', "Sainsbury's British Wafer Thin Smoked Ham 70g", '60p', '86p / 100g')
('https://www.sainsburys.co.uk/shop/gb/groceries/product/details/all-ham--deli-meats---dips/sainsburys-breaded-yorkshire-ham--taste-the-difference-120g-7732081-p-44', "Sainsbury's Breaded Yorkshire Ham, Taste the Difference 120g", '£2.75', '£2.29 / 100g')
('https://www.sainsburys.co.uk/shop/gb/groceries/product/details/all-ham--deli-meats---dips/bernard-matthew-turkey-bbq-chunks-100g', 'Bernard Matthews Turkey BBQ Chunks 90g', '£1.10', '£1.22 / 100g')
('https://www.sainsburys.co.uk/shop/gb/groceries/product/details/all-ham--deli-meats---dips/bernard-matthew-roast-turkey-chunks-100g', 'Bernard Matthews Turkey Breast Chunks 90g', '£1.10', '£1.22 / 100g')
('https://www.sainsburys.co.uk/shop/gb/groceries/product/details/all-ham--deli-meats---dips/cookstown-cooked-bacon-medallions-120g', 'Cookstown Cooked Bacon Medallions 120g', '£1.75', '£1.46 / 100g')
('https://www.sainsburys.co.uk/shop/gb/groceries/product/details/all-ham--deli-meats---dips/thamina-smoked-chicken-sausages-400g', 'Thamina Oriental Specialities Halal Smoked Chicken Sausages 8x50g', '£2.00', '50p / 100g')
('https://www.sainsburys.co.uk/shop/gb/groceries/product/details/all-ham--deli-meats---dips/sainsburys-mortadella-bologna-igp--taste-the-difference-130g', "Sainsbury's Italian Mortadella, Taste the Difference 130g", '£2.75', '£2.12 / 100g')
('https://www.sainsburys.co.uk/shop/gb/groceries/product/details/all-ham--deli-meats---dips/sainsburys-antipasti-selection--taste-the-difference-105g', "Sainsbury's Italian Antipasto Selection, Taste the Difference 105g", '£3.25', '£3.10 / 100g')
('https://www.sainsburys.co.uk/shop/gb/groceries/product/details/all-ham--deli-meats---dips/sainsburys-smoked-cubetti-di-pancetta-160g', "Sainsbury's Smoked Cubetti Di Pancetta 160g", '£2.00', '£1.25 / 100g')
('https://www.sainsburys.co.uk/shop/gb/groceries/product/details/all-ham--deli-meats---dips/sainsburys-italian-cooked-ham-100g', "Sainsbury's Italian Prosciutto Cotto Slices 100g", '£1.70', '£1.70 / 100g')
('https://www.sainsburys.co.uk/shop/gb/groceries/product/details/all-ham--deli-meats---dips/sainsburys-parma-ham-aged-16-months-80g', "Sainsbury's Italian Parma Ham Slices x6 80g", '£2.25', '£2.81 / 100g')
('https://www.sainsburys.co.uk/shop/gb/groceries/product/details/all-ham--deli-meats---dips/sainsburys-parma-ham-family-pack-133g', "Sainsbury's Italian Parma Ham Slices x10 133g", '£3.50', '£2.63 / 100g')
('https://www.sainsburys.co.uk/shop/gb/groceries/product/details/all-ham--deli-meats---dips/sainsburys-prosciutto-di-san-daniele--taste-the-difference-70g', "Sainsbury's Italian Prosciutto Di San Daniele, Taste the Difference 70g", '£2.75', '£3.93 / 100g')
('https://www.sainsburys.co.uk/shop/gb/groceries/product/details/all-ham--deli-meats---dips/borders-gourmat-peppered-ham-100g', "Hall's Gourmet Sliced Peppered Ham 100g", '£1.50', '£1.50 / 100g')
('https://www.sainsburys.co.uk/shop/gb/groceries/product/details/all-ham--deli-meats---dips/sainsburys-breaded-ham-240g', "Sainsbury's British Breaded Ham 240g, x14 Slices", '£2.25', '94p / 100g')
('https://www.sainsburys.co.uk/shop/gb/groceries/product/details/all-ham--deli-meats---dips/sainsburys-breaded-thick-cut-ham-120g', "Sainsbury's British Breaded Thick Cut Ham 120g, x4 Slices", '£1.50', '£1.25 / 100g')
('https://www.sainsburys.co.uk/shop/gb/groceries/product/details/all-ham--deli-meats---dips/tarbert-fine-foods-scottish-finely-sliced-heather-honey-ham-130g', 'Tarbert Fine Foods Scottish Finely Sliced Heather Honey Ham 130g', '£2.65', '£2.04 / 100g')
('https://www.sainsburys.co.uk/shop/gb/groceries/product/details/all-ham--deli-meats---dips/yarden-wafer-thin-turkey-roll-142g', 'Yarden Wafer Thin Turkey Roll 142g', '£3.00', '£2.11 / 100g')
('https://www.sainsburys.co.uk/shop/gb/groceries/product/details/all-ham--deli-meats---dips/sainsburys-honey-roast-air-dried-lean-ham-finely-sliced--taste-the-difference-120g', "Sainsbury's Air Dried Honey Roast Finely Sliced Lean Ham, Taste the Difference 120g", '£2.75', '£2.29 / 100g')
('https://www.sainsburys.co.uk/shop/gb/groceries/product/details/all-ham--deli-meats---dips/sainsburys-air-dried-lean-ham-finely-sliced--taste-the-difference-120g', "Sainsbury's Air Dried Finely Sliced Lean Ham, Taste the Difference 120g", '£2.00', '£1.67 / 100g')
('https://www.sainsburys.co.uk/shop/gb/groceries/product/details/all-ham--deli-meats---dips/sainsburys-german-sausage-selection-slices-100g', "Sainsbury's German Sausage Selection Slices x30 100g", '£1.25', '£1.25 / 100g')
('https://www.sainsburys.co.uk/shop/gb/groceries/product/details/all-ham--deli-meats---dips/sainsburys-british-cooked-ham-125g', "Sainsbury's British Ham Slices x10 115g", '£1.00', '87p / 100g')
('https://www.sainsburys.co.uk/shop/gb/groceries/product/details/all-ham--deli-meats---dips/sainsburys-british-honey-roast-ham-125g', "Sainsbury's British Honey Roast Ham 115g, x10 Slices", '£1.00', '87p / 100g')
('https://www.sainsburys.co.uk/shop/gb/groceries/product/details/all-ham--deli-meats---dips/sainsburys-british-smoked-wiltshire-ham--taste-the-difference-120g', "Sainsbury's British Oak Smoked Wiltshire Cured Ham, Taste the Difference 120g", '£2.75', '£2.29 / 100g')
('https://www.sainsburys.co.uk/shop/gb/groceries/product/details/all-ham--deli-meats---dips/sainsburys-british-smoked-ham-120g', "Sainsbury's British Smoked Ham 120g, x7 Slices", '£1.75', '£1.46 / 100g')
('https://www.sainsburys.co.uk/shop/gb/groceries/product/details/all-ham--deli-meats---dips/gilberts-roast-turkey-breast-142g', "Gilbert's Roast Turkey Breast 142g", '£2.50', '£1.76 / 100g')
('https://www.sainsburys.co.uk/shop/gb/groceries/product/details/all-ham--deli-meats---dips/sainsburys-italian-cubetti-di-pancetta-206g', "Sainsbury's Italian Cubetti Di Pancetta 206g", '£2.25', '£1.09 / 100g')
('https://www.sainsburys.co.uk/shop/gb/groceries/product/details/special-offers-462368-44/yeo-valley-organic-semi-skimmed-milk-2l', 'Yeo Valley Organic Semi Skimmed Milk 2L', '£1.80', '90p / ltr')
('https://www.sainsburys.co.uk/shop/gb/groceries/product/details/special-offers-462368-44/so-kiwi-organic-x4', 'So Kiwi, Organic x4', '£1.00', '25p / ea')
('https://www.sainsburys.co.uk/shop/gb/groceries/product/details/special-offers-462368-44/cono-sur-pinot-noir-organic-75l', 'Cono Sur Organic Pinot Noir 75L', '£7.50', '£7.50 / 75cl')
('https://www.sainsburys.co.uk/shop/gb/groceries/product/details/special-offers-462368-44/sainsburys-salmon-fillets-organic-240g', "Sainsbury's Scottish Salmon Fillets, So Organic x2 240g", '£5.75', '£23.96 / kg')
('https://www.sainsburys.co.uk/shop/gb/groceries/product/details/special-offers-462368-44/ara-select-blocks-organic-sauvignon-blanc-750ml', 'Ara Select Blocks Organic Sauvignon Blanc 750ml', '£10.00', '£10.00 / 75cl')
('https://www.sainsburys.co.uk/shop/gb/groceries/product/details/special-offers-462368-44/yeo-valley-kefir-natural-organic-yogurt-350g', 'Yeo Valley Kefir Natural Organic Yogurt 350g', '£1.00', '29p / 100g')
('https://www.sainsburys.co.uk/shop/gb/groceries/product/details/special-offers-462368-44/sainsburys-young-spinach--so-organic-200g', "Sainsbury's Young Spinach, SO Organic 200g", '£1.35', '£6.75 / kg')
('https://www.sainsburys.co.uk/shop/gb/groceries/product/details/special-offers-462368-44/bear-super-sour-strawberry---apple-yoyos-10-fruit-rolls-x5', 'BEAR Fruit Yoyos Super Sour Strawberry & Apple Multipack x5 20g', '£2.00', '£2.00 / 100g')
('https://www.sainsburys.co.uk/shop/gb/groceries/product/details/special-offers-462368-44/yeo-valley-organic-lemon-curd-yogurt-450g', 'Yeo Valley Organic Lemon Curd Yogurt 450g', '£1.00', '22p / 100g')
('https://www.sainsburys.co.uk/shop/gb/groceries/product/details/special-offers-462368-44/yeo-valley-raspberry-yogurt-450g', 'Yeo Valley Organic Raspberry Yogurt 450g', '£1.00', '22p / 100g')
('https://www.sainsburys.co.uk/shop/gb/groceries/product/details/special-offers-462368-44/sainsburys-pears-so-organic-x4', "Sainsbury's Pears, SO Organic x4", '£2.00', '£2.00 / ea')
('https://www.sainsburys.co.uk/shop/gb/groceries/product/details/special-offers-462368-44/sainsburys-grapes-red-or-black-so-organic-400g', "Sainsbury's Grapes (Red or Black), SO Organic 400g", '£2.25', '£5.63 / kg')
('https://www.sainsburys.co.uk/shop/gb/groceries/product/details/special-offers-462368-44/sainsburys-celery--so-organic-400g', "Sainsbury's Celery, SO Organic", '90p', '90p / ea')
('https://www.sainsburys.co.uk/shop/gb/groceries/product/details/special-offers-462368-44/sainsburys-little-gem-lettuce--so-organic', "Sainsbury's Little Gem Lettuce, SO Organic x2", '£1.00', '50p / ea')
('https://www.sainsburys.co.uk/shop/gb/groceries/product/details/special-offers-462368-44/yeo-valley-organic-fruity-favourites-yogurts-4x120g', 'Yeo Valley Organic Yogurt Fruity Favourites 4x120g', '£1.50', '32p / 100g')
('https://www.sainsburys.co.uk/shop/gb/groceries/product/details/special-offers-462368-44/sainsburys-cabernet-sauvignon--so-organic-75cl', "Sainsbury's Cabernet Sauvignon, SO Organic 75cl", '£5.75', '£5.75 / 75cl')
('https://www.sainsburys.co.uk/shop/gb/groceries/product/details/special-offers-462368-44/sainsburys-smoked-salmon-organic-100g', "Sainsbury's Scottish Smoked Salmon, So Organic 100g", '£4.75', '£4.75 / 100g')
('https://www.sainsburys.co.uk/shop/gb/groceries/product/details/special-offers-462368-44/mini-babybel-5-organic-x-20g', 'Mini Babybel Organic Cheese Snacks 5x20g', '£1.00', '£10.00 / kg')
('https://www.sainsburys.co.uk/shop/gb/groceries/product/details/special-offers-462368-44/yeo-valley-organic-strawberry-yogurts-4x120g', 'Yeo Valley Organic Yogurt Strawberry 4x120g', '£1.50', '32p / 100g')
('https://www.sainsburys.co.uk/shop/gb/groceries/product/details/special-offers-462368-44/yeo-valley-organic-yogurt-limited-edition-450g', 'Yeo Valley Organic Yogurt, Limited Edition 450g', '£1.00', '22p / 100g')
('https://www.sainsburys.co.uk/shop/gb/groceries/product/details/special-offers-462368-44/yeo-valley-organic-whole-milk-2l', 'Yeo Valley Organic Whole Milk 2L', '£1.80', '90p / ltr')
('https://www.sainsburys.co.uk/shop/gb/groceries/product/details/special-offers-462368-44/lo-bros-gut-shot-ginger-organic-60ml', 'Lo Bros Organic Kombucha Gut Shot Ginger 60ml', '£1.75', '£2.92 / 100ml')
('https://www.sainsburys.co.uk/shop/gb/groceries/product/details/special-offers-462368-44/clipper-everyday-organic-tea-x100-unbleached-bags-312g', 'Clipper Everyday Organic Tea x100 Unbleached Bags 312g', '£3.00', '96p / 100g')
('https://www.sainsburys.co.uk/shop/gb/groceries/product/details/special-offers-462368-44/sainsburys-unwaxed-lemons--so-organic-x4', "Sainsbury's Lemons Unwaxed, SO Organic x3", '£1.35', '45p / ea')
('https://www.sainsburys.co.uk/shop/gb/groceries/product/details/special-offers-462368-44/yeo-valley-organic-yogurt-strawberry-450g', 'Yeo Valley Organic Strawberry Yogurt 450g', '£1.00', '22p / 100g')
('https://www.sainsburys.co.uk/shop/gb/groceries/product/details/special-offers-462368-44/lo-bros-gut-shot-beet-boost-organic-60ml', 'Lo Bros Organic Kombucha Gut Shot Beetroot 60ml', '£1.75', '£2.92 / 100ml')
('https://www.sainsburys.co.uk/shop/gb/groceries/product/details/special-offers-462368-44/cono-sur-sauvignon-blanc-organic-75cl', 'Cono Sur Organic Sauvignon Blanc 75cl', '£7.50', '£7.50 / 75cl')
('https://www.sainsburys.co.uk/shop/gb/groceries/product/details/special-offers-462368-44/so-nsa-chenin-blanc-organic-75cl', "Sainsbury's SO Organic Fairtrade Chenin Blanc 75cl", '£6.50', '£6.50 / 75cl')
('https://www.sainsburys.co.uk/shop/gb/groceries/product/details/special-offers-462368-44/tofoo-naked-tofu--organic-280g', 'Tofoo Naked Tofu, Organic 280g', '£1.70', '£6.07 / kg')
('https://www.sainsburys.co.uk/shop/gb/groceries/product/details/special-offers-462368-44/green---blacks-organic-vanilla-500ml', "Green & Black's Organic Ice Cream Vanilla 500ml", '£3.00', '60p / 100ml')
('https://www.sainsburys.co.uk/shop/gb/groceries/product/details/special-offers-462368-44/green---blacks-organic-chocolate-500ml', "Green & Black's Organic Ice Cream Chocolate 500ml", '£3.00', '60p / 100ml')
('https://www.sainsburys.co.uk/shop/gb/groceries/product/details/special-offers-462368-44/rana-org-spinach-ricotta-burrata-250g', 'La Famiglia Rana Organic Spinach, Ricotta & Burrata Whole Wheat Fresh Ravioli 250g', '£2.50', '£10.00 / kg')
('https://www.sainsburys.co.uk/shop/gb/groceries/product/details/special-offers-462368-44/so-houmous-organic-200g', 'So Organic Houmous 200g', '£1.25', '62p / 100g')
('https://www.sainsburys.co.uk/shop/gb/groceries/product/details/sustainable-seafood/sainsburys-taste-the-difference-4-cod-parsley-melting-middle-fishcakes-580g', "Sainsbury's Taste the Difference 4 Cod & Parsley Melting Middle Fishcakes 580g", '£4.00', '£6.90 / kg')
('https://www.sainsburys.co.uk/shop/gb/groceries/product/details/sustainable-seafood/sainsburys-prawn-cocktail-170g', "Sainsbury's Prawn Cocktail 170g", '£2.20', '£1.29 / 100g')
('https://www.sainsburys.co.uk/shop/gb/groceries/product/details/sustainable-seafood/sainsburys-smoked-haddock-encroute-with-a-cheddar-cheese-spinach-sauce-380g', "Sainsbury's Smoked Haddock Encroute with a Cheddar Cheese & Spinach Sauce 380g", '£4.00', '£10.53 / kg')
('https://www.sainsburys.co.uk/shop/gb/groceries/product/details/sustainable-seafood/sainsburys-skinless-boneless-cape-hake-fillets-x2-220g', "Sainsbury's Skinless & Boneless Cape Hake Fillets x2 (approx. 240g)", '£5.32', '£1.90 / 100g')
('https://www.sainsburys.co.uk/shop/gb/groceries/product/details/sustainable-seafood/sainsburys-tuna-flakes-in-a-lime---black-pepper-dressing-80g-7904914-p', "Sainsbury's Tuna Flakes in a Lime & Black Pepper Dressing 80g", '£1.00', '£1.25 / 100g')
('https://www.sainsburys.co.uk/shop/gb/groceries/product/details/sustainable-seafood/sainsburys-free-from-pacific-salmon-fishcake-270g', "Sainsbury's Deliciously Free From Pacific Salmon Fishcakes 270g", '£1.50', '56p / 100g')
('https://www.sainsburys.co.uk/shop/gb/groceries/product/details/sustainable-seafood/sainsburys-tuna-sunflower-oil-d-rte-3pk', "Sainsbury's Tuna Steak in Sunflower Oil 3x120g", '£3.70', '£1.03 / 100g')
('https://www.sainsburys.co.uk/shop/gb/groceries/product/details/all-price-lock/fairy-original-washing-up-liquid-green-with-liftaction-433ml', 'Fairy Original Washing Up Liquid Green with LiftAction 433ml', '£1.00', '£2.31 / ltr')
('https://www.sainsburys.co.uk/shop/gb/groceries/product/details/all-price-lock/hellmanns-fat-free-salad-dressing-210ml', "Hellmann's Fat Free Salad Dressing 210ml", '£1.25', '60p / 100ml')
('https://www.sainsburys.co.uk/shop/gb/groceries/product/details/all-price-lock/oracare-right-angle-flossers-x30', 'OraCare+ Right Angle Flossers x30', '£1.50', '5p / ea')
('https://www.sainsburys.co.uk/shop/gb/groceries/product/details/all-price-lock/sainsburys-five-blade-female-disposable-razors-x3', "Sainsbury's Five Blade Female Disposable Razors x3", '£3.50', '£1.17 / bld')
('https://www.sainsburys.co.uk/shop/gb/groceries/product/details/all-price-lock/sainsburys-triple-blade-refill-x4', "Sainsbury's Triple Blade Refill x4", '£3.50', '88p / bld')
('https://www.sainsburys.co.uk/shop/gb/groceries/product/details/all-price-lock/duck-liquid-4-in-1-toilet-cleaner--citrus-750ml', 'Duck Liquid Toilet Cleaner, Citrus 750ml', '£1.00', '£1.33 / ltr')
('https://www.sainsburys.co.uk/shop/gb/groceries/product/details/all-price-lock/sainsburys-wholemeal-tortilla-x8-10', "Sainsbury's Wholemeal Tortilla Wraps x8 512g", '90p', '11p / ea')
('https://www.sainsburys.co.uk/shop/gb/groceries/product/details/all-price-lock/oral-b-complete-extra-white-toothpaste-100ml', 'Oral-B Complete Extra White Toothpaste 100ml', '£1.50', '£1.50 / 100ml')
('https://www.sainsburys.co.uk/shop/gb/groceries/product/details/all-price-lock/nivea-lip-care-soft-rose-48g', 'Nivea Lip Balm Soft Rose 4.8g', '£1.25', '£26.04 / 100g')
('https://www.sainsburys.co.uk/shop/gb/groceries/product/details/all-price-lock/right-guard-women-xtreme-dry--maximum-strength-antiperspirant-deodorant-150ml', 'Right Guard Woman Xtreme, Anti-Perspirant Deodorant, Dry 150ml', '£1.00', '67p / 100ml')
('https://www.sainsburys.co.uk/shop/gb/groceries/product/details/all-price-lock/nivea-men-anti-perspirant-deodorant--invisible-250ml', 'Nivea Men Anti-Perspirant Deodorant Spray Black & White Original 48 Hours Deo 250ml', '£1.60', '64p / 100ml')
('https://www.sainsburys.co.uk/shop/gb/groceries/product/details/all-price-lock/glade-shake-n-vac-citrus-blossom', "Glade Shake 'n' Vac, Citrus Blossom 500g", '£1.00', '£1.00 / ea')
('https://www.sainsburys.co.uk/shop/gb/groceries/product/details/all-price-lock/right-guard-xtreme-cool-impact-antiperspirant-deodorant-150ml', 'Right Guard Xtreme, Anti-Perspirant Deodorant, Cool 150ml', '£1.00', '67p / 100ml')
('https://www.sainsburys.co.uk/shop/gb/groceries/product/details/all-price-lock/nivea-for-men-sport-shower-gel-250ml', 'Nivea Men Shower Gel Sport 250ml', '£1.00', '40p / 100ml')
('https://www.sainsburys.co.uk/shop/gb/groceries/product/details/all-price-lock/sainsburys-all-in-one-dishwasher-tablets-x60', "Sainsbury's All In One Dishwasher Tablets, Lemon x60", '£5.00', '8p / ea')
('https://www.sainsburys.co.uk/shop/gb/groceries/product/details/all-price-lock/pataks-rogan-josh-sauce-450g', "Patak's Rogan Josh Sauce 450g", '£1.25', '28p / 100g')
('https://www.sainsburys.co.uk/shop/gb/groceries/product/details/all-price-lock/old-el-paso-taco-shells-156g', 'Old El Paso Crunchy Taco Shells x12 156g', '£1.50', '96p / 100g')
('https://www.sainsburys.co.uk/shop/gb/groceries/product/details/all-price-lock/beecham-powders-x10', 'Beechams Powders, Cold & Flu Aspirin & Caffeine Sachets x10', '£2.60', '26p / ea')
('https://www.sainsburys.co.uk/shop/gb/groceries/product/details/all-price-lock/sainsburys-double-strength-apple-squash--no-added-sugar-15l', "Sainsbury's Double Strength Apple Squash, No Added Sugar 1.5L", '£1.00', '7p / 100ml')
('https://www.sainsburys.co.uk/shop/gb/groceries/product/details/all-price-lock/sainsburys-double-strength-lime-squash--no-added-sugar-15l', "Sainsbury's Double Strength Lime Squash, No Added Sugar 1.5L", '£1.00', '7p / 100ml')
('https://www.sainsburys.co.uk/shop/gb/groceries/product/details/all-price-lock/herbal-essences-ignite-my-colour-conditioner-400ml', 'Herbal Essences Ignite My Colour Conditioner 400ml', '£2.00', '50p / 100ml')
('https://www.sainsburys.co.uk/shop/gb/groceries/product/details/all-price-lock/herbal-essences-dazzling-shine-conditioner-400ml', 'Herbal Essences Dazzling Shine Conditioner 400ml', '£2.00', '50p / 100ml')
('https://www.sainsburys.co.uk/shop/gb/groceries/product/details/all-price-lock/berocca-effervescent-x45', 'Berocca Orange Energy Effervescent Vitamin Tablets x45', '£9.50', '21p / ea')
('https://www.sainsburys.co.uk/shop/gb/groceries/product/details/all-price-lock/vaseline-lip-therapy-rosy-20g', 'Vaseline Lip Therapy Rosy 20g', '£1.00', '£5.00 / 100g')
('https://www.sainsburys.co.uk/shop/gb/groceries/product/details/all-price-lock/sainsburys-giraffe-baguette-tiger-400g', "Sainsbury's Giraffe Baguette (Tiger) 400g", '85p', '85p / ea')
('https://www.sainsburys.co.uk/shop/gb/groceries/product/details/all-price-lock/vimto-fizzy--no-added-sugar-2l', 'Vimto Fizzy, No Added Sugar 2L', '£1.00', '5p / 100ml')
('https://www.sainsburys.co.uk/shop/gb/groceries/product/details/all-price-lock/blossom-cottage-morelo-cherry-cordial-500ml', 'Blossom Cottage Morello Cherry Cordial 500ml', '£2.00', '40p / 100ml')
('https://www.sainsburys.co.uk/shop/gb/groceries/product/details/all-price-lock/coors-light-lager-4x440ml', 'Coors Light Lager Beer Cans x4 440ml', '£3.70', '£2.10 / ltr')
('https://www.sainsburys.co.uk/shop/gb/groceries/product/details/all-price-lock/tampax-compak-super-plus-x20', 'Tampax Compak Super Plus Tampons Applicator x18', '£2.00', '11p / ea')
('https://www.sainsburys.co.uk/shop/gb/groceries/product/details/all-price-lock/flash-citrus-kitchen-degreaser-spray-500ml', 'Flash Kitchen Cleaner Spray With Fairy 500ml', '£1.00', '£2.00 / ltr')
('https://www.sainsburys.co.uk/shop/gb/groceries/product/details/all-price-lock/sensodyne-daily-care-toothpaste-100ml', 'Sensodyne Daily Care Original Sensitive Toothpaste 75ml', '£2.00', '£2.67 / 100ml')
('https://www.sainsburys.co.uk/shop/gb/groceries/product/details/all-price-lock/nivea-pearl-beauty-anti-perspirant-deodorant-250ml', 'Nivea Anti-Perspirant Deodorant Spray Pearl & Beauty 48 Hours Deo 250ml', '£1.60', '64p / 100ml')
('https://www.sainsburys.co.uk/shop/gb/groceries/product/details/all-price-lock/original-source-lime-shower-250ml', 'Original Source Lime Shower 250ml', '£1.00', '40p / 100ml')
('https://www.sainsburys.co.uk/shop/gb/groceries/product/details/all-price-lock/radox-moisture-shower-therapy-250ml', 'Radox Shower Cream Moisturise 250ml', '90p', '36p / 100ml')
('https://www.sainsburys.co.uk/shop/gb/groceries/product/details/all-price-lock/mr-muscle-shower-shine-cleaner-advanced-power-750ml', 'Mr Muscle Shower Shine Cleaner Advanced Power 750ml', '£1.50', '£2.00 / ltr')
('https://www.sainsburys.co.uk/shop/gb/groceries/product/details/all-price-lock/sainsburys-house-côtes-de-gascogne-75cl', "Sainsbury's House Côtes De Gascogne 75cl", '£5.00', '£5.00 / 75cl')
('https://www.sainsburys.co.uk/shop/gb/groceries/product/details/all-price-lock/pepsi-max-cherry-125l', 'Pepsi Max Cherry 1.25L', '£1.00', '8p / 100ml')
('https://www.sainsburys.co.uk/shop/gb/groceries/product/details/all-price-lock/sainsburys-comfort-fit-for-her-discreet-underwear-pants-plus-large-x10', "Sainsbury's Comfort Fit for Her Discreet Underwear Pants Plus Large x10", '£6.50', '65p / ea')
('https://www.sainsburys.co.uk/shop/gb/groceries/product/details/all-price-lock/sainsburys-comfort-fit-for-her-10-discreet-underwear-pants-normal-large-x10', "Sainsbury's Comfort Fit for Her 10 Discreet Underwear Pants Normal Large x10", '£6.50', '65p / ea')
('https://www.sainsburys.co.uk/shop/gb/groceries/product/details/all-price-lock/kenco-iced-latte-salted-caramel-instant-coffee-8-sachets', 'Kenco Iced Latte Salted Caramel Instant Coffee 8 Sachets', '£1.50', '88p / 100g')
('https://www.sainsburys.co.uk/shop/gb/groceries/product/details/all-price-lock/sainsburys-west-country-1-fat-milk-4-pint-227l-7938735-p-44', "Sainsbury's West Country 1% Fat Milk (4 Pint) 2.27L", '£1.10', '48p / ltr')
('https://www.sainsburys.co.uk/shop/gb/groceries/product/details/new-355373-44/cave-club-sleepover-dolls-assortment', 'Cave Club Sleepover Dolls Assortment', '£15.00', '£15.00 / ea')
('https://www.sainsburys.co.uk/shop/gb/groceries/product/details/new-355373-44/sainsburys-whitley-artisanal-russian-vodka-5cl', "Sainsbury's Whitley Artisanal Russian Vodka 5cl", '£3.00', '£60.00 / ltr')
('https://www.sainsburys.co.uk/shop/gb/groceries/product/details/new-355373-44/the-collective-plant-yoghurt-plain-400g', 'The Collective Plant Yoghurt Plain 400g', '£2.20', '55p / 100g')
('https://www.sainsburys.co.uk/shop/gb/groceries/product/details/new-355373-44/imperfectly-tasty-green-beans-220g', 'Imperfectly Tasty Green Beans 220g', '69p', '£3.14 / kg')
('https://www.sainsburys.co.uk/shop/gb/groceries/product/details/new-355373-44/taylors-of-harrogate-yorkshire-tea-bags-x40-125g', 'Taylors of Harrogate Yorkshire Tea Bags x40 125g', '£1.60', '£1.28 / 100g')
('https://www.sainsburys.co.uk/shop/gb/groceries/product/details/new-355373-44/kylie-minogue-reserva-cava-organic-75cl', 'Kylie Minogue Organic Brut Reserva Cava 75cl', '£12.00', '£12.00 / 75cl')
('https://www.sainsburys.co.uk/shop/gb/groceries/product/details/new-355373-44/sainsburys-chicken-wiltshire-ham-hock-leek-pie-taste-the-difference-250g', "Sainsbury's Chicken Wiltshire Ham Hock & Leek Pie, Taste the Difference 250g", '£2.50', '£1.00 / 100g')
('https://www.sainsburys.co.uk/shop/gb/groceries/product/details/new-355373-44/heinz-spring-vegetable-soup-400g', 'Heinz Spring Vegetable Soup 400g', '£1.00', '25p / 100g')
('https://www.sainsburys.co.uk/shop/gb/groceries/product/details/new-355373-44/sainsburys-bakery-pink-iced-doughnuts-x4', "Sainsbury's Bakery Pink Iced Doughnuts x4", '£1.20', '30p / ea')
('https://www.sainsburys.co.uk/shop/gb/groceries/product/details/new-355373-44/buttermilk-zingy-orange-crisp-chocolate-egg-soldier-165g', 'Buttermilk Zingy Orange Crisp Choccy Egg 165g', '£6.00', '£2.68 / 100g')
('https://www.sainsburys.co.uk/shop/gb/groceries/product/details/new-355373-44/nomo-vegan-free-from-caramel-sea-salt-egg-bar-148g-8044608-p-44', 'NOMO Vegan & Free From Fruit & Crunch Egg & Bar 207g', '£6.00', '£2.90 / 100g')
('https://www.sainsburys.co.uk/shop/gb/groceries/product/details/new-355373-44/nomo-vegan-free-from-creamy-chocolate-egg-bar-148g', 'Nomo Vegan & Free From Creamy Chocolate Egg & Bar 148g', '£6.00', '£4.05 / 100g')
('https://www.sainsburys.co.uk/shop/gb/groceries/product/details/new-355373-44/buttermilk-salted-caramel-crunch-chocolate-egg-soldier-165g', 'Buttermilk Salted Caramel Crunch Choccy Egg 165g', '£6.00', '£2.68 / 100g')
('https://www.sainsburys.co.uk/shop/gb/groceries/product/details/new-355373-44/maltesers-cake-bar-x5', 'Maltesers Cake Bars', '£1.00', '20p / ea')
('https://www.sainsburys.co.uk/shop/gb/groceries/product/details/new-355373-44/blooming-good-food-black-eyed-beans-vegetables-55g', 'Blooming Good Food Black Eyed Beans & Vegetables 55g', '£1.50', '£2.73 / 100g')
('https://www.sainsburys.co.uk/shop/gb/groceries/product/details/new-355373-44/itsu-mega-miso-protein-noodles-63g', 'Itsu Mega Miso Protein Noodles 63g', '£2.00', '£3.17 / 100g')
('https://www.sainsburys.co.uk/shop/gb/groceries/product/details/new-355373-44/batchelors-big-pasta-sauce-mac-cheese-85g', "Batchelors Big Pasta 'n' Sauce, Mac & Cheese 85g", '70p', '82p / 100g')
('https://www.sainsburys.co.uk/shop/gb/groceries/product/details/new-355373-44/yankee-candle-gift-set-4-votives', 'Yankee Candle Gift Set 4 Votives', '£6.00', '£6.00 / ea')
('https://www.sainsburys.co.uk/shop/gb/groceries/product/details/new-355373-44/sainsburys-cistern-bloc-2x45g', "Sainsbury's Cistern Bloc 2x45g", '75p', '83p / 100g')
('https://www.sainsburys.co.uk/shop/gb/groceries/product/details/new-355373-44/bc-24-pigs-in-blankets-520g-7987389-p-44', "Sainsbury's Butcher's Choice Pigs in Blankets x24 520g", '£4.50', '£8.65 / kg')
('https://www.sainsburys.co.uk/shop/gb/groceries/product/details/new-355373-44/thorntons-billionaire-brownie-fingers-milk-chocolate-x5', 'Thorntons Billionaire Brownie Fingers Milk Chocolate x5', '£1.50', '17p / ea')
('https://www.sainsburys.co.uk/shop/gb/groceries/product/details/new-355373-44/lego-duplo-disney-mickey-minnie-birthday-train-toy-10941', 'Lego Duplo Disney Mickey & Minnie Birthday Train Toy 10941', '£25.00', '£25.00 / ea')
('https://www.sainsburys.co.uk/shop/gb/groceries/product/details/new-355373-44/bells-whistles-ginger-apricot-cake-slices-x2-40g', 'Bells & Whistles Ginger & Apricot Cake Slices x2 40g', '£1.25', '£3.29 / 100g')
('https://www.sainsburys.co.uk/shop/gb/groceries/product/details/new-355373-44/disney-princess-wooden-dolls-4-pack', 'Disney Princess Wooden Dolls 4 Pack', '£10.00', '£10.00 / ea')
('https://www.sainsburys.co.uk/shop/gb/groceries/product/details/new-355373-44/philips-series-3000-beard-trimmer', 'Philips Series 3000 Beard Trimmer', '£41.00', '£41.00 / ea')
('https://www.sainsburys.co.uk/shop/gb/groceries/product/details/new-355373-44/lego-minifigures-series-21-set-71029', 'LEGO Minifigures Series 21 Set 71029', '£3.50', '£3.50 / ea')
('https://www.sainsburys.co.uk/shop/gb/groceries/product/details/new-355373-44/cadbury-dairy-milk-fruit-and-nut-chocolate-egg-302g', 'Cadbury Dairy Milk Fruit and Nut Chocolate Egg 302g', '£6.00', '£1.99 / 100g')
('https://www.sainsburys.co.uk/shop/gb/groceries/product/details/new-355373-44/bright-balcony-planter', 'Bright Balcony Planter', '£5.00', '£5.00 / ea')
('https://www.sainsburys.co.uk/shop/gb/groceries/product/details/new-355373-44/yankee-candle-medium-jar-pink-island-sunse', 'Yankee Candle Medium Jar Pink Island Sunse', '£10.00', '£10.00 / ea')
('https://www.sainsburys.co.uk/shop/gb/groceries/product/details/new-355373-44/yankee-candle-gift-set-12-tealight-tin', 'Yankee Candle Gift Set 12 Tealight Tins', '£7.00', '£7.00 / ea')
('https://www.sainsburys.co.uk/shop/gb/groceries/product/details/new-355373-44/graham-beck-the-joshua-brut-750ml', 'Graham Beck The Joshua Brut 750ml', '£12.00', '£12.00 / 75cl')
('https://www.sainsburys.co.uk/shop/gb/groceries/product/details/new-355373-44/santa-claus-mug-with-festive-socks', 'Santa Claus Mug with Festive Socks', '£8.00', '£8.00 / ea')
('https://www.sainsburys.co.uk/shop/gb/groceries/product/details/new-355373-44/extra-large-bag-white-embossed-snowflake', "Sainsbury's Home Extra Large Bag - White Embossed Snowflake", '£3.50', '£3.50 / ea')
('https://www.sainsburys.co.uk/shop/gb/groceries/product/details/new-355373-44/4-pack-tags-silver-text', "Sainsbury's Home 4 Pack Tags - Silver Text", '£1.00', '£1.00 / ea')
('https://www.sainsburys.co.uk/shop/gb/groceries/product/details/new-355373-44/tissue-paper-holographic', 'Tissue Paper Holographic', '£1.50', '£1.50 / ea')
('https://www.sainsburys.co.uk/shop/gb/groceries/product/details/new-355373-44/wrap-3m-foil-confetti', "Sainsbury's Home Wrap 3M - Foil Confetti", '£2.00', '£2.00 / ea')
('https://www.sainsburys.co.uk/shop/gb/groceries/product/details/new-355373-44/4pk-multi-bag-berry-trad', "Sainsbury's Home 4Pk Multi Bag - Berry / Trad", '£3.00', '£3.00 / ea')
('https://www.sainsburys.co.uk/shop/gb/groceries/product/details/new-355373-44/4pk-multi-bag-gold', "Sainsbury's Home 4Pk Multi Bag Gold", '£3.00', '£3.00 / ea')
('https://www.sainsburys.co.uk/shop/gb/groceries/product/details/new-355373-44/grey-fluffy-hot-water-bottle', 'Grey Fluffy Hot Water Bottle', '£10.00', '£10.00 / ea')
('https://www.sainsburys.co.uk/shop/gb/groceries/product/details/new-355373-44/lets-do-this-drinks-bottle', 'Lets Do This Drinks Bottle', '£10.00', '£10.00 / ea')
('https://www.sainsburys.co.uk/shop/gb/groceries/product/details/new-355373-44/running-phone-holder-gift-set', 'Running Phone Holder Giftset', '£8.00', '£8.00 / ea')
('https://www.sainsburys.co.uk/shop/gb/groceries/product/details/new-355373-44/christmas-pet-cruets', 'Christmas Pet Cruets', '£7.00', '£7.00 / ea')
('https://www.sainsburys.co.uk/shop/gb/groceries/product/details/new-355373-44/lets-do-this-headphones', 'Lets Do This Headphones', '£10.00', '£10.00 / ea')
('https://www.sainsburys.co.uk/shop/gb/groceries/product/details/new-355373-44/namaste-eye-mask', 'Namaste Eye Mask', '£4.00', '£4.00 / ea')
('https://www.sainsburys.co.uk/shop/gb/groceries/product/details/chilled-ready-meals-for-two-or-more/sainsburys-indian-aloo-saag-300g-serves-2-', "Sainsbury's Indian Aloo Saag 300g (Serves 2)", '£2.00', '£6.67 / kg')
('https://www.sainsburys.co.uk/shop/gb/groceries/product/details/chilled-ready-meals-for-two-or-more/sainsburys-just-cook-scottish-salmon-en-croute-380g', "Sainsbury's Just Cook Scottish Salmon En Croute 380g (Serves 2)", '£4.50', '£11.84 / kg')
('https://www.sainsburys.co.uk/shop/gb/groceries/product/details/chilled-ready-meals-for-two-or-more/the-kitchen-beef-lasagne-600g', 'The Kitchen Beef Lasagne 600g', '£2.99', '£6.64 / kg')
('https://www.sainsburys.co.uk/shop/gb/groceries/product/details/chilled-ready-meals-for-two-or-more/sainsburys-slow-cooked-beef-steaks-in-a-black-sheep-ale-gravy-taste-the-difference-x2-790g', "Sainsbury's Slow Cooked Beef Steaks in a Black Sheep Ale Gravy, Taste the Difference x2 790g", '£10.00', '£12.50 / kg')
('https://www.sainsburys.co.uk/shop/gb/groceries/product/details/chilled-ready-meals-for-two-or-more/jssc-beef-brisket-bone-marrow-gravy-470g', "Sainsbury's Beef Brisket in Bone Marrow 470g", '£6.00', '£12.77 / kg')
('https://www.sainsburys.co.uk/shop/gb/groceries/product/details/chilled-ready-meals-for-two-or-more/jssc-pork-cider-mustrd-leek-cassrle-540g', "Sainsbury's Slow Cook British Pork Casserole with Cider, Leek & Mushroom Sauce 540g (Serves 2)", '£5.00', '£9.26 / kg')
('https://www.sainsburys.co.uk/shop/gb/groceries/product/details/chilled-ready-meals-for-two-or-more/sainsburys-bang-bang-cauliflower-150g', "Sainsbury's Vegan Bang Bang Cauliflower 150g", '£1.75', '£11.67 / kg')
('https://www.sainsburys.co.uk/shop/gb/groceries/product/details/chilled-ready-meals-for-two-or-more/leon-sweet-potato-katsu-curry-400g', 'LEON Sweet Potato Katsu Curry 400g', '£4.00', '£10.00 / kg')
('https://www.sainsburys.co.uk/shop/gb/groceries/product/details/chilled-ready-meals-for-two-or-more/sainsburys-chicken-roast-with-chicken-gravy-398g', "Sainsbury's Just Cook British Chicken Roast with Chicken Gravy 390g (Serves 2)", '£2.75', '£7.05 / kg')
('https://www.sainsburys.co.uk/shop/gb/groceries/product/details/chilled-ready-meals-for-two-or-more/sainsburys-chicken-lattice-cheese-n-bacon-401g', "Sainsbury's Just Cook Chicken Lattice Cheese & Bacon 401g (Serves 2)", '£4.00', '£9.98 / kg')
('https://www.sainsburys.co.uk/shop/gb/groceries/product/details/chilled-ready-meals-for-two-or-more/sainsburys-just-cook-chicken-cheese-bacon-340g', "Sainsbury's Just Cook Chicken Breasts with Cheese and Bacon 321g (Serves 2)", '£3.25', '£10.12 / kg')
('https://www.sainsburys.co.uk/shop/gb/groceries/product/details/chilled-ready-meals-for-two-or-more/sainsburys-just-cook-beef-steak-peppercorn-370g', "Sainsbury's Just Cook Beef Steak with Peppercorns 370g (Serves 2)", '£4.00', '£10.81 / kg')
('https://www.sainsburys.co.uk/shop/gb/groceries/product/details/chilled-ready-meals-for-two-or-more/mumtaz-halal-chicken-karahi-340g', 'Mumtaz Halal Chicken Karahi 340g (Serves 2)', '£3.70', '£10.88 / kg')
('https://www.sainsburys.co.uk/shop/gb/groceries/product/details/chilled-ready-meals-for-two-or-more/mumtaz-halal-lamb-karahi-340g', 'Mumtaz Halal Lamb Karahi 340g (Serves 2)', '£3.70', '£10.88 / kg')
('https://www.sainsburys.co.uk/shop/gb/groceries/product/details/chilled-ready-meals-for-two-or-more/mumtaz-halal-lamb-rogan-josh-340g', 'Mumtaz Halal Lamb Rogan Josh 340g (Serves 2)', '£3.70', '£10.88 / kg')
('https://www.sainsburys.co.uk/shop/gb/groceries/product/details/chilled-ready-meals-for-two-or-more/sainsburys-fish-pie--taste-the-difference-800g-7333055-p-44', "Sainsbury's Fish Pie, Taste the Difference 800g (Serves 2)", '£6.50', '£8.13 / kg')
('https://www.sainsburys.co.uk/shop/gb/groceries/product/details/chilled-ready-meals-for-two-or-more/sainsburys-potato-dauphinoise--taste-the-difference-400g-6262770-p-44', "Sainsbury's Potato Dauphinoise, Taste the Difference 400g (Serves 2)", '£2.70', '£6.75 / kg')
('https://www.sainsburys.co.uk/shop/gb/groceries/product/details/chilled-ready-meals-for-two-or-more/sainsburys-vegetable-selection-with-herb-butter-340g', "Sainsbury's Vegetable Selection With Herb Butter 340g (Serves 2)", '£2.25', '£6.62 / kg')
('https://www.sainsburys.co.uk/shop/gb/groceries/product/details/chilled-ready-meals-for-two-or-more/sainsburys-cauliflower-cheese-400g', "Sainsbury's Cauliflower Cheese 400g (Serves 2)", '£2.00', '£5.00 / kg')
('https://www.sainsburys.co.uk/shop/gb/groceries/product/details/chilled-ready-meals-for-two-or-more/bells-top-crust-steak-pie-500g', 'Bells Top Crust Steak Pie 360g (Serves 2)', '£3.10', '86p / 100g')
('https://www.sainsburys.co.uk/shop/gb/groceries/product/details/chilled-ready-meals-for-two-or-more/sainsburys-crispy-chilli-king-prawns-300g', "Sainsbury's Crispy Chilli King Prawns 300g (Serves 2)", '£3.75', '£12.50 / kg')
('https://www.sainsburys.co.uk/shop/gb/groceries/product/details/chilled-ready-meals-for-one/sainsburys-freefrom-vegetable-lasagne-400g', "Sainsbury's Deliciously Free From Vegetable Lasagne 400g (Serves 1)", '£3.00', '75p / 100g')
('https://www.sainsburys.co.uk/shop/gb/groceries/product/details/chilled-ready-meals-for-one/sainsburys-chicken-tikka-masala---rice--taste-the-difference-450g-7802533-p-44', "Sainsbury's Chicken Tikka Masala with Pilau Rice, Taste the Difference 400g (Serves 1)", '£4.00', '£10.00 / kg')
('https://www.sainsburys.co.uk/shop/gb/groceries/product/details/chilled-ready-meals-for-one/kirstys-beef-with-celeriac-mash-400g', "Kirsty's Slow Cooked Beef with Colcannon 400g (Serves 1)", '£2.00', '£5.00 / kg')
('https://www.sainsburys.co.uk/shop/gb/groceries/product/details/chilled-ready-meals-for-one/rustlers-microwave-double-decker-burger-237g', 'Rustlers Microwave Double Decker Burger 237g (Serves 1)', '£2.50', '£1.05 / 100g')
('https://www.sainsburys.co.uk/shop/gb/groceries/product/details/chilled-ready-meals-for-one/mumtaz-halal-chicken-dopiaza---rice-400g', 'Mumtaz Halal Chicken Dopiaza & Rice 400g (Serves 1)', '£3.00', '£7.50 / kg')
('https://www.sainsburys.co.uk/shop/gb/groceries/product/details/chilled-ready-meals-for-one/stroganoff-with-wild-rice--taste-the-difference-450g-6385906-p', "Sainsbury's Beef Stroganoff with Wild Rice, Taste the Difference 400g", '£3.00', '£7.50 / kg')
('https://www.sainsburys.co.uk/shop/gb/groceries/product/details/chilled-ready-meals-for-one/sainsburys-luxury-fish-pie--taste-the-difference-400g-6288597-p-44', "Sainsbury's Fish Pie, Taste the Difference 400g (Serves 1)", '£3.50', '£8.75 / kg')
('https://www.sainsburys.co.uk/shop/gb/groceries/product/details/chilled-ready-meals-for-one/beef-chilli-with-coriander-rice--taste-the-difference-400g-6288325-p', "Sainsbury's Chilli and Rice, Taste the Difference 400g", '£3.00', '£7.50 / kg')
('https://www.sainsburys.co.uk/shop/gb/groceries/product/details/chilled-ready-meals-for-one/sainsburys-chinese-chicken-curry---rice-450g', "Sainsbury's Chinese Chicken Curry & Rice 400g (Serves 1)", '£2.75', '£6.88 / kg')
('https://www.sainsburys.co.uk/shop/gb/groceries/product/details/chilled-ready-meals-for-one/sainsburys-thai-red-curry---rice-450g', "Sainsbury's Thai Red Curry & Rice 400g (Serves 1)", '£3.00', '£7.50 / kg')
('https://www.sainsburys.co.uk/shop/gb/groceries/product/details/chilled-ready-meals-for-one/sainsburys-classic-chicken-hotpot-450g', "Sainsbury's Classic Chicken Hotpot 450g (Serves 1)", '£3.00', '£6.67 / kg')
('https://www.sainsburys.co.uk/shop/gb/groceries/product/details/chilled-ready-meals-for-one/sainsburys-british-classic-chicken-casserole-450g', "Sainsbury's Classics Chicken Casserole 400g (Serves 1)", '£2.50', '£6.25 / kg')
('https://www.sainsburys.co.uk/shop/gb/groceries/product/details/chilled-ready-meals-for-one/sainsburys-british-classic-braised-steak-450g', "Sainsbury's British Classic Braised Steak 450g (Serves 1)", '£3.00', '£6.67 / kg')
('https://www.sainsburys.co.uk/shop/gb/groceries/product/details/chilled-ready-meals-for-one/sainsburys-spinach---ricotta-cannelloni--be-good-to-yourself-400g', "Sainsbury's Spinach & Ricotta Cannelloni, Be Good To Yourself 400g (Serves 1)", '£2.00', '£5.00 / kg')
('https://www.sainsburys.co.uk/shop/gb/groceries/product/details/bigger-packs-/jjames-family-12-breaded-british-ham-slices-300g', 'J,James & Family British Breaded Ham 300g, x12 Slices', '£1.37', '46p / 100g')
('https://www.sainsburys.co.uk/shop/gb/groceries/product/details/bigger-packs-/jjames-family-12-british-ham-slices-300g', 'J.James & Family British Cooked Ham 300g, x12 Slices', '£1.14', '38p / 100g')
('https://www.sainsburys.co.uk/shop/gb/groceries/product/details/bigger-packs-/sainsburys-fairtrade-espresso-wholebean-coffee-1kg', "Sainsbury's Fairtrade Espresso Wholebean Coffee 1kg", '£9.00', '£9.00 / kg')
('https://www.sainsburys.co.uk/shop/gb/groceries/product/details/bigger-packs-/john-smiths-extra-smooth-18x440ml-7795365-p-44', "John Smith's Extra Smooth Ale Cans 18 x 440ml", '£15.00', '£1.89 / ltr')
('https://www.sainsburys.co.uk/shop/gb/groceries/product/details/bigger-packs-/love-beauty-and-planet-blooming-colour-conditioner', 'Love Beauty And Planet Blooming Colour Conditioner', '£6.00', '£1.50 / 100ml')
('https://www.sainsburys.co.uk/shop/gb/groceries/product/details/bigger-packs-/fairy-platinum-dishwasher-tablets-lemon-x70', 'Fairy Platinum Dishwasher Tablets Lemon x65', '£14.00', '22p / ea')
('https://www.sainsburys.co.uk/shop/gb/groceries/product/details/bigger-packs-/sainsburys-mild-smoked-salmon-200g', "Sainsbury's Scottish Smoked Salmon 200g", '£5.00', '£2.50 / 100g')
('https://www.sainsburys.co.uk/shop/gb/groceries/product/details/bigger-packs-/sainsburys-apples-1kg', "Sainsbury's Apples 1kg", '£1.95', '£1.95 / kg')
('https://www.sainsburys.co.uk/shop/gb/groceries/product/details/bigger-packs-/pip-nut-peanut-butter-1kg', 'Pip & Nut Peanut Butter 1kg', '£6.75', '68p / 100g')
('https://www.sainsburys.co.uk/shop/gb/groceries/product/details/bigger-packs-/sainsburys-british-pork-loin-joint-vw-cw', "Sainsbury's British Pork Boneless Crackling Loin Joint (Approx. 1.45Kg)", '£6.82', '55p / 100g')
('https://www.sainsburys.co.uk/shop/gb/groceries/product/details/bigger-packs-/golden-wonder-variety-crisps-22x25g', 'Golden Wonder Variety Crisps 22x25g', '£3.00', '60p / 100g')
('https://www.sainsburys.co.uk/shop/gb/groceries/product/details/bigger-packs-/brewdog-mixed-can-pack-12x330ml', 'Brewdog Mixed Beer Can Pack 12x330ml', '£13.00', '£3.28 / ltr')
('https://www.sainsburys.co.uk/shop/gb/groceries/product/details/bigger-packs-/appletiser-6x250ml', 'Appletiser 6x250ml', '£3.65', '24p / 100ml')
('https://www.sainsburys.co.uk/shop/gb/groceries/product/details/bigger-packs-/robinsons-fruit-shoot-orange-juice-drink-15x200ml', 'Fruit Shoot Orange Kids Juice Drink 15x200ml', '£3.50', '12p / 100ml')
('https://www.sainsburys.co.uk/shop/gb/groceries/product/details/bigger-packs-/strongbow-original-cider-18x440ml', 'Strongbow Original Cider Cans 18 x 440ml', '£12.00', '£1.52 / ltr')
('https://www.sainsburys.co.uk/shop/gb/groceries/product/details/bigger-packs-/thatchers-gold-10x440ml', 'Thatchers Gold Cider 10x440ml', '£9.00', '£2.05 / ltr')
('https://www.sainsburys.co.uk/shop/gb/groceries/product/details/bigger-packs-/birds-eye-omega-3-fish-fingers-big-value-pack-x28-784g', 'Birds Eye Omega 3 Fish Fingers Big Value Pack x30 840g', '£4.75', '£5.65 / kg')
('https://www.sainsburys.co.uk/shop/gb/groceries/product/details/bigger-packs-/pampers-baby-dry-size-5-jumbo-72-nappies', 'Pampers Baby Dry Size 5 Jumbo 72 Nappies', '£9.75', '14p / ea')
('https://www.sainsburys.co.uk/shop/gb/groceries/product/details/bigger-packs-/rowse-original-squeezy-honey-680g', 'Rowse Original Squeezy Honey 680g', '£4.50', '66p / 100g')
('https://www.sainsburys.co.uk/shop/gb/groceries/product/details/bigger-packs-/golden-ales-mixed-pack-6x500ml', 'Golden Ales Mixed Pack 6x500ml', '£8.00', '£2.67 / ltr')
('https://www.sainsburys.co.uk/shop/gb/groceries/product/details/bigger-packs-/coors-light-15-x-330ml', 'Coors Light Lager Beer Bottles x15 330ml', '£9.50', '£1.92 / ltr')
('https://www.sainsburys.co.uk/shop/gb/groceries/product/details/bigger-packs-/elvive-fibrology-shampoo-400ml', "L'Oreal Elvive Fibrology Fine Hair Thickening Shampoo 400ml", '£3.50', '88p / 100ml')
('https://www.sainsburys.co.uk/shop/gb/groceries/product/details/bigger-packs-/elvive-fibrology-conditioner-400ml', "L'Oreal Elvive Fibrology Fine Hair Conditioner 400ml", '£3.50', '88p / 100ml')
('https://www.sainsburys.co.uk/shop/gb/groceries/product/details/bigger-packs-/sainsburys-vivaldi-white-potatoes--taste-the-difference-2kg', "Sainsbury's White Potatoes, Taste the Difference 2kg", '£2.60', '£1.30 / kg')
('https://www.sainsburys.co.uk/shop/gb/groceries/product/details/bigger-packs-/sainsburys-cooked-ham-240g', "Sainsbury's British Cooked Ham 240g, x14 Slices", '£2.50', '£1.04 / 100g')
('https://www.sainsburys.co.uk/shop/gb/groceries/product/details/bigger-packs-/mondelli-pinot-grigio-225l', 'Mondelli Pinot Grigio 2.25L', '£14.75', '£4.92 / 75cl')
('https://www.sainsburys.co.uk/shop/gb/groceries/product/details/bigger-packs-/pepsi-max-24x330ml', 'Pepsi Max Cans 24x330ml', '£8.50', '11p / 100ml')
('https://www.sainsburys.co.uk/shop/gb/groceries/product/details/bigger-packs-/pepsi-diet-24x330ml', 'Diet Pepsi Cans 24x330ml', '£8.50', '11p / 100ml')
('https://www.sainsburys.co.uk/shop/gb/groceries/product/details/bigger-packs-/lavazza-qualita-rossa-coffee-beans-1kg-7489686-p-44', 'Lavazza Qualita Rossa Coffee Beans 1kg', '£13.75', '£1.38 / 100g')
('https://www.sainsburys.co.uk/shop/gb/groceries/product/details/bigger-packs-/head---shoulder-apple-2-in-1-450ml', 'Head & Shoulders Apple Anti-Dandruff 2 in 1 Shampoo 450ml', '£4.50', '£1.00 / 100ml')
('https://www.sainsburys.co.uk/shop/gb/groceries/product/details/bigger-packs-/kopparberg-mixed-fruit-10x330ml-cans', 'Kopparberg Mixed Fruit Cider 10x330ml', '£10.00', '£3.03 / ltr')
('https://www.sainsburys.co.uk/shop/gb/groceries/product/details/bigger-packs-/kopparberg-strawberry---lime-10x330ml', 'Kopparberg Strawberry & Lime Cider 10x330ml', '£12.00', '£3.64 / ltr')
('https://www.sainsburys.co.uk/shop/gb/groceries/product/details/bigger-packs-/fairy-platinum-all-in-1-dishwasher-tablets--lemon-x60', 'Fairy Platinum Dishwasher Tablets Lemon x46', '£8.00', '17p / ea')
('https://www.sainsburys.co.uk/shop/gb/groceries/product/details/bigger-packs-/sainsburys-spanish-chorizo-180g', "Sainsbury's Spanish Chorizo Slices 180g", '£1.15', '64p / 100g')
('https://www.sainsburys.co.uk/shop/gb/groceries/product/details/bigger-packs-/sainsburys-carrots-1kg', "Sainsbury's Carrots 1kg", '41p', '41p / kg')
('https://www.sainsburys.co.uk/shop/gb/groceries/product/details/bigger-packs-/sainsburys-vanilla-soft-scoop-ice-cream-2l', "Sainsbury's Vanilla Soft Scoop Ice Cream 2L", '£1.80', '9p / 100ml')
('https://www.sainsburys.co.uk/shop/gb/groceries/product/details/bigger-packs-/sainsburys-baby-potatoes-1kg', "Sainsbury's Baby Potatoes 1kg", '90p', '90p / kg')
('https://www.sainsburys.co.uk/shop/gb/groceries/product/details/bigger-packs-/kellys-cornish-vanilla-dairy-ice-cream-2l', "Kelly's Cornish Vanilla Dairy Ice Cream 2L", '£4.00', '20p / 100ml')
('https://www.sainsburys.co.uk/shop/gb/groceries/product/details/bigger-packs-/kp-original-salted-peanuts-500g', 'KP Original Salted Peanuts 415g', '£3.50', '84p / 100g')
('https://www.sainsburys.co.uk/shop/gb/groceries/product/details/bigger-packs-/herta-frankfurters-x10-350g', 'Herta Frankfurter Hot Dogs x10 350g', '£2.20', '63p / 100g')
('https://www.sainsburys.co.uk/shop/gb/groceries/product/details/bigger-packs-/classic-ales-mixed-pack-x6-500ml', 'Classic Ales Mixed Pack x6 500ml', '£9.50', '£3.17 / ltr')
('https://www.sainsburys.co.uk/shop/gb/groceries/product/details/bigger-packs-/ecover-non-bio-washing-powder-3kg-40-washes-', 'Ecover Non-Bio Washing Powder 3kg (40 Washes)', '£12.50', '£4.17 / kg')
('https://www.sainsburys.co.uk/shop/gb/groceries/product/details/bigger-packs-/sainsburys-butchers-choice-cumberland-pork-sausages-x12-681g', "Sainsbury's Butcher's Choice Cumberland Pork Sausages x12 681g", '£2.10', '£3.08 / kg')
('https://www.sainsburys.co.uk/shop/gb/groceries/product/details/bigger-packs-/tayto-cheese---onion-crisps-20x25g', 'Tayto Cheese & Onion Crisps 20x25g', '£4.00', '80p / 100g')
('https://www.sainsburys.co.uk/shop/gb/groceries/product/details/natural-organic-and-greek-yogurts/yeo-valley-greek-style-natural-yog-950g', 'Yeo Valley Organic Greek Style Natural Yogurt 950g', '£3.00', '32p / 100g')
('https://www.sainsburys.co.uk/shop/gb/groceries/product/details/natural-organic-and-greek-yogurts/yeo-valley-super-thick-5-natural-450g', 'Yeo Valley Super Thick 5% Natural Yoghurt 450g', '£2.75', '61p / 100g')
('https://www.sainsburys.co.uk/shop/gb/groceries/product/details/natural-organic-and-greek-yogurts/grahams-skyr-pouch-raspberry-150g', "Graham's The Family Dairy Skyr Raspberry Icelondic Style Yogurt 150g", '£1.00', '67p / 100g')
('https://www.sainsburys.co.uk/shop/gb/groceries/product/details/natural-organic-and-greek-yogurts/lindahls-kvarg-raspberry-150g', 'Lindahls Kvarg Raspberry 150g', '95p', '63p / 100g')
('https://www.sainsburys.co.uk/shop/gb/groceries/product/details/natural-organic-and-greek-yogurts/yeo-valley-family-farm-0-fat-greek-style-natural-450g', 'Yeo Valley Family Farm 0% Fat Greek Style Natural 450g', '£1.70', '38p / 100g')
('https://www.sainsburys.co.uk/shop/gb/groceries/product/details/natural-organic-and-greek-yogurts/grahams-the-family-dairy-skyr-natural-icelandic-style-yogurt', "Graham's The Family Dairy Skyr Natural Icelandic Style Yogurt", '£1.20', '26p / 100g')
('https://www.sainsburys.co.uk/shop/gb/groceries/product/details/natural-organic-and-greek-yogurts/glenisk-0-fat-protein-natural-yogurt-500g', 'Glenisk 0% Fat Protein Natural Yogurt 500g', '£2.20', '44p / 100g')
('https://www.sainsburys.co.uk/shop/gb/groceries/product/details/natural-organic-and-greek-yogurts/liberte-greek-style-low-fat-mango-yogurt-4x100g', 'Liberte Fat Free Mango Yogurt 4x100g', '£1.00', '25p / 100g')
('https://www.sainsburys.co.uk/shop/gb/groceries/product/details/natural-organic-and-greek-yogurts/henna-low-fat-natural-set-400g', 'Henna Low Fat Natural Set 400g', '60p', '15p / 100g')
('https://www.sainsburys.co.uk/shop/gb/groceries/product/details/natural-organic-and-greek-yogurts/fage-total-0-natural-fat-free-greek-recipe-strained-yogurt-170g', 'FAGE Total 0% Natural Fat Free Greek Recipe Strained Yogurt 170g', '£1.15', '68p / 100g')
('https://www.sainsburys.co.uk/shop/gb/groceries/product/details/natural-organic-and-greek-yogurts/cadbury-twin-pot-flake-90g', 'Cadbury Flake Chocolate Dessert 85g', '47p', '52p / 100g')
('https://www.sainsburys.co.uk/shop/gb/groceries/product/details/natural-organic-and-greek-yogurts/bonne-maman-violet-fig-450g', 'Bonne Maman Yoghurt Violet Fig 450g', '£1.75', '39p / 100g')
('https://www.sainsburys.co.uk/shop/gb/groceries/product/details/natural-organic-and-greek-yogurts/onken-natural-set-yogurt-1kg', 'Onken Natural Set Yogurt 1kg', '£2.50', '25p / 100g')
('https://www.sainsburys.co.uk/shop/gb/groceries/product/details/natural-organic-and-greek-yogurts/grahams-skyr-pouch-mango-150g', "Graham's The Family Dairy Skyr Passion Fruit, Mango & Papaya Icelondic Style Yogurt 150g", '£1.00', '67p / 100g')
('https://www.sainsburys.co.uk/shop/gb/groceries/product/details/natural-organic-and-greek-yogurts/sainsburys-greek-natural-organic-yogurt-450g', "Sainsbury's Greek Style Natural Yogurt, So Organic 450g", '£1.25', '28p / 100g')
('https://www.sainsburys.co.uk/shop/gb/groceries/product/details/natural-organic-and-greek-yogurts/the-collective-scottish-raspberry-gourmet-live-yogurt-150g', 'The Collective Scottish Raspberry Gourmet Live Yogurt 150g', '75p', '50p / 100g')
('https://www.sainsburys.co.uk/shop/gb/groceries/product/details/natural-organic-and-greek-yogurts/arla-protein-strawberry-yogurt-200g', 'Arla Protein Strawberry 200g', '£1.15', '58p / 100g')
('https://www.sainsburys.co.uk/shop/gb/groceries/product/details/natural-organic-and-greek-yogurts/pakeeza-live-set-natural-yogurt-425g', 'Pakeeza Live Set Natural Yogurt 425g', '70p', '16p / 100g')
('https://www.sainsburys.co.uk/shop/gb/groceries/product/details/natural-organic-and-greek-yogurts/sainsburys-natural-yogurt-500g', "Sainsbury's Natural Yogurt 500g", '75p', '15p / 100g')
('https://www.sainsburys.co.uk/shop/gb/groceries/product/details/natural-organic-and-greek-yogurts/sainsburys-greek-style-fat-free-yogurt-500g', "Sainsbury's Greek Style Fat Free Natural Yogurt 500g", '85p', '17p / 100g')
('https://www.sainsburys.co.uk/shop/gb/groceries/product/details/natural-organic-and-greek-yogurts/sainsburys-greek-style-natural-yogurt-200g', "Sainsbury's Greek Style Natural Yogurt 200g", '50p', '25p / 100g')
('https://www.sainsburys.co.uk/shop/gb/groceries/product/details/big-pot-yogurts/arla-skyr-strawberry-450g', 'Arla Skyr Icelandic Style Yogurt, Strawberry 450g', '£1.90', '42p / 100g')
('https://www.sainsburys.co.uk/shop/gb/groceries/product/details/big-pot-yogurts/collective-fudge-yogurt-500g', 'Collective Fudge Yogurt 500g', '£2.40', '48p / 100g')
('https://www.sainsburys.co.uk/shop/gb/groceries/product/details/big-pot-yogurts/fage-total-0-natural-fat-free-greek-recipe-strained-yogurt-500g', 'FAGE Total 0% Natural Fat Free Greek Recipe Strained Yogurt 500g', '£2.00', '40p / 100g')
('https://www.sainsburys.co.uk/shop/gb/groceries/product/details/big-pot-yogurts/sainsburys-natural-greek-style-yogurt-with-honey-450g', "Sainsbury's Greek Style Honey Yogurt 450g", '£1.20', '27p / 100g')
('https://www.sainsburys.co.uk/shop/gb/groceries/product/details/big-pot-yogurts/rachels-organic-dairy-natural-greek-yogurt-450g', "Rachel's Organic Greek Style Set Natural Yogurt 450g", '£1.80', '40p / 100g')
('https://www.sainsburys.co.uk/shop/gb/groceries/product/details/big-pot-yogurts/yeo-valley-organic-fruit-compote-mixed-berry-220g', 'Yeo Valley Organic Fruit Compote Mixed Berry 220g', '£1.75', '80p / 100g')
('https://www.sainsburys.co.uk/shop/gb/groceries/product/details/big-pot-yogurts/bonne-maman-rhubarb-strawberry-yog-450g', 'Bonne Maman Yoghurt Rhubarb Strawberry 450g', '£1.75', '39p / 100g')
('https://www.sainsburys.co.uk/shop/gb/groceries/product/details/big-pot-yogurts/sainsburys-fudge-yogurt-taste-the-difference-450g', "Sainsbury's Fudge Yogurt, Taste the Difference 450g", '£1.65', '37p / 100g')
('https://www.sainsburys.co.uk/shop/gb/groceries/product/details/big-pot-yogurts/activia-dairy-free-oat-mango-flaxseeds-350g', 'Activia Dairy Free Oat Mango-Flaxseeds 350g', '£2.25', '64p / 100g')
('https://www.sainsburys.co.uk/shop/gb/groceries/product/details/big-pot-yogurts/rora-dairy-scottish-raspberry-live-yogurt-490g', 'Rora Dairy Scottish Raspberry Live Yogurt 490g', '£2.00', '41p / 100g')
('https://www.sainsburys.co.uk/shop/gb/groceries/product/details/big-pot-yogurts/sainsburys-fat-free-natural-organic-yogurt-450g', "Sainsbury's Fat Free Natural Yogurt, So Organic 450g", '£1.00', '22p / 100g')
('https://www.sainsburys.co.uk/shop/gb/groceries/product/details/big-pot-yogurts/koko-dairy-free-plain-live-yogurt-cultures-500g', 'Koko Dairy Free Plain Live Yogurt Cultures 500g', '£1.50', '30p / 100g')
('https://www.sainsburys.co.uk/shop/gb/groceries/product/details/big-pot-yogurts/rachels-organic-lactose-free-natural-bio-live-yogurt-450g', "Rachel's Organic Lactose Free Natural Bio-Live Yogurt 450g", '£2.00', '44p / 100g')
('https://www.sainsburys.co.uk/shop/gb/groceries/product/details/big-pot-yogurts/sainsburys-fat-free-greek-style--honey-yog-450g', "Sainsbury's Fat Free Greek Style Honey Yogurt 450g", '£1.20', '27p / 100g')
('https://www.sainsburys.co.uk/shop/gb/groceries/product/details/big-pot-yogurts/collective-passionfruit-yogurt-450g', 'The Collective Passion Fruit Gourmet Live Yogurt 450g', '£1.30', '29p / 100g')
('https://www.sainsburys.co.uk/shop/gb/groceries/product/details/big-pot-yogurts/arla-skyr-natural-450g', 'Arla Skyr Icelandic Style Yogurt, Natural 450g', '£1.90', '42p / 100g')
('https://www.sainsburys.co.uk/shop/gb/groceries/product/details/big-pot-yogurts/onken-cherry-yogurt-450g', 'Onken Cherry Yogurt 450g', '£1.75', '39p / 100g')
('https://www.sainsburys.co.uk/shop/gb/groceries/product/details/big-pot-yogurts/trewithen-dairy-cornish-toffee-yogurt-450g', 'Trewithen Dairy Cornish Toffee Yogurt 450g', '£1.60', '36p / 100g')
('https://www.sainsburys.co.uk/shop/gb/groceries/product/details/big-pot-yogurts/sainsburys-low-fat-natural-yogurt--basics-500g', "Mary Ann's Dairy Low Fat Natural Yogurt 500g", '45p', '9p / 100g')
('https://www.sainsburys.co.uk/shop/gb/groceries/product/details/breakfastbrunch/tropicana-tropical-juice-850ml', 'Tropicana Tropical Fruit Juice 850ml', '£1.50', '18p / 100ml')
('https://www.sainsburys.co.uk/shop/gb/groceries/product/details/breakfastbrunch/sainsburys-free-range-woodland-large-eggs--so-organic-x6', "Sainsbury's Woodland Free Range Large Eggs, SO Organic x6", '£2.15', '36p / ea')
('https://www.sainsburys.co.uk/shop/gb/groceries/product/details/breakfastbrunch/innocent-orange-juice-with-bits-135l', 'Innocent Orange Juice With Bits 1.35L', '£2.00', '15p / 100ml')
('https://www.sainsburys.co.uk/shop/gb/groceries/product/details/breakfastbrunch/fage-total-0-natural-fat-free-greek-recipe-strained-yogurt-500g', 'FAGE Total 0% Natural Fat Free Greek Recipe Strained Yogurt 500g', '£2.00', '40p / 100g')
('https://www.sainsburys.co.uk/shop/gb/groceries/product/details/breakfastbrunch/tropicana-smooth-orange-juice-950ml-2537443-p', 'Tropicana Smooth Orange Juice 950ml', '£1.50', '16p / 100ml')
('https://www.sainsburys.co.uk/shop/gb/groceries/product/details/breakfastbrunch/sainsburys-pain-au-chocolat-x2', "Sainsbury's Pain Au Chocolat x2", '£1.30', '65p / ea')
('https://www.sainsburys.co.uk/shop/gb/groceries/product/details/breakfastbrunch/sainsburys-luxury-sourdough-crumpets-taste-the-difference-x6', "Sainsbury's Luxury Sourdough Crumpets, Taste the Difference x6", '£1.00', '17p / ea')
('https://www.sainsburys.co.uk/shop/gb/groceries/product/details/breakfastbrunch/sainsburys-butter-croissants-taste-the-difference-x4', "Sainsbury's Butter Croissants, Taste the Difference x4", '£1.75', '44p / ea')
('https://www.sainsburys.co.uk/shop/gb/groceries/product/details/breakfastbrunch/sainsburys-san-francisco-style-sourdough-taste-the-difference-400g-7738662-p', "Sainsbury's San Francisco Style Sourdough Taste the Difference 400g", '£1.70', '43p / 100g')
('https://www.sainsburys.co.uk/shop/gb/groceries/product/details/breakfastbrunch/sainsburys-free-range-woodland-medium-eggs--so-organic-x6', "Sainsbury's Woodland Free Range Medium Eggs, SO Organic x6", '£1.80', '30p / ea')
('https://www.sainsburys.co.uk/shop/gb/groceries/product/details/breakfastbrunch/sainsburys-plain-pancakes-375g', "Sainsbury's Plain Pancakes x6 375g", '£1.50', '40p / 100g')
('https://www.sainsburys.co.uk/shop/gb/groceries/product/details/breakfastbrunch/sainsburys-golden-wholemeal-hot-cross-buns-taste-the-difference-x4-280g', "Sainsbury's Golden Wholemeal Hot Cross Buns, Taste the Difference x4 280g", '£1.25', '31p / ea')
('https://www.sainsburys.co.uk/shop/gb/groceries/product/details/breakfastbrunch/la-boulangere-vegan-pain-au-chocolat-x6', 'La Boulangere Vegan Pain Au Chocolat x6', '£2.50', '42p / ea')
('https://www.sainsburys.co.uk/shop/gb/groceries/product/details/breakfastbrunch/sainsburys-luxury-multiseed-sourdough-crumpets-taste-the-difference-x6-330g', "Sainsbury's Luxury Multiseed Sourdough Crumpets, Taste the Difference x6 330g", '£1.00', '17p / ea')
('https://www.sainsburys.co.uk/shop/gb/groceries/product/details/breakfastbrunch/alpro-oat-unsweetened-drink-1l', 'Alpro Oat No Sugars Chilled Drink 1L', '£1.00', '£1.00 / ltr')
('https://www.sainsburys.co.uk/shop/gb/groceries/product/details/breakfastbrunch/sainsburys-ff-hot-cross-buns-280g', "Sainsbury's Deliciously Free From Fruity Hot Cross Buns x4 280g", '£2.00', '71p / 100g')
('https://www.sainsburys.co.uk/shop/gb/groceries/product/details/easter-special-offers/bottlegreen-ginger---lemongrass-cordial-500ml', 'Bottlegreen Ginger & Lemongrass Cordial 500ml', '£2.50', '50p / 100ml')
('https://www.sainsburys.co.uk/shop/gb/groceries/product/details/easter-special-offers/mcvities-jamaica-ginger-cake', "McVitie's Jamaica Ginger Cake 225g (Serves 9)", '£1.00', '41p / 100g')
('https://www.sainsburys.co.uk/shop/gb/groceries/product/details/easter-special-offers/ecover-dishwasher-tablets-x25', 'Ecover Dishwasher Tablets x25', '£5.00', '20p / tblt')
('https://www.sainsburys.co.uk/shop/gb/groceries/product/details/easter-special-offers/sainsburys-chilean-pinot-noir--taste-the-difference-75cl', "Sainsbury's Chilean Pinot Noir, Taste the Difference 75cl", '£8.50', '£8.50 / 75cl')
('https://www.sainsburys.co.uk/shop/gb/groceries/product/details/easter-special-offers/cadbury-dairy-milk-fruit---nut-200g', 'Cadbury Dairy Milk Fruit & Nut Chocolate Bar 200g', '£1.50', '75p / 100g')
('https://www.sainsburys.co.uk/shop/gb/groceries/product/details/easter-special-offers/sainsburys-king-prawns-155g', "Sainsbury's King Prawns 150g", '£3.00', '£2.00 / 100g')
('https://www.sainsburys.co.uk/shop/gb/groceries/product/details/easter-special-offers/knorr-chicken-stock-pot-gel-8x224g', 'Knorr Stock Pot Chicken 8x28g', '£2.50', '£1.12 / 100g')
('https://www.sainsburys.co.uk/shop/gb/groceries/product/details/easter-special-offers/sainsburys-long-life-soya-milk--unsweetened-1l', "Sainsbury's Unsweetened Soya Drink 1L", '85p', '85p / ltr')
('https://www.sainsburys.co.uk/shop/gb/groceries/product/details/easter-special-offers/carex-moisture-plus-antibacterial-handwash-250ml', 'Carex Moisture Plus Antibacterial Handwash 250ml', '£1.00', '40p / 100ml')
('https://www.sainsburys.co.uk/shop/gb/groceries/product/details/easter-special-offers/mcguigan-estate-chardonnay-75cl', 'McGuigan Estate Chardonnay 75cl', '£5.10', '£5.10 / 75cl')
('https://www.sainsburys.co.uk/shop/gb/groceries/product/details/easter-special-offers/sharwoods-mango-chutney--green-label-530g', "Sharwood's Mango Chutney, Green Label 530g", '£2.50', '47p / 100g')
('https://www.sainsburys.co.uk/shop/gb/groceries/product/details/easter-special-offers/kelloggs-coco-pops-cereal-720g-7427673-p', "Kellogg's Coco Pops Cereal 720g", '£3.00', '42p / 100g')
('https://www.sainsburys.co.uk/shop/gb/groceries/product/details/easter-special-offers/sainsburys-strawberry-trifles-x4-125g', "Sainsbury's Strawberry Trifle 4x125g", '£2.00', '40p / 100g')
('https://www.sainsburys.co.uk/shop/gb/groceries/product/details/easter-special-offers/oatibix-flakes-550g', 'Weetabix Oatibix Flakes Golden Oat Flakes Cereal 550g', '£2.50', '46p / 100g')
('https://www.sainsburys.co.uk/shop/gb/groceries/product/details/easter-special-offers/sainsburys-wholegrain-malties-cereal-750g', "Sainsbury's Wholegrain Malties Cereal 750g", '£1.10', '15p / 100g')
('https://www.sainsburys.co.uk/shop/gb/groceries/product/details/easter-special-offers/fun-flowers-dyed-lisianthus', 'Fun Flowers Dyed Lisianthus', '£6.00', '£6.00 / ea')
('https://www.sainsburys.co.uk/shop/gb/groceries/product/details/easter-special-offers/lindt-milk-chocolate-easter-egg-with-lindor-assorted-truffles-260g', 'Lindt Milk Chocolate Easter Egg with Lindor Assorted Truffles 260g', '£10.00', '£3.85 / 100g')
('https://www.sainsburys.co.uk/shop/gb/groceries/product/details/easter-special-offers/lindt-white-easter-egg-with-lindor-white-truffles-260g', 'Lindt White Easter Egg with Lindor White Truffles 260g', '£10.00', '£3.85 / 100g')
('https://www.sainsburys.co.uk/shop/gb/groceries/product/details/easter-special-offers/cadbury-creme-egg-chocolate-box-400g', 'Cadbury Creme Egg Chocolate Box 400g', '£4.00', '£1.00 / 100g')
('https://www.sainsburys.co.uk/shop/gb/groceries/product/details/easter-special-offers/smarties-bunny-50g', 'Smarties Bunny 50g', '£1.00', '£2.00 / 100g')
('https://www.sainsburys.co.uk/shop/gb/groceries/product/details/easter-special-offers/aunt-bessies-glorious-golden-yorkshire-puddings-x10-190g', "Aunt Bessie's Glorious Golden Yorkshire Puddings x10 190g", '£1.65', '£8.68 / kg')
('https://www.sainsburys.co.uk/shop/gb/groceries/product/details/easter-special-offers/sainsburys-deliciously-free-from-mini-mallows-chocolate-egg-110g', "Sainsbury's Deliciously Free From Mini Mallows Chocolate Egg 110g", '£4.00', '£3.64 / 100g')
('https://www.sainsburys.co.uk/shop/gb/groceries/product/details/easter-special-offers/sainsburys-cauliflower-bites-180g', "Sainsbury's Vegan Sweet Chilli Caulliflower Bites 180g", '£1.80', '£10.00 / kg')
('https://www.sainsburys.co.uk/shop/gb/groceries/product/details/easter-special-offers/sainsburys-pork-sausage-rolls-4-taste-the-difference-x-47g', "Sainsbury's Pork Sausage Rolls, Taste the Difference x4 188g", '£2.30', '£1.22 / 100g')
('https://www.sainsburys.co.uk/shop/gb/groceries/product/details/all-vegetables/sainsburys-broccoli---cauliflower-florets-240g', "Sainsbury's Broccoli & Cauliflower Florets 240g", '£1.00', '£4.17 / kg')
('https://www.sainsburys.co.uk/shop/gb/groceries/product/details/all-vegetables/sainsburys-welsh-whites-potatoes-5kg-crated-', "Sainsbury's Welsh Whites Potatoes 5kg (Crated)", '£3.00', '60p / kg')
('https://www.sainsburys.co.uk/shop/gb/groceries/product/details/all-vegetables/so-organic-vittoria-tomatoes-180g', "Sainsbury's Cherry on the Vine Tomatoes, SO Organic 180g", '£1.85', '£10.28 / kg')
('https://www.sainsburys.co.uk/shop/gb/groceries/product/details/all-vegetables/sainsburys-living-frilly-mustard-leaves', "Sainsbury's Living Frilly Mustard Leaves", '£1.00', '£1.00 / ea')
('https://www.sainsburys.co.uk/shop/gb/groceries/product/details/all-vegetables/sainsburys-living-coriander-large-pot', "Sainsbury's Fresh Living Coriander Large Pot", '£1.50', '£1.50 / ea')
('https://www.sainsburys.co.uk/shop/gb/groceries/product/details/all-vegetables/sainsburys-medium-vine-tomatoes--taste-the-difference-300g', 'Sainsbury’s Majestic Vine Tomatoes, Taste the Difference 300g', '£1.50', '£5.00 / kg')
('https://www.sainsburys.co.uk/shop/gb/groceries/product/details/all-vegetables/sainsburys-brussels-sprouts-750g', "Sainsbury's Brussels Sprouts 750g", '30p', '40p / kg')
('https://www.sainsburys.co.uk/shop/gb/groceries/product/details/all-vegetables/glens-of-antrim-special-variety-potatoes-15kg', 'Glens Of Antrim Special Variety Potatoes 1.5kg', '£2.00', '£1.33 / kg')
('https://www.sainsburys.co.uk/shop/gb/groceries/product/details/baby-vegetables/sainsburys-red-cabbage--taste-the-difference-400g', "Sainsbury's Red Cabbage with Sweet Apple & Cranberries 400g", '£2.75', '£9.17 / kg')
('https://www.sainsburys.co.uk/shop/gb/groceries/product/details/baby-vegetables/sainsburys-roast-potatoes-with-goose-fat--taste-the-difference-800g-6855591-p-44', "Sainsbury's Roast Potatoes with Goose Fat, Taste the Difference 800g", '£3.50', '£4.38 / kg')
('https://www.sainsburys.co.uk/shop/gb/groceries/product/details/baby-vegetables/sainsburys-broccoli--baby-corn--carrots---sugar-snap-peas-240g', "Sainsbury's Broccoli, Baby Corn, Carrots & Sugar Snap Peas 240g", '£1.50', '£6.25 / kg')
('https://www.sainsburys.co.uk/shop/gb/groceries/product/details/baby-vegetables/sainsburys-carrot--cauliflower---broccoli-480g', "Sainsbury's Carrot, Cauliflower & Broccoli 480g", '£1.80', '£3.75 / kg')
('https://www.sainsburys.co.uk/shop/gb/groceries/product/details/baby-vegetables/mash-direct-broccoli-with-cheese-sauce-300g', 'Mash Direct Broccoli with Cheese Sauce 300g', '£1.70', '£5.67 / kg')
('https://www.sainsburys.co.uk/shop/gb/groceries/product/details/baby-vegetables/sainsburys-butternut-squash-slices-400g', "Sainsbury's Butternut Squash Slices 400g", '£1.00', '£2.50 / kg')
('https://www.sainsburys.co.uk/shop/gb/groceries/product/details/baby-vegetables/sainsburys-carrot-batons-400g', "Sainsbury's Carrot Batons 400g", '£1.00', '£2.50 / kg')
('https://www.sainsburys.co.uk/shop/gb/groceries/product/details/baby-vegetables/sainsburys-potato-leek-soup-mix-600g', "Sainsbury's Potato & Leek Soup Mix 600g", '£1.50', '£2.50 / kg')
('https://www.sainsburys.co.uk/shop/gb/groceries/product/details/baby-vegetables/sainsburys-cauliflower-roasting-tray-300g', "Sainsbury's Spiced Roasting Cauliflower 300g", '£2.00', '£6.67 / kg')
('https://www.sainsburys.co.uk/shop/gb/groceries/product/details/baby-vegetables/sainsburys-cauliflower-steak-210g', "Sainsbury's Roasted Cauliflower Steaks x2 210g", '£2.00', '£9.52 / kg')
('https://www.sainsburys.co.uk/shop/gb/groceries/product/details/baby-vegetables/sainsburys-mushroom-mince-250g', "Sainsbury's Mushroom Mince 250g", '£1.50', '£6.00 / kg')
('https://www.sainsburys.co.uk/shop/gb/groceries/product/details/baby-vegetables/sainsburys-caramelised-onion-shroomdog-400g', "Sainsbury's Caramelised Onion Shroomdogs x6 400g", '£2.50', '£6.25 / kg')
('https://www.sainsburys.co.uk/shop/gb/groceries/product/details/baby-vegetables/sainsburys-bbq-pulled-jackfruit-350g', "Sainsbury's Sweet & Smoky BBQ Pulled Jackfruit 350g", '£3.00', '£8.57 / kg')
('https://www.sainsburys.co.uk/shop/gb/groceries/product/details/baby-vegetables/sainsburys-sweet-potato-wedges-400g', "Sainsbury's Sweet Potato Wedges 400g", '£1.80', '£4.50 / kg')
('https://www.sainsburys.co.uk/shop/gb/groceries/product/details/baby-vegetables/sainsburys-butternut-squash-crinkle-chips-300g', "Sainsbury's Butternut Squash Crinkle Chips 300g", '£1.00', '£3.33 / kg')
('https://www.sainsburys.co.uk/shop/gb/groceries/product/details/baby-vegetables/sainsburys-peas---sweetcorn-layered-vegetable-350g', "Sainsbury's Peas & Sweetcorn Layered Vegetable 350g", '£1.50', '£4.29 / kg')
('https://www.sainsburys.co.uk/shop/gb/groceries/product/details/baby-vegetables/sainsburys-traditionally-sliced-runner-beans160g', "Sainsbury's Traditionally Sliced Runner Beans 160g", '£1.50', '£9.38 / kg')
('https://www.sainsburys.co.uk/shop/gb/groceries/product/details/baby-vegetables/sainsburys-cauliflower-rice-300g', "Sainsbury's Cauliflower Rice 300g", '£1.25', '£4.17 / kg')
('https://www.sainsburys.co.uk/shop/gb/groceries/product/details/baby-vegetables/sainsburys-young-leaf-spinach-200g', "Sainsbury's Baby Leaf Spinach 200g", '£1.50', '£7.50 / kg')
('https://www.sainsburys.co.uk/shop/gb/groceries/product/details/baby-vegetables/florette-green-beans-herb-butter-170g', 'Florette Green Beans & Herb Butter 170g', '£2.00', '£11.76 / kg')
('https://www.sainsburys.co.uk/shop/gb/groceries/product/details/baby-vegetables/sainsburys-smokey-bean-casserole-pot-400g', "Sainsbury's Smokey Bean One Pot 400g", '£3.00', '£7.50 / kg')
('https://www.sainsburys.co.uk/shop/gb/groceries/product/details/baby-vegetables/sainsburys-broccoli-rice-300g', "Sainsbury's Broccoli Rice 300g", '£1.25', '£4.17 / kg')
('https://www.sainsburys.co.uk/shop/gb/groceries/product/details/baby-vegetables/sainsburys-butternut-squash-noodles-300g', "Sainsbury's Butternut Squash Noodles 300g", '£1.30', '£4.33 / kg')
('https://www.sainsburys.co.uk/shop/gb/groceries/product/details/baby-vegetables/sainsburys-carrot--cauliflower---broccoli-240g', "Sainsbury's Carrot, Cauliflower & Broccoli 240g", '£1.00', '£4.17 / kg')
('https://www.sainsburys.co.uk/shop/gb/groceries/product/details/baby-vegetables/sainsburys-tender-green-medley-175g', "Sainsbury's Tender Green Medley 160g", '£1.50', '£9.38 / kg')
('https://www.sainsburys.co.uk/shop/gb/groceries/product/details/baby-vegetables/sainsburys-mashed-potato-400g', "Sainsbury's Mashed Potato 400g", '£1.00', '£2.50 / kg')
('https://www.sainsburys.co.uk/shop/gb/groceries/product/details/baby-vegetables/sainsburys-vegetable-curry-pot-400g', "Sainsbury's Vegetable Curry One Pot 400g", '£3.00', '£7.50 / kg')
('https://www.sainsburys.co.uk/shop/gb/groceries/product/details/baby-vegetables/sainsburys-moroccan-cous-cous-pot-400g', "Sainsbury's Moroccan Chickpea & Couscous One Pot 400g", '£3.00', '£7.50 / kg')
('https://www.sainsburys.co.uk/shop/gb/groceries/product/details/baby-vegetables/sainsburys-cauliflower-burger-225g', "Sainsbury's Cauliflower Burgers x2 225g", '£2.00', '£8.89 / kg')
('https://www.sainsburys.co.uk/shop/gb/groceries/product/details/baby-vegetables/sainsburys-nacho-cheese-butternut-chips-340g', "Sainsbury's Nacho Cheese Butternut Chips 340g", '£2.00', '£5.88 / kg')
('https://www.sainsburys.co.uk/shop/gb/groceries/product/details/baby-vegetables/sainsburys-chunky-mediterranean-vegetables-600g', "Sainsbury's Chunky Mediterranean Vegetables 600g", '£2.25', '£3.75 / kg')
('https://www.sainsburys.co.uk/shop/gb/groceries/product/details/baby-vegetables/sainsburys-cabbage---leek-200g', "Sainsbury's Cabbage & Leek 200g", '£1.00', '£5.00 / kg')
('https://www.sainsburys.co.uk/shop/gb/groceries/product/details/baby-vegetables/sainsburys-carrots---peas-480g', "Sainsbury's Carrots & Peas 480g", '£1.00', '£2.08 / kg')
('https://www.sainsburys.co.uk/shop/gb/groceries/product/details/baby-vegetables/sainsburys-ready-to-roast-sweet-potato-chips-340g', "Sainsbury's Sweet Potato Fries with Polenta & Herbs 340g", '£1.50', '£4.41 / kg')
('https://www.sainsburys.co.uk/shop/gb/groceries/product/details/all-gluten-free-food-and-drink/future-farm-meatballs-250g', 'Future Farm Plant Based Meatballs 250g', '£3.90', '£15.60 / kg')
('https://www.sainsburys.co.uk/shop/gb/groceries/product/details/all-gluten-free-food-and-drink/mcvities-gluten-free-hobnobs-original-150g', "McVitie's Gluten Free Hobnobs Original Biscuits 150g", '£1.70', '£1.13 / 100g')
('https://www.sainsburys.co.uk/shop/gb/groceries/product/details/all-gluten-free-food-and-drink/the-coconut-collaborative-dairy-free-chocolate-dipped-snowconut-sticks-3x95ml', 'The Coconut Collaborative Dairy Free Chocolate Dipped Snowconut Sticks 3x95ml', '£3.50', '£1.23 / 100ml')
('https://www.sainsburys.co.uk/shop/gb/groceries/product/details/all-gluten-free-food-and-drink/deliciously-ella-cacao---almond-energy-ball-40g', 'Deliciously Ella Cacao & Almond Energy Ball 40g', '£1.80', '£4.50 / 100g')
('https://www.sainsburys.co.uk/shop/gb/groceries/product/details/all-gluten-free-food-and-drink/oxo-stock-pots-beef-x8', 'Oxo Beef with Onion & Rosemary Stock Pots x8 160g', '£1.95', '£1.22 / 100g')
('https://www.sainsburys.co.uk/shop/gb/groceries/product/details/all-gluten-free-food-and-drink/nakd-peanut-delight-fruit---nut-bar-35g-7819805-p', 'Nakd Peanut Delight Fruit & Nut Bar 35g', '60p', '£1.71 / 100g')
('https://www.sainsburys.co.uk/shop/gb/groceries/product/details/all-gluten-free-food-and-drink/yushoi-snapea-rice-sticks-variety-6x21g', 'Yushoi Snapea Rice Sticks Variety 6x21g', '£1.00', '79p / 100g')
('https://www.sainsburys.co.uk/shop/gb/groceries/product/details/all-gluten-free-food-and-drink/food-thoughts-roasted-cacao-nibs-125g', 'Food Thoughts Roasted Cacao Nibs 125g', '£3.60', '£2.88 / 100g')
('https://www.sainsburys.co.uk/shop/gb/groceries/product/details/all-gluten-free-food-and-drink/nature-valley-protein-salted-caramel-nut-4x40g', 'Nature Valley Protein Salted Caramel & Nut Cereal Bars 4x42g', '£2.90', '£1.81 / 100g')
('https://www.sainsburys.co.uk/shop/gb/groceries/product/details/all-gluten-free-food-and-drink/nature-valley-protein-peanut---chocolate-4x40g', 'Nature Valley Protein Peanut & Chocolate Cereal Bars 4x42g', '£2.90', '£1.81 / 100g')
('https://www.sainsburys.co.uk/shop/gb/groceries/product/details/all-gluten-free-food-and-drink/alpro-growing-up-drink-soya-1-3-3x250ml', 'Alpro Soya Growing Up Long Life Drink 3 x 250ml', '£1.60', '£2.13 / ltr')
('https://www.sainsburys.co.uk/shop/gb/groceries/product/details/all-gluten-free-food-and-drink/sainsburys-deliciously-freefrom-garlic---herb-dairy-free-soft-cheese-170g', "Sainsbury's Deliciously Free From Garlic & Herb Coconut Based Alternative To Soft Cheese 170g", '£1.80', '£1.06 / 100g')
('https://www.sainsburys.co.uk/shop/gb/groceries/product/details/all-gluten-free-food-and-drink/sainsburys-deliciously-freefrom-cheddar-style-dairy-free-cheese-200g', "Sainsbury's Deliciously Free From Cheddar-Style Coconut Based Alternative To Cheese 200g", '£2.25', '£1.13 / 100g')
('https://www.sainsburys.co.uk/shop/gb/groceries/product/details/all-gluten-free-food-and-drink/propercorn-smooth-peanut---almond-90g', 'Propercorn Peanut Butter & Almond Popcorn 90g', '£1.00', '£1.11 / 100g')
('https://www.sainsburys.co.uk/shop/gb/groceries/product/details/all-gluten-free-food-and-drink/perkier-cacao---cashew-quinoa-bar-35g', 'Perkier Cacao & Cashew Quinoa Bar 35g', '75p', '£2.14 / 100g')
('https://www.sainsburys.co.uk/shop/gb/groceries/product/details/all-gluten-free-food-and-drink/kind-nuts---spices-dark-chocolate-nuts---sea-salt-bar-40g', 'KIND Dark Chocolate Nuts & Sea Salt Snack Bar 40g', '£1.30', '£3.25 / 100g')
('https://www.sainsburys.co.uk/shop/gb/groceries/product/details/all-gluten-free-food-and-drink/eat-natural-fruit---nut-bar--cashew---blueberry-with-yoghurt-coating-45g', 'Eat Natural Fruit & Nut Bars Cashew & Blueberry with Yogurt Coating 45g', '60p', '£1.33 / 100g')
('https://www.sainsburys.co.uk/shop/gb/groceries/product/details/all-gluten-free-food-and-drink/metcalfes-skinny-popcorn-cinema-sweet-popcorn-70g', "Metcalfe's Cinema Sweet Popcorn Sharing Bag 70g", '£1.60', '£2.29 / 100g')
('https://www.sainsburys.co.uk/shop/gb/groceries/product/details/all-gluten-free-food-and-drink/sainsburys-freefrom-shortbread-200g', "Sainsbury's Deliciously Free From Shortbread 200g", '£1.50', '75p / 100g')
('https://www.sainsburys.co.uk/shop/gb/groceries/product/details/all-gluten-free-food-and-drink/alpro-yogurt-alternative-blackberry--raspberry---cranberry-4x125g', 'Alpro Raspberry-Cranberry & Blackberry Yoghurt Alternative 4x125g', '£1.90', '38p / 100g')
('https://www.sainsburys.co.uk/shop/gb/groceries/product/details/all-gluten-free-food-and-drink/trek-peanut-power-protein-energy-bar-55g-7745579-p', 'TREK Peanut Power Protein Energy Bar 55g', '90p', '£1.64 / 100g')
('https://www.sainsburys.co.uk/shop/gb/groceries/product/details/all-gluten-free-food-and-drink/nestle-cornflakes--gluten-free-cereal-500g', 'Nestle Go Free Gluten Free Cornflakes Cereal 500g', '£2.30', '46p / 100g')
('https://www.sainsburys.co.uk/shop/gb/groceries/product/details/all-gluten-free-food-and-drink/tyrrells-lightly-sea-salted-hand-cooked-potato-chips-6x25g', 'Tyrrells Lightly Sea Salted Crisps 6x25g', '£2.00', '£1.33 / 100g')
('https://www.sainsburys.co.uk/shop/gb/groceries/product/details/all-gluten-free-food-and-drink/pure-olive-spread-500g', 'Pure Dairy Free Vegan Olive Spread 500g', '£1.60', '£3.20 / kg')
('https://www.sainsburys.co.uk/shop/gb/groceries/product/details/all-gluten-free-food-and-drink/great-food-tuscan-bites-300g', 'Great Food Tuscan Bites 300g', '£2.00', '66p / 100g')
('https://www.sainsburys.co.uk/shop/gb/groceries/product/details/all-gluten-free-food-and-drink/rude-health-uht-brown-rice-drink-1l', 'Rude Health Brown Rice Drink 1L', '£2.00', '£2.00 / ltr')
('https://www.sainsburys.co.uk/shop/gb/groceries/product/details/all-gluten-free-food-and-drink/rude-health-uht-almond-milk-1l', 'Rude Health Almond Drink 1L', '£2.00', '£2.00 / ltr')
('https://www.sainsburys.co.uk/shop/gb/groceries/product/details/all-gluten-free-food-and-drink/popchips-original-chips-85', 'Popchips Original Chips Sharing Crisps 85g', '£1.25', '£1.47 / 100g')
('https://www.sainsburys.co.uk/shop/gb/groceries/product/details/all-gluten-free-food-and-drink/goodfellas-paxo-sage-onion-stuffing-mix-150g', 'Paxo Gluten Free Sage & Onion Stuffing Mix 150g', '£2.10', '£1.40 / 100g')
('https://www.sainsburys.co.uk/shop/gb/groceries/product/details/all-gluten-free-food-and-drink/fellows-free-from-cola-bottles-70g', 'Fellows Free From Gluten & Sugar Free Cola Bottle Sweets 70g', '£1.30', '£1.86 / 100g')
('https://www.sainsburys.co.uk/shop/gb/groceries/product/details/all-gluten-free-food-and-drink/follow-your-heart-original-veganaise-340g', 'Follow Your Heart Original Vegenaise 340g', '£2.70', '79p / 100g')
('https://www.sainsburys.co.uk/shop/gb/groceries/product/details/all-gluten-free-food-and-drink/sainsburys-deliciously-free-from-macaroni-500g', "Sainsbury's Deliciously Free From Macaroni 500g", '£1.20', '24p / 100g')
('https://www.sainsburys.co.uk/shop/gb/groceries/product/details/all-gluten-free-food-and-drink/nairns-gluten-free-cracked-black-pepper-wholegrain-crackers-137g', "Nairn's Gluten Free Cracked Black Pepper Wholegrain Crackers 137g", '£1.75', '£1.28 / 100g')
('https://www.sainsburys.co.uk/shop/gb/groceries/product/details/all-gluten-free-food-and-drink/nairns-gluten-free-wholegrain-crackers-137g', "Nairn's Gluten Free Wholegrain Crackers 137g", '£1.75', '£1.28 / 100g')
('https://www.sainsburys.co.uk/shop/gb/groceries/product/details/all-gluten-free-food-and-drink/sainsburys-deliciously-free-from-thai-style-haddock-fishcakes-x2-170g', "Sainsbury's Deliciously Free From Thai-Style Haddock Fishcakes x2 170g", '£2.00', '£11.76 / kg')
('https://www.sainsburys.co.uk/shop/gb/groceries/product/details/all-gluten-free-food-and-drink/knorr-chicken-concentrated-liquid-stock-150ml', 'Knorr Chicken Concentrated Liquid Stock 150ml', '£2.00', '£1.33 / 100ml')
('https://www.sainsburys.co.uk/shop/gb/groceries/product/details/all-gluten-free-food-and-drink/sweetpea-pantry-super-oat-flapjack-mix-230g', 'Sweetpea Pantry Gluten Free Super Oat Flapjack Mix 230g', '£2.70', '£1.17 / 100g')
('https://www.sainsburys.co.uk/shop/gb/groceries/product/details/all-price-lock/nivea-anti-perspirant-deodorant-spray-dry-confidence-48-hours-deo-250ml', 'Nivea Anti-Perspirant Deodorant Spray Dry Confidence 48 Hours Deo 250ml', '£1.60', '64p / 100ml')
('https://www.sainsburys.co.uk/shop/gb/groceries/product/details/all-price-lock/7th-heaven-dead-sea-clay-peel-off-easy-peel-mask-10ml', '7th Heaven Dead Sea + Clay Peel-Off Easy Peel Mask 10ml', '90p', '£9.00 / 100ml')
('https://www.sainsburys.co.uk/shop/gb/groceries/product/details/all-price-lock/uncle-bens-roated-garlic-rice-250g', "Uncle Ben's Roated Garlic Rice 250g", '£1.00', '£4.00 / kg')
('https://www.sainsburys.co.uk/shop/gb/groceries/product/details/all-price-lock/fruittella-duo-stix-sweets-160g', 'Fruittella Duo Stix Sweets Bag 160g', '£1.00', '63p / 100g')
('https://www.sainsburys.co.uk/shop/gb/groceries/product/details/all-price-lock/imperial-leather-limited-edition-mermazing-bath-soak-500ml', 'Imperial Leather Limited Edition Mermazing Bath Soak 500ml', '£1.00', '20p / 100ml')
('https://www.sainsburys.co.uk/shop/gb/groceries/product/details/all-price-lock/original-source-rhubarb-raspberry-shower-gel-250ml', 'Original Source Rhubarb & Raspberry Shower Gel 250ml', '£1.00', '40p / 100ml')
('https://www.sainsburys.co.uk/shop/gb/groceries/product/details/all-price-lock/oreo-double-creme-chocolate-sandwich-biscuit-170g', 'Oreo Double Creme Chocolate Sandwich Biscuit 170g', '£1.00', '59p / 100g')
('https://www.sainsburys.co.uk/shop/gb/groceries/product/details/all-price-lock/heinz-7-months-first-steps-multigrain-with-carrot-sweetcorn-cheese-200g', 'Heinz 7+ Months First Steps Multigrain with Carrot, Sweetcorn & Cheese 200g', '£2.65', '£1.33 / 100g')
('https://www.sainsburys.co.uk/shop/gb/groceries/product/details/all-price-lock/the-collection-stress-away-bath-soak-500ml', 'The Collection Stress Away Bath Soak 500ml', '90p', '18p / 100ml')
('https://www.sainsburys.co.uk/shop/gb/groceries/product/details/all-price-lock/sainsburys-coffee-whitener-500g-7907975-p-44', "Sainsbury's Coffee Whitener 500g", '£1.95', '39p / 100g')
('https://www.sainsburys.co.uk/shop/gb/groceries/product/details/all-price-lock/bakers-senior-dry-dog-food-chicken-and-veg-11kg-7912653-p', 'Bakers Senior Dry Dog Food Chicken and Veg 1.1kg', '£2.75', '£2.50 / kg')
('https://www.sainsburys.co.uk/shop/gb/groceries/product/details/all-price-lock/sainsburys-wholewheat-medium-noodles-250g', "Sainsbury's Wholewheat Medium Noodles 250g", '£1.00', '40p / 100g')
('https://www.sainsburys.co.uk/shop/gb/groceries/product/details/all-price-lock/heinz-by-nature-spaghetti-bolognese-12-months-230g', 'Heinz By Nature Spaghetti Bolognese 12+ Months 230g', '£1.35', '59p / 100g')
('https://www.sainsburys.co.uk/shop/gb/groceries/product/details/all-price-lock/ellas-kitchen-organic-mild-chilli-con-carne-pouch-7-months-130g', "Ella's Kitchen Organic Chilli Con Carne Baby Pouch 7+ Months 130g", '£1.30', '£1.00 / 100g')
('https://www.sainsburys.co.uk/shop/gb/groceries/product/details/all-price-lock/sainsburys-soft-corn-tortilla-wraps-x8-320g', "Sainsbury's Soft Corn Tortilla Wraps x8 320g", '£1.00', '31p / 100g')
('https://www.sainsburys.co.uk/shop/gb/groceries/product/details/all-price-lock/sainsburys-pork-shoulder-joint-cw-600g---14kg', "Sainsbury's British Pork Shoulder Joint (Approx. 1.45Kg)", '£3.84', '31p / 100g')
('https://www.sainsburys.co.uk/shop/gb/groceries/product/details/all-price-lock/pedigree-mixed-selection-gravy-40x100g', 'Pedigree Adult Wet Dog Food Pouches Mixed Selection in Jelly Mega Pack x40 100g', '£10.00', '£2.50 / kg')
('https://www.sainsburys.co.uk/shop/gb/groceries/product/details/all-price-lock/belvita-milk---cereal-biscuits-540g', 'Belvita Milk & Cereal Biscuits Multipack 540g', '£3.00', '56p / 100g')
('https://www.sainsburys.co.uk/shop/gb/groceries/product/details/all-price-lock/simple-shower-gel-micellar-water-500ml', 'Simple Micellar Water Shower Gel 500ml', '£1.50', '30p / 100ml')
('https://www.sainsburys.co.uk/shop/gb/groceries/product/details/all-price-lock/nivea-soft-moisturising-cream-500ml', 'Nivea Soft Moisturising Cream for face hands and body 500ml', '£4.50', '90p / 100ml')
('https://www.sainsburys.co.uk/shop/gb/groceries/product/details/all-price-lock/przysnacki-snacks-green-onion-150g', 'Przysnacki Green Onion Snacks 150g', '£1.30', '87p / 100g')
('https://www.sainsburys.co.uk/shop/gb/groceries/product/details/all-price-lock/sainsburys-free-from-pacific-salmon-fishcake-270g', "Sainsbury's Deliciously Free From Pacific Salmon Fishcakes 270g", '£1.50', '56p / 100g')
('https://www.sainsburys.co.uk/shop/gb/groceries/product/details/all-price-lock/sainsburys-broccoli--kale---cauliflower-cous-cous-300g', "Sainsbury's Broccoli, Kale & Cauliflower Cous Cous 300g", '£2.00', '£6.67 / kg')
('https://www.sainsburys.co.uk/shop/gb/groceries/product/details/all-price-lock/greene-king-india-pale-ale-ipa-gluten-free-500ml', 'Greene King India Pale Ale (IPA) (Gluten Free) 500ml', '£1.80', '£3.60 / ltr')
('https://www.sainsburys.co.uk/shop/gb/groceries/product/details/all-price-lock/sainsburys-goldfish-flake-food-100g', "Sainsbury's Goldfish Flake Food 100g", '£2.50', '£25.00 / kg')
('https://www.sainsburys.co.uk/shop/gb/groceries/product/details/all-price-lock/sainsburys-kitten-complete-nutrition-with-chicken-2-12-months-1kg', "Sainsbury's Complete Nutrition Kitten Food with Chicken 1kg", '£1.15', '£1.15 / kg')
('https://www.sainsburys.co.uk/shop/gb/groceries/product/details/all-price-lock/sainsburys-adult-complete-nutrition-weight-control-with-turkey---rice-25kg', "Sainsbury's Complete Nutrition Adult Dry Dog Food Weight Control with Turkey & Rice 2.5kg", '£2.50', '£1.00 / kg')
('https://www.sainsburys.co.uk/shop/gb/groceries/product/details/all-price-lock/sainsburys-adult-fine-flakes-1-adult-cat-food-meat-fish-selection-in-jelly-48-x-100g', "Sainsbury's Adult Fine Flakes 1+ Adult Cat Food Meat & Fish Selection in Jelly 48 x 100g", '£9.50', '£1.98 / kg')
('https://www.sainsburys.co.uk/shop/gb/groceries/product/details/all-price-lock/sainsburys-adult-fine-flakes-1-adult-cat-food-selection-in-broth-12-x-100g', "Sainsbury's Adult Fine Flakes 1+ Adult Cat Food Selection in Broth 12 x 100g", '£2.75', '£2.29 / kg')
('https://www.sainsburys.co.uk/shop/gb/groceries/product/details/all-price-lock/sainsburys-flamebaked-plain-naans--large-x2-260g', "Sainsbury's Flamebaked Plain Naans x2 260g", '80p', '31p / 100g')
('https://www.sainsburys.co.uk/shop/gb/groceries/product/details/all-price-lock/sainsburys-pure-apple-juice-3x200ml', "Sainsbury's Pure Apple Juice 3x200ml", '80p', '13p / 100ml')
('https://www.sainsburys.co.uk/shop/gb/groceries/product/details/all-price-lock/ryvita-dark-rye-250g', 'Ryvita Crunchy Rye Bread Dark Rye 250g', '£1.00', '40p / 100g')
('https://www.sainsburys.co.uk/shop/gb/groceries/product/details/all-price-lock/jeyes-bloo-rim-block--aqua-complete', 'Bloo Rim Block, Aqua', '£1.00', '£1.00 / ea')
('https://www.sainsburys.co.uk/shop/gb/groceries/product/details/all-price-lock/harpic-active-toilet-cleaning-gel--pine-750ml', 'Harpic Active Fresh Toilet Cleaner Gel Pine Scent 750ml', '£1.00', '£1.33 / ltr')
('https://www.sainsburys.co.uk/shop/gb/groceries/product/details/all-price-lock/bodyform-invisible-sanitary-towels--goodnight--winged-x10', 'Bodyform Ultra Night Sanitary Towels x10', '£1.20', '12p / twl')
('https://www.sainsburys.co.uk/shop/gb/groceries/product/details/all-price-lock/olay-double-action-skin-cream-50ml', 'Olay Double Action Moisturiser Day Cream 50ml', '£4.50', '£9.00 / 100ml')
('https://www.sainsburys.co.uk/shop/gb/groceries/product/details/all-price-lock/stella-artois-4x440ml', 'Stella Artois Premium Lager Beer Cans 4x440ml', '£4.25', '£2.41 / ltr')
('https://www.sainsburys.co.uk/shop/gb/groceries/product/details/all-price-lock/sainsburys-miso-soup-paste-100g', "Sainsbury's Miso Soup Paste 100g", '£1.25', '£1.25 / 100g')
('https://www.sainsburys.co.uk/shop/gb/groceries/product/details/all-price-lock/felix-as-good-as-it-looks--doubly-delicious-meat-12x100g', 'Felix As Good As It Looks Doubly Delicious Cat Food Meat 12x100g', '£3.50', '£2.92 / kg')
('https://www.sainsburys.co.uk/shop/gb/groceries/product/details/all-ham--deli-meats---dips/denny-pork-onion---tomato-roll-200g', 'Denny Pork Onion & Tomato Roll 200g', '£2.00', '£1.00 / 100g')
('https://www.sainsburys.co.uk/shop/gb/groceries/product/details/ham/spar-wafer-thin-honey-cured-ham-100g', 'Spar Wafer Thin Honey Cured Ham 100g', '£1.00', '£1.00 / 100g')
('https://www.sainsburys.co.uk/shop/gb/groceries/product/details/ham/henry-denny-sons-master-craft-selections-fire-smoke-fire-grilled-ham-shavings-90g', 'Henry Denny & Sons Master Craft Selections Fire & Smoke Fire Grilled Ham Shavings 90g', '£2.50', '£2.78 / 100g')
('https://www.sainsburys.co.uk/shop/gb/groceries/product/details/ham/henry-denny-sons-slow-cooked-carved-ham-180g', 'Henry Denny & Sons Slow Cooked Carved Ham 180g', '£2.80', '£1.56 / 100g')
('https://www.sainsburys.co.uk/shop/gb/groceries/product/details/ham/sainsburys-drury-lane-ham-150g', 'Deli Express British Drury Lane Ham 150g', '£2.25', '£1.50 / 100g')
('https://www.sainsburys.co.uk/shop/gb/groceries/product/details/ham/sainsburys-wafer-thin-smoked-ham-70g-7809028-p-44', "Sainsbury's British Wafer Thin Smoked Ham 70g", '60p', '86p / 100g')
('https://www.sainsburys.co.uk/shop/gb/groceries/product/details/ham/sainsburys-breaded-yorkshire-ham--taste-the-difference-120g-7732081-p-44', "Sainsbury's Breaded Yorkshire Ham, Taste the Difference 120g", '£2.75', '£2.29 / 100g')
('https://www.sainsburys.co.uk/shop/gb/groceries/product/details/ham/cookstown-cooked-bacon-medallions-120g', 'Cookstown Cooked Bacon Medallions 120g', '£1.75', '£1.46 / 100g')
('https://www.sainsburys.co.uk/shop/gb/groceries/product/details/ham/sainsburys-parma-ham-aged-16-months-80g', "Sainsbury's Italian Parma Ham Slices x6 80g", '£2.25', '£2.81 / 100g')
('https://www.sainsburys.co.uk/shop/gb/groceries/product/details/ham/sainsburys-parma-ham-family-pack-133g', "Sainsbury's Italian Parma Ham Slices x10 133g", '£3.50', '£2.63 / 100g')
('https://www.sainsburys.co.uk/shop/gb/groceries/product/details/ham/borders-gourmat-peppered-ham-100g', "Hall's Gourmet Sliced Peppered Ham 100g", '£1.50', '£1.50 / 100g')
('https://www.sainsburys.co.uk/shop/gb/groceries/product/details/ham/sainsburys-breaded-ham-240g', "Sainsbury's British Breaded Ham 240g, x14 Slices", '£2.25', '94p / 100g')
('https://www.sainsburys.co.uk/shop/gb/groceries/product/details/ham/sainsburys-breaded-thick-cut-ham-120g', "Sainsbury's British Breaded Thick Cut Ham 120g, x4 Slices", '£1.50', '£1.25 / 100g')
('https://www.sainsburys.co.uk/shop/gb/groceries/product/details/ham/tarbert-fine-foods-scottish-finely-sliced-heather-honey-ham-130g', 'Tarbert Fine Foods Scottish Finely Sliced Heather Honey Ham 130g', '£2.65', '£2.04 / 100g')
('https://www.sainsburys.co.uk/shop/gb/groceries/product/details/ham/sainsburys-honey-roast-air-dried-lean-ham-finely-sliced--taste-the-difference-120g', "Sainsbury's Air Dried Honey Roast Finely Sliced Lean Ham, Taste the Difference 120g", '£2.75', '£2.29 / 100g')
('https://www.sainsburys.co.uk/shop/gb/groceries/product/details/ham/sainsburys-air-dried-lean-ham-finely-sliced--taste-the-difference-120g', "Sainsbury's Air Dried Finely Sliced Lean Ham, Taste the Difference 120g", '£2.00', '£1.67 / 100g')
('https://www.sainsburys.co.uk/shop/gb/groceries/product/details/ham/sainsburys-british-cooked-ham-125g', "Sainsbury's British Ham Slices x10 115g", '£1.00', '87p / 100g')
('https://www.sainsburys.co.uk/shop/gb/groceries/product/details/ham/sainsburys-british-honey-roast-ham-125g', "Sainsbury's British Honey Roast Ham 115g, x10 Slices", '£1.00', '87p / 100g')
('https://www.sainsburys.co.uk/shop/gb/groceries/product/details/ham/sainsburys-british-smoked-wiltshire-ham--taste-the-difference-120g', "Sainsbury's British Oak Smoked Wiltshire Cured Ham, Taste the Difference 120g", '£2.75', '£2.29 / 100g')
('https://www.sainsburys.co.uk/shop/gb/groceries/product/details/ham/sainsburys-british-smoked-ham-120g', "Sainsbury's British Smoked Ham 120g, x7 Slices", '£1.75', '£1.46 / 100g')
('https://www.sainsburys.co.uk/shop/gb/groceries/product/details/ham/denny-pork-onion---tomato-roll-200g', 'Denny Pork Onion & Tomato Roll 200g', '£2.00', '£1.00 / 100g')
('https://www.sainsburys.co.uk/shop/gb/groceries/product/details/ham/carrolls-of-tullamore-new-york-deli-shaved-honey-roast-ham-90g', "Carroll's of Tullamore New York Deli Shaved Honey Roast Ham 90g", '£2.55', '£2.83 / 100g')
('https://www.sainsburys.co.uk/shop/gb/groceries/product/details/ham/bonein-wilt-spiced-hny-jnt-11kg', 'Bonein Wilt Spiced Hny Jnt 1.1kg', '£20.00', '£1.82 / 100g')
('https://www.sainsburys.co.uk/shop/gb/groceries/product/details/ham/henry-denny-sons-master-craft-selections-fire-smoke-fire-grilled-chicken-shavings-90g', 'Henry Denny & Sons Master Craft Selections Fire & Smoke Fire Grilled Chicken Shavings 90g', '£2.50', '£2.78 / 100g')
('https://www.sainsburys.co.uk/shop/gb/groceries/product/details/ham/sainsburys-wafer-thin-honey-roast-ham-slices-x10-120g', "Sainsbury's British Wafer Thin Honey Roast Ham 120g, x10 Slices", '£1.75', '£1.46 / 100g')
('https://www.sainsburys.co.uk/shop/gb/groceries/product/details/ham/halls-chopped-ham---pork-125g', "Hall's Chopped Ham & Pork 125g", '£1.10', '88p / 100g')
('https://www.sainsburys.co.uk/shop/gb/groceries/product/details/ham/cookstown-honey-roast-ham-100g', 'Cookstown Honey Roast Ham 100g', '£1.00', '£1.00 / 100g')
('https://www.sainsburys.co.uk/shop/gb/groceries/product/details/ham/tarbert-fine-scottish-roast-pork-130g', 'Tarbert Fine Scottish Roast Pork 130g', '£2.65', '£2.04 / 100g')
('https://www.sainsburys.co.uk/shop/gb/groceries/product/details/ham/sainsburys-valencia-orange---cranberry-topped-ham--taste-the-difference-120g', "Sainsbury's Valencia Orange & Cranberry Topped Ham, Taste the Difference 120g", '£2.75', '£2.29 / 100g')
('https://www.sainsburys.co.uk/shop/gb/groceries/product/details/ham/sainsburys-british-cooked-ham-120g', "Sainsbury's British Cooked Ham 120g, x7 Slices", '£1.75', '£1.46 / 100g')
('https://www.sainsburys.co.uk/shop/gb/groceries/product/details/ham/sainsburys-british-breaded-ham--be-good-to-yourself-100g', "Sainsbury's British Breaded Ham, Be Good To Yourself 100g, x5 Slices", '£1.75', '£1.75 / 100g')
('https://www.sainsburys.co.uk/shop/gb/groceries/product/details/cooked-chicken---turkey-314373-44/leon-coconut-lime-chicken-thighs-150g', 'LEON Coconut & Zesty Kaffir Lime British Chargrilled Chicken Thigh 150g', '£2.70', '£1.80 / 100g')
('https://www.sainsburys.co.uk/shop/gb/groceries/product/details/cooked-chicken---turkey-314373-44/fridge-raiders-piri-piri-flavour-chicken-feasts-80g', 'Fridge Raiders Piri Piri Chicken Feast Snack 80g', '85p', '£1.06 / 100g')
('https://www.sainsburys.co.uk/shop/gb/groceries/product/details/cooked-chicken---turkey-314373-44/sainsburys-chinese-style-british-chicken-drumsticks-350g', "Sainsbury's Chinese Style British Chicken Drumsticks 350g", '£2.25', '64p / 100g')
('https://www.sainsburys.co.uk/shop/gb/groceries/product/details/cooked-chicken---turkey-314373-44/sainsburys-firecracker-chicken-wings-350g', "Sainsbury's Firecracker Chicken Wings 350g", '£2.25', '64p / 100g')
('https://www.sainsburys.co.uk/shop/gb/groceries/product/details/cooked-chicken---turkey-314373-44/sainsburys-chargrilled-chicken-slices-300g-7863307-p-44', "Sainsbury's Chargrilled Chicken Breast Slices 300g", '£3.50', '£1.16 / 100g')
('https://www.sainsburys.co.uk/shop/gb/groceries/product/details/cooked-chicken---turkey-314373-44/sainsburys-garlic---herb-sliced-chicken-breast-160g', "Sainsbury's Garlic & Herb Cooked Chicken Breast Slices 160g", '£2.50', '£1.56 / 100g')
('https://www.sainsburys.co.uk/shop/gb/groceries/product/details/cooked-chicken---turkey-314373-44/bernard-matthew-turkey-bbq-chunks-100g', 'Bernard Matthews Turkey BBQ Chunks 90g', '£1.10', '£1.22 / 100g')
('https://www.sainsburys.co.uk/shop/gb/groceries/product/details/cooked-chicken---turkey-314373-44/bernard-matthew-roast-turkey-chunks-100g', 'Bernard Matthews Turkey Breast Chunks 90g', '£1.10', '£1.22 / 100g')
('https://www.sainsburys.co.uk/shop/gb/groceries/product/details/cooked-chicken---turkey-314373-44/yarden-wafer-thin-turkey-roll-142g', 'Yarden Wafer Thin Turkey Roll 142g', '£3.00', '£2.11 / 100g')
('https://www.sainsburys.co.uk/shop/gb/groceries/product/details/new-355373-44/sloth-plush', 'Sloth Plush', '£10.00', '£10.00 / ea')
('https://www.sainsburys.co.uk/shop/gb/groceries/product/details/new-355373-44/professor-puzzle-back-to-the-drawing-board', 'Professor Puzzle Back to the Drawing Board', '£7.00', '£7.00 / ea')
('https://www.sainsburys.co.uk/shop/gb/groceries/product/details/new-355373-44/professor-puzzle-wooden-sudoku', 'Professor Puzzle Wooden Sudoku', '£7.00', '£7.00 / ea')
('https://www.sainsburys.co.uk/shop/gb/groceries/product/details/new-355373-44/dog-tea-towel', 'Dog Tea Towel', '£3.00', '£3.00 / ea')
('https://www.sainsburys.co.uk/shop/gb/groceries/product/details/new-355373-44/horrid-henry', 'Horrid Henry', '£2.99', '£2.99 / ea')
('https://www.sainsburys.co.uk/shop/gb/groceries/product/details/new-355373-44/cat-shopper', 'Cat Shopper', '£10.00', '£10.00 / ea')
('https://www.sainsburys.co.uk/shop/gb/groceries/product/details/new-355373-44/out-of-this-world-plastic-straw-cup', 'Out Of This World Plastic Straw Cup', '£6.00', '£6.00 / ea')
('https://www.sainsburys.co.uk/shop/gb/groceries/product/details/new-355373-44/leopard-print-hot-water-bottle-eye-mask', 'Leopard Print Hot Water Bottle and Eye mask', '£10.00', '£10.00 / ea')
('https://www.sainsburys.co.uk/shop/gb/groceries/product/details/new-355373-44/yankee-wax-melts-white-chocolate---pistachio-134770457-p', 'Yankee Wax Melts White Chocolate & Pistachio', '£3.50', '£3.50 / ea')
('https://www.sainsburys.co.uk/shop/gb/groceries/product/details/new-355373-44/yankee-tealights-white-linen---lace-134770166-p', 'Yankee Tealights White Linen & Lace', '£4.50', '£4.50 / ea')
('https://www.sainsburys.co.uk/shop/gb/groceries/product/details/new-355373-44/yankee-small-jar-stoney-cove-134769974-p', 'Yankee Small Jar Stoney Cove', '£5.00', '£5.00 / ea')
('https://www.sainsburys.co.uk/shop/gb/groceries/product/details/new-355373-44/naked-cantonese-style-hoisin-duck-egg-noodles-78g', 'Naked Cantonese Style Hoisin Duck Egg Noodles 78g', '£1.20', '£1.54 / 100g')
('https://www.sainsburys.co.uk/shop/gb/groceries/product/details/new-355373-44/m-ms-chocolate-eggs-sharing-bag-80g', "M&M's Chocolate Eggs Sharing Bag 80g", '10p', '13p / 100g')
('https://www.sainsburys.co.uk/shop/gb/groceries/product/details/new-355373-44/sainsburys-home-recycled-glass-bottle-small-134745382-p', 'Habitat Artisan Recycled Glass Small Vase', '£4.00', '£4.00 / ea')
('https://www.sainsburys.co.uk/shop/gb/groceries/product/details/new-355373-44/sainsburys-home-retreat-stackable-desk-storage-134609487-p', "Sainsbury's Home Retreat Stackable Desk Storage", '£6.00', '£6.00 / ea')
('https://www.sainsburys.co.uk/shop/gb/groceries/product/details/new-355373-44/sainsburys-home-retreat-notebook-wiro-medium-134630163-p', "Sainsbury's Home Retreat Notebook Wiro Medium", '£5.00', '£5.00 / ea')
('https://www.sainsburys.co.uk/shop/gb/groceries/product/details/new-355373-44/sainsburys-home-retreat-nubuck-pad-134613187-p', "Sainsbury's Home Retreat Nubuck Pad", '£4.00', '£4.00 / ea')
('https://www.sainsburys.co.uk/shop/gb/groceries/product/details/new-355373-44/sainsburys-home-retreat-exercise-book-a6-colour-may-vary-', "Sainsbury's Home Retreat Exercise Book A6 (Colour may vary)", '£1.50', '£1.50 / ea')
('https://www.sainsburys.co.uk/shop/gb/groceries/product/details/new-355373-44/motorola-mbp140-baby-digital-audio-monitor-134081918-p', 'Motorola MBP140 Baby Digital Audio Monitor', '£28.00', '£28.00 / ea')
('https://www.sainsburys.co.uk/shop/gb/groceries/product/details/new-355373-44/sainsburys-home-monochrome-circles-printed-bed-linen-134585471-p', "Sainsbury's Home Monochrome Circles Printed Bedding", '0p', '0p / ea')
('https://www.sainsburys.co.uk/shop/gb/groceries/product/details/new-355373-44/sainsburys-home-drury-lane-vintage-clip-top-tin-134607502-p', "Sainsbury's Home Drury Lane Vintage Clip Top Tin", '£5.00', '£5.00 / ea')
('https://www.sainsburys.co.uk/shop/gb/groceries/product/details/new-355373-44/sainsburys-home-faux-floral-succulent-in-ceramic-pot-134570236-p', "Sainsbury's Home Ceramic Pot Faux Succulent", '£8.00', '£8.00 / ea')
('https://www.sainsburys.co.uk/shop/gb/groceries/product/details/new-355373-44/sainsburys-home-faux-floral-fossil-shell', "Sainsbury's Home Faux Floral Fossil Shell", '£14.00', '£14.00 / ea')
('https://www.sainsburys.co.uk/shop/gb/groceries/product/details/new-355373-44/cadburys-fire-logs-x5', 'Cadbury Mini Bonfire Logs, Honeycomb Flavour x5', '£1.00', '20p / ea')
('https://www.sainsburys.co.uk/shop/gb/groceries/product/details/new-355373-44/sainsburys-home-dash-dobby-jacquard-bedding-superking-134578529-p', "Sainsbury's Home Dash Dobby Jacquard Bedding superking", '£36.00', '£36.00 / ea')
('https://www.sainsburys.co.uk/shop/gb/groceries/product/details/new-355373-44/sainsburys-home-cote-dazur-expanding-organiser-134573980-p', "Sainsbury's Home Cote d'Azur Expanding Organiser", '£5.00', '£5.00 / ea')
('https://www.sainsburys.co.uk/shop/gb/groceries/product/details/new-355373-44/sainsburys-valentines-heart-hot-water-bottle-132766286-p', "Sainsbury's Valentine's Heart Hot Water Bottle", '£10.00', '£10.00 / ea')
('https://www.sainsburys.co.uk/shop/gb/groceries/product/details/new-355373-44/sainsburys-valentines-glitter-photo-frame-10x10cm-132759369-p', "Sainsbury's Valentine's Glitter Photo Frame 10x10cm", '£4.00', '£4.00 / ea')
('https://www.sainsburys.co.uk/shop/gb/groceries/product/details/new-355373-44/sainsburys-valentines-love-notebook---pen-set-132752693-p', "Sainsbury's Valentine's Love Notebook & Pen Set", '£7.00', '£7.00 / ea')
('https://www.sainsburys.co.uk/shop/gb/groceries/product/details/new-355373-44/sainsburys-valentines-i-love-you-token-132742831-p', "Sainsbury's Valentine's I Love You Token", '£3.00', '£3.00 / ea')
('https://www.sainsburys.co.uk/shop/gb/groceries/product/details/new-355373-44/sainsburys-valentines-love-votive-set-132739561-p', "Sainsbury's Valentine's Love Votive Set", '£8.00', '£8.00 / ea')
('https://www.sainsburys.co.uk/shop/gb/groceries/product/details/new-355373-44/sainsburys-valentines-the-real-boss-tankard-132739093-p', "Sainsbury's Valentine's The Real Boss Tankard", '£4.50', '£4.50 / ea')
('https://www.sainsburys.co.uk/shop/gb/groceries/product/details/new-355373-44/sainsburys-home-helsinki-mug-132717433-p', "Sainsbury's Home Helsinki Mug", '£4.00', '£4.00 / ea')
('https://www.sainsburys.co.uk/shop/gb/groceries/product/details/new-355373-44/sainsburys-valentines-little-box-of-love----------------------------------------------------------------------------------132675667-p', "Sainsbury's Valentine's Little Box of Love", '£5.00', '£5.00 / ea')
('https://www.sainsburys.co.uk/shop/gb/groceries/product/details/new-355373-44/delonghi-argento-flora-4-slice-toaster-peppermint-green-132622653-p', "De'Longhi Argento Flora 4 Slice Toaster Peppermint Green", '£45.00', '£45.00 / ea')
('https://www.sainsburys.co.uk/shop/gb/groceries/product/details/new-355373-44/russell-hobbs-dorchester-toaster-stainless-steel-132228509-p', 'Russell Hobbs Dorchester Toaster Stainless Steel', '£35.00', '£35.00 / ea')
('https://www.sainsburys.co.uk/shop/gb/groceries/product/details/new-355373-44/build-a-bear-workshop-stuffing-station-132081236-p', 'Build a Bear Workshop Stuffing Station', '£25.00', '£25.00 / ea')
('https://www.sainsburys.co.uk/shop/gb/groceries/product/details/new-355373-44/sainsburys-home-festivity-snowman-timer-132036355-p', "Sainsbury's Home Festivity Snowman Timer", '£6.00', '£6.00 / ea')
('https://www.sainsburys.co.uk/shop/gb/groceries/product/details/new-355373-44/command-picture-hanging-strips-black-x4-131665117-p', 'Command Picture Hanging Strips Black x4', '£4.00', '£4.00 / ea')
('https://www.sainsburys.co.uk/shop/gb/groceries/product/details/new-355373-44/the-express-super-sub-roller-sleeve-180mm-131399656-p', 'The Express Super Sub Paint Roller Sleeve 180mm', '£2.00', '£2.00 / ea')
('https://www.sainsburys.co.uk/shop/gb/groceries/product/details/new-355373-44/the-express-super-sub-mini-gloss-foam-roller-sleeve-100mm-131399613-p', 'The Express Super Sub Mini Gloss Foam Paint Roller Sleeve 100mm', '£1.50', '£1.50 / ea')
('https://www.sainsburys.co.uk/shop/gb/groceries/product/details/sustainable-seafood/birds-eye-fish-fillets-in-batter-x4-400g-7306929-p-44', 'Birds Eye Battered Fish Fillets x4 400g', '£2.00', '£5.00 / kg')
('https://www.sainsburys.co.uk/shop/gb/groceries/product/details/sustainable-seafood/sainsburys-boneless-smoked-cod-fillets-240g', "Sainsbury's Smoked Cod Fillets, Boneless & Skinless 230g", '£4.25', '£18.48 / kg')
('https://www.sainsburys.co.uk/shop/gb/groceries/product/details/sustainable-seafood/sainsburys-king-prawn---lemongrass-fishcakes--taste-the-difference-x2-300g', "Sainsbury's Fishcakes King Prawn & Lemongrass, Taste the Difference x2 300g", '£2.00', '£6.90 / kg')
('https://www.sainsburys.co.uk/shop/gb/groceries/product/details/sustainable-seafood/birds-eye-simply-bake-to-perfection-cod-fillets-with-tomato---rosmary-olive-oil-x2-280g', 'Birds Eye Inspirations Cod Fillets in Tomato & Rosemary Sauce x2 260g', '£4.50', '£17.31 / kg')
('https://www.sainsburys.co.uk/shop/gb/groceries/product/details/sustainable-seafood/sainsburys-melting-middle-smoked-haddock-with-cheddar---leek-fishcakes--taste-the-difference-x2-290g', "Sainsbury's Fishcakes Melting Middle Smoked Haddock with Cheddar & Leek Taste the Difference x2 290g", '£2.50', '£8.62 / kg')
('https://www.sainsburys.co.uk/shop/gb/groceries/product/details/sustainable-seafood/sainsburys-melting-middle-cod---parsley-sauce-fishcakes--taste-the-difference-x2-290g', "Sainsbury's Fishcakes Melting Middle Cod & Parsley Sauce Fishcakes Taste the Difference x2 290g", '£2.00', '£6.90 / kg')
('https://www.sainsburys.co.uk/shop/gb/groceries/product/details/sustainable-seafood/sainsburys-breaded-cod-fillets-x2-300g', "Sainsbury's Breaded Cod Whole Fillets x2 300g", '£3.00', '£10.00 / kg')
('https://www.sainsburys.co.uk/shop/gb/groceries/product/details/sustainable-seafood/sainsburys-breaded-haddock-fillets-x2-300g', "Sainsbury's Breaded Haddock Whole Fillets x2 300g", '£3.00', '£10.00 / kg')
('https://www.sainsburys.co.uk/shop/gb/groceries/product/details/sustainable-seafood/sainsburys-salmon-wellington-600g', "Sainsbury's Salmon En Croute 600g", '£4.50', '£7.50 / kg')
('https://www.sainsburys.co.uk/shop/gb/groceries/product/details/sustainable-seafood/sainsburys-responsibly-sourced-pollock-steaks-520g', 'J. James Pollock Steaks 520g', '£3.20', '£6.15 / kg')
('https://www.sainsburys.co.uk/shop/gb/groceries/product/details/sustainable-seafood/sainsburys-cod-fillet-portion-400g', "Sainsbury's Cod Fillet Portion 380g", '£4.00', '£10.53 / kg')
('https://www.sainsburys.co.uk/shop/gb/groceries/product/details/sustainable-seafood/sainsburys-tuna-chunks-in-sunflower-oil-400g', "Sainsbury's Tuna in Sunflower Oil 340g (240g*)", '£2.10', '88p / 100g')
('https://www.sainsburys.co.uk/shop/gb/groceries/product/details/sustainable-seafood/sainsburys-pink-salmon-105g', "Sainsbury's Wild Pacific Pink Salmon 105g", '£1.40', '£1.33 / 100g')
('https://www.sainsburys.co.uk/shop/gb/groceries/product/details/sustainable-seafood/sainsburys-formed-breaded-haddock-300g', "Sainsbury's Formed Breaded Haddock 300g", '£1.95', '£6.50 / kg')
('https://www.sainsburys.co.uk/shop/gb/groceries/product/details/sustainable-seafood/sainsburys-taste-the-difference-4-melting-middle-smoked-haddock-fishcakes-580g', "Sainsbury's Taste the Difference 4 Melting Middle Smoked Haddock Fishcakes 580g", '£4.00', '£6.90 / kg')
('https://www.sainsburys.co.uk/shop/gb/groceries/product/details/sustainable-seafood/sainsburys-tuna-flakes-in-a-coronation-dressing-80g-7903904-p', "Sainsbury's Tuna Flakes in a Coronation Dressing 80g", '£1.00', '£1.25 / 100g')
('https://www.sainsburys.co.uk/shop/gb/groceries/product/details/sustainable-seafood/birds-eye-omega-3-fish-fingers-x10-280g', 'Birds Eye Omega 3 Fish Fingers x10 280g', '£2.25', '£8.04 / kg')
('https://www.sainsburys.co.uk/shop/gb/groceries/product/details/sustainable-seafood/sainsburys-scallop---prawn-bisque--taste-the-difference-240g', "Sainsbury's Scallop & Prawn Bisque, Taste the Difference 240g", '£4.50', '£1.88 / 100g')
('https://www.sainsburys.co.uk/shop/gb/groceries/product/details/sustainable-seafood/sainsburys-skinless---boneless-haddock-fillets-260g', "Sainsbury's Skinless & Boneless Haddock Fillets 260g", '£4.25', '£16.35 / kg')
('https://www.sainsburys.co.uk/shop/gb/groceries/product/details/sustainable-seafood/sainsburys-cod-loins--taste-the-difference-266g', "Sainsbury's Cod Loins, Taste the Difference 266g", '£4.25', '£15.98 / kg')
('https://www.sainsburys.co.uk/shop/gb/groceries/product/details/sustainable-seafood/birdseye-jumbo-pollock-in-batter-x2-400g', 'Birds Eye Jumbo Fish Fillets in Batter x2 400g', '£2.00', '£5.00 / kg')
('https://www.sainsburys.co.uk/shop/gb/groceries/product/details/sustainable-seafood/birds-eye-fish-chargrills-tomato--basil---oregano-x2-300g', 'Birds Eye Inspirations Fish Chargrills with Tomato & Herbs x2 300g', '£3.50', '£11.67 / kg')
('https://www.sainsburys.co.uk/shop/gb/groceries/product/details/200-calories-or-less/snack-a-jacks-yogurt-rice-cakes-x4-14g', 'Snack a Jacks Yogurt Coated Rice Cakes 4x14g', '75p', '£5.36 / 100g')
('https://www.sainsburys.co.uk/shop/gb/groceries/product/details/200-calories-or-less/kiddylicious-mini-coconut-rolls-8-x-68g', 'Kiddylicious Mini Coconut Rolls 8 x 6.8g', '£2.50', '£4.46 / 100g')
('https://www.sainsburys.co.uk/shop/gb/groceries/product/details/200-calories-or-less/graze-protein-bites--cocoa-vanilla-oat-squares-4x30g', 'Graze Protein Bites, Cocoa Vanilla Oat Squares 4x30g', '£1.50', '£1.25 / 100g')
('https://www.sainsburys.co.uk/shop/gb/groceries/product/details/200-calories-or-less/itsu-crispy-seaweed-thins-sweet-soy---sea-salt-3x5g', 'itsu Crispy Seaweed Thins Sweet Soy & Sea Salt 3x5g', '£2.00', '£13.33 / 100g')
('https://www.sainsburys.co.uk/shop/gb/groceries/product/details/200-calories-or-less/just-live-a-little-yogurtberry-granola-super-flapjacks-3x45g', 'Just Live a Little... Yogurt Flapjack Bar 3x45g', '£2.50', '£1.85 / 100g')
('https://www.sainsburys.co.uk/shop/gb/groceries/product/details/200-calories-or-less/whitworths-naturally-sweet-chewy-bananas-30g', 'Whitworths Naturally Sweet Chewy Bananas 30g', '50p', '£1.67 / 100g')
('https://www.sainsburys.co.uk/shop/gb/groceries/product/details/200-calories-or-less/smiths-chipsticks-salt---vinegar-snacks-8x17g', 'Smiths Chipsticks Salt & Vinegar Multipack Snacks 8x17g', '£1.00', '74p / 100g')
('https://www.sainsburys.co.uk/shop/gb/groceries/product/details/200-calories-or-less/smiths-frazzles-crispy-bacon-snacks-8x18g', 'Smiths Frazzles Crispy Bacon Multipack Snacks 8x18g', '£1.00', '69p / 100g')
('https://www.sainsburys.co.uk/shop/gb/groceries/product/details/200-calories-or-less/skips-prawn-cocktail-14x144g', 'Skips Prawn Cocktail 14x13.1g', '£2.00', '£1.09 / 100g')
('https://www.sainsburys.co.uk/shop/gb/groceries/product/details/200-calories-or-less/sainsburys-pineapple-160g', "Sainsbury's Pineapple 160g", '£1.00', '£6.25 / kg')
('https://www.sainsburys.co.uk/shop/gb/groceries/product/details/200-calories-or-less/sainsburys-conference-pear-single', "Sainsbury's Conference Pear Single", '37p', '37p / ea')
('https://www.sainsburys.co.uk/shop/gb/groceries/product/details/200-calories-or-less/sainsburys-pink-lady-apple---grape-snack-pack-80g', "Sainsbury's Apple Slices and Grapes 80g", '40p', '£5.00 / kg')
('https://www.sainsburys.co.uk/shop/gb/groceries/product/details/200-calories-or-less/sainsburys-pink-lady-apple-snack-pack-80g', "Sainsbury's Apple Slices 80g", '40p', '£5.00 / kg')
('https://www.sainsburys.co.uk/shop/gb/groceries/product/details/200-calories-or-less/sainsburys-easy-peeler-loose', "Sainsbury's Easy Peeler Loose", '£1.95 / kg', '£1.95 / kg')
('https://www.sainsburys.co.uk/shop/gb/groceries/product/details/200-calories-or-less/snack-a-jacks-sweet-chilli-x4', 'Snack a Jacks Sweet Chilli Multipack Rice Cakes 4x22g', '£1.00', '£1.14 / 100g')
('https://www.sainsburys.co.uk/shop/gb/groceries/product/details/200-calories-or-less/ryvita-crispbread--multigrain-250g', 'Ryvita Crunchy Rye Bread Multigrain 6 x40g', '£1.00', '40p / 100g')
('https://www.sainsburys.co.uk/shop/gb/groceries/product/details/200-calories-or-less/mini-jammie-dodger-lunchpack-140g', 'Jammie Dodgers Mini Lunchpack 6x20g', '£1.00', '83p / 100g')
('https://www.sainsburys.co.uk/shop/gb/groceries/product/details/easter-special-offers/bisto-best-pork-gravy-250g', 'Bisto Best Pork Gravy 250g', '£2.90', '£1.16 / 100g')
('https://www.sainsburys.co.uk/shop/gb/groceries/product/details/easter-special-offers/walkers-max-double-crunch-bold-bbq-ribs-crisps-140g', 'Walkers Max Double Crunch Bold BBQ Ribs Sharing Crisps 140g', '£1.85', '£1.32 / 100g')
('https://www.sainsburys.co.uk/shop/gb/groceries/product/details/easter-special-offers/walkers-max-double-crunch-loaded-cheddar-onion-crisps-140g', 'Walkers Max Double Crunch Loaded Cheddar & Onion Sharing Crisps 140g', '£1.85', '£1.32 / 100g')
('https://www.sainsburys.co.uk/shop/gb/groceries/product/details/easter-special-offers/walkers-wotsits-giants-cheese-130g', 'Walkers Wotsits Giants Really Cheesy Sharing Snacks 130g', '£1.00', '77p / 100g')
('https://www.sainsburys.co.uk/shop/gb/groceries/product/details/easter-special-offers/cabury-mini-eggs-tin-319g', 'Cadbury Chocolate Mini Eggs Tub 319g', '£5.00', '£1.57 / 100g')
('https://www.sainsburys.co.uk/shop/gb/groceries/product/details/easter-special-offers/m-ms-speckled-eggs-175g', "M&M's Speckled Eggs Easter Chocolate Pouch 175g", '28p', '16p / 100g')
('https://www.sainsburys.co.uk/shop/gb/groceries/product/details/easter-special-offers/tonys-easter-milk-meringue-lemon-180g', "Tony's Chocolonely Fairtrade Milk Chocolate Meringue and Lemon 180g", '£3.50', '£1.94 / 100g')
('https://www.sainsburys.co.uk/shop/gb/groceries/product/details/easter-special-offers/kit-kat-bunny-giant-egg-295g', 'KitKat Bunny Milk Chocolate Giant Egg 295g', '£5.00', '£1.69 / 100g')
('https://www.sainsburys.co.uk/shop/gb/groceries/product/details/easter-special-offers/cocoa-et-co-milk-chocolate-bunny-405g', 'Cocoa & Co. Belgian Milk Chocolate Bunny 405g', '£8.00', '£1.98 / 100g')
('https://www.sainsburys.co.uk/shop/gb/groceries/product/details/easter-special-offers/leon-hummus-with-evoo-150g', 'Leon Vegan Hummus With Evoo 150g', '£2.00', '£1.33 / 100g')
('https://www.sainsburys.co.uk/shop/gb/groceries/product/details/easter-special-offers/plant-pioneer-hotnspicy-goujons-210g', 'Plant Pioneer Hotnspicy Goujons 210g', '£2.50', '£11.91 / kg')
('https://www.sainsburys.co.uk/shop/gb/groceries/product/details/easter-special-offers/aunt-bessies-braley-apple-crumble-500g', "Aunt Bessie's Scrumptious Apple Crumble 500g", '£1.50', '30p / 100g')
('https://www.sainsburys.co.uk/shop/gb/groceries/product/details/easter-special-offers/sainsburys-12-party-mini-chocolate-eclairs-140g-7862663-p-44', "Sainsbury's Party Mini Chocolate Eclairs x12 140g", '£1.00', '71p / 100g')
('https://www.sainsburys.co.uk/shop/gb/groceries/product/details/easter-special-offers/sainsburys-free-from-fruit-scones-140g', "Sainsbury's Deliciously Free From Sultana Scones x2 140g", '£1.80', '£1.29 / 100g')
('https://www.sainsburys.co.uk/shop/gb/groceries/product/details/easter-special-offers/sainsburys-egg-hunt-bag-200g', "Sainsbury's Milk Chocolate Hollow Eggs 200g", '£2.50', '£1.25 / 100g')
('https://www.sainsburys.co.uk/shop/gb/groceries/product/details/easter-special-offers/leon-ketchup-275g', 'LEON Ketchup 275g', '£2.50', '91p / 100g')
('https://www.sainsburys.co.uk/shop/gb/groceries/product/details/easter-special-offers/tyrrells-cider-vinegar---salt-crisps-150g', 'Tyrrells Cider Vinegar & Salt Sharing Crisps 150g', '£2.30', '£1.53 / 100g')
('https://www.sainsburys.co.uk/shop/gb/groceries/product/details/easter-special-offers/sainsburys-cherry-madeira-cake', "Sainsbury's Cherry Madeira Cake (Serves 8)", '£1.25', '47p / 100g')
('https://www.sainsburys.co.uk/shop/gb/groceries/product/details/easter-special-offers/sainsburys-pure-orange-juice-4x1l-6313748-p-44', "Sainsbury's Pure Orange Juice 4x1L", '£3.20', '8p / 100ml')
('https://www.sainsburys.co.uk/shop/gb/groceries/product/details/easter-special-offers/sainsburys-victoria-sponge-cake--taste-the-difference-5', "Sainsbury's Victoria Sponge Cake, Taste the Difference 345g (Serves 6)", '£2.00', '58p / 100g')
('https://www.sainsburys.co.uk/shop/gb/groceries/product/details/easter-special-offers/sainsburys-cheese---onion-quiche-400g', "Sainsbury's Cheese & Onion Quiche 400g", '£2.00', '50p / 100g')
('https://www.sainsburys.co.uk/shop/gb/groceries/product/details/easter-special-offers/dohertys-pork-cocktail-sausages-907g', 'Dohertys Pork Cocktail Sausages 680g', '£2.25', '£3.31 / kg')
('https://www.sainsburys.co.uk/shop/gb/groceries/product/details/easter-special-offers/sainsburys-croissants-x8', "Sainsbury's Croissants x8", '£1.75', '22p / ea')
('https://www.sainsburys.co.uk/shop/gb/groceries/product/details/easter-special-offers/kleenex-balsam-tissues-2-pack-3146279-p', 'Kleenex Balsam Tissues 2 Pack', '£3.00', '£2.35 / 100sht')
('https://www.sainsburys.co.uk/shop/gb/groceries/product/details/easter-special-offers/marigold-kitchen-gloves--medium', 'Marigold Kitchen Gloves, Medium', '£2.50', '£2.50 / ea')
('https://www.sainsburys.co.uk/shop/gb/groceries/product/details/easter-special-offers/guylian-belgian-chocolate-seashells-x22-250g', 'Guylian Belgian Chocolate Seashells x22 250g', '£3.75', '£1.50 / 100g')
('https://www.sainsburys.co.uk/shop/gb/groceries/product/details/easter-special-offers/sainsburys-crumpets-x8', "Sainsbury's Crumpets x8", '33p', '4p / ea')
('https://www.sainsburys.co.uk/shop/gb/groceries/product/details/easter-special-offers/sainsburys-fruit-loaf-388g', "Sainsbury's Fruit Loaf 388g", '£1.00', '26p / 100g')
('https://www.sainsburys.co.uk/shop/gb/groceries/product/details/easter-special-offers/lazy-day-foods-belgian-dark-chocolate-tiffin-150g', 'Lazy Day Foods Belgian Dark Chocolate Tiffin 150g', '£2.00', '£1.33 / 100g')
('https://www.sainsburys.co.uk/shop/gb/groceries/product/details/easter-special-offers/sainsburys-garlic-baguette-210g', "Sainsbury's Garlic Baguette 210g", '95p', '45p / 100g')
('https://www.sainsburys.co.uk/shop/gb/groceries/product/details/easter-special-offers/fentimans-rose-lemonade275ml', 'Fentimans Rose Lemonade 275ml (Sugar levy applied)', '£1.00', '36p / 100ml')
('https://www.sainsburys.co.uk/shop/gb/groceries/product/details/easter-special-offers/sainsburys-sicilian-lemonade--sparkling--taste-the-difference-75cl', "Sainsbury's Sicilian Lemonade, Sparkling, Taste the Difference 75cl (Sugar levy applied)", '£2.00', '27p / 100ml')
('https://www.sainsburys.co.uk/shop/gb/groceries/product/details/easter-special-offers/sainsburys-caramelised-onion-chutney--taste-the-difference-285g', "Sainsbury's Chutney Caramelised Onion, Taste the Difference 285g", '£1.90', '67p / 100g')
('https://www.sainsburys.co.uk/shop/gb/groceries/product/details/easter-special-offers/makers-mark-bourbon-70cl', 'Makers Mark Bourbon 70cl', '£32.00', '£45.71 / ltr')
('https://www.sainsburys.co.uk/shop/gb/groceries/product/details/easter-special-offers/zubrowka-bison-vodka-70cl', 'Zubrowka Bison Vodka 70cl', '£15.00', '£21.43 / ltr')
('https://www.sainsburys.co.uk/shop/gb/groceries/product/details/easter-special-offers/malibu-caribbean-rum-with-coconut-70cl', 'Malibu Original White Rum with Coconut Flavour 70cl', '£15.00', '£21.43 / ltr')
('https://www.sainsburys.co.uk/shop/gb/groceries/product/details/easter-special-offers/courvoisier-cognac--vs-70cl', 'Courvoisier Cognac VS 70cl', '£26.00', '£37.14 / ltr')
('https://www.sainsburys.co.uk/shop/gb/groceries/product/details/easter-special-offers/sainsburys-bread-yeast--fast-action--dried-56g', "Sainsbury's Fast Action Dried Yeast Sachets x8 56g", '90p', '£16.07 / kg')
('https://www.sainsburys.co.uk/shop/gb/groceries/product/details/easter-special-offers/sainsburys-fresh-fruit-three-fruits-marmalade--taste-the-difference-340g', "Sainsbury's Fresh Fruit Three Fruits Marmalade, Taste the Difference 340g", '£1.25', '37p / 100g')
('https://www.sainsburys.co.uk/shop/gb/groceries/product/details/easter-special-offers/sainsburys-apricot-conserve--taste-the-difference-340g', "Sainsbury's Apricot Conserve, Taste the Difference 340g", '£1.25', '37p / 100g')
('https://www.sainsburys.co.uk/shop/gb/groceries/product/details/easter-special-offers/taylors-of-harrogate-ground-coffee--lazy-sunday-227g', 'Taylors of Harrogate Lazy Sunday Ground Coffee 227g', '£3.75', '£1.65 / 100g')
('https://www.sainsburys.co.uk/shop/gb/groceries/product/details/bigger-packs-/sainsburys-house-pinot-grigio-blush-225l', "Sainsbury's House Pinot Grigio Blush 2.25L", '£13.00', '£4.33 / 75cl')
('https://www.sainsburys.co.uk/shop/gb/groceries/product/details/bigger-packs-/sainsburys-house-cabernet-sauvignon-225l', "Sainsbury's House Cabernet Sauvignon 2.25L", '£13.00', '£4.33 / 75cl')
('https://www.sainsburys.co.uk/shop/gb/groceries/product/details/bigger-packs-/sma-1-first-infant-milk-900g', 'SMA PRO First Infant Milk From Birth 800g', '£10.75', '£1.34 / 100g')
('https://www.sainsburys.co.uk/shop/gb/groceries/product/details/bigger-packs-/uncle-bens-long-grain-rice-2kg', "Uncle Ben's Long Grain Rice 2kg", '£7.20', '£3.60 / kg')
('https://www.sainsburys.co.uk/shop/gb/groceries/product/details/bigger-packs-/sainsburys-british-fresh-chicken-thighs-2kg', "Sainsbury's British Fresh Chicken Skin on Thighs 2kg", '£3.20', '£1.60 / kg')
('https://www.sainsburys.co.uk/shop/gb/groceries/product/details/bigger-packs-/h-s-total-care-2in1-shampoo-400ml', 'Head & Shoulders Men Total Care Anti Dandruff 2in1 Shampoo 400ml', '£4.50', '£1.13 / 100ml')
('https://www.sainsburys.co.uk/shop/gb/groceries/product/details/bigger-packs-/elvive-full-resist-conditioner-400ml', "L'Oreal Elvive Full Resist Anti-Breakage Fragile Hair Conditioner 400ml", '£3.50', '88p / 100ml')
('https://www.sainsburys.co.uk/shop/gb/groceries/product/details/bigger-packs-/sainsburys-fat-free-natural-yoghurt-1kg', "Sainsbury's Fat Free Natural Yoghurt 1kg", '£1.35', '14p / 100g')
('https://www.sainsburys.co.uk/shop/gb/groceries/product/details/bigger-packs-/walkers-classic-variety-crisps-24x25g', 'Walkers Classic Variety Crisps 24x25g', '£3.50', '58p / 100g')
('https://www.sainsburys.co.uk/shop/gb/groceries/product/details/bigger-packs-/surf-tropical-42ltr-120-washes', 'Surf Tropical 4.2ltr 120 Washes', '£11.00', '£2.62 / ltr')
('https://www.sainsburys.co.uk/shop/gb/groceries/product/details/bigger-packs-/mcguigan-estate-shiraz-225cl', 'Mcguigan Estate Shiraz 225cl', '£14.75', '£4.92 / 75cl')
('https://www.sainsburys.co.uk/shop/gb/groceries/product/details/bigger-packs-/pip-nut-crunchy-peanut-butter-1kg', 'Pip & Nut Crunchy Peanut Butter 1kg', '£6.75', '68p / 100g')
('https://www.sainsburys.co.uk/shop/gb/groceries/product/details/bigger-packs-/the-tofoo-co-naked-xl-organic-tofu-450g', 'The Tofoo Co. Naked XL Organic Tofu 450g', '£3.00', '£6.67 / kg')
('https://www.sainsburys.co.uk/shop/gb/groceries/product/details/bigger-packs-/carex-advanced-protect-moisturising-antibacterial-hand-wash-500ml', 'Carex Advanced Protect Moisturising Antibacterial Hand Wash 500ml', '£2.25', '45p / 100ml')
('https://www.sainsburys.co.uk/shop/gb/groceries/product/details/bigger-packs-/fairy-platinum-washing-up-liquid-original-with-3x-action-1050ml', 'Fairy Platinum Quickwash Original Washing Up Liquid 1050ml', '£3.00', '£2.86 / ltr')
('https://www.sainsburys.co.uk/shop/gb/groceries/product/details/bigger-packs-/sainsburys-variety-crisps-22x25g', "Sainsbury's Classic Variety Assorted Crisps 22x25g", '£2.50', '45p / 100g')
('https://www.sainsburys.co.uk/shop/gb/groceries/product/details/bigger-packs-/sainsburys-spaghetti-3kg-7650190-p-44', "Sainsbury's Spaghetti 3kg", '£2.85', '95p / kg')
('https://www.sainsburys.co.uk/shop/gb/groceries/product/details/bigger-packs-/ghost-ship-5l-keg', 'Ghost Ship Pale Ale 5L Keg', '£15.00', '£3.00 / ltr')
('https://www.sainsburys.co.uk/shop/gb/groceries/product/details/bigger-packs-/sainsburys-greek-style-natural-yogurt-1kg', "Sainsbury's Greek Style Natural Yogurt 1kg", '£1.50', '15p / 100g')
('https://www.sainsburys.co.uk/shop/gb/groceries/product/details/bigger-packs-/sainsburys-home-tealights-x100-131429886-p', "Sainsbury's Home 100pk Tealights", '£4.00', '£4.00 / ea')
('https://www.sainsburys.co.uk/shop/gb/groceries/product/details/bigger-packs-/sainsburys-simply-italian-pepperoni-100g', "Sainsbury's Italian Pepperoni 100g", '£1.20', '£1.20 / 100g')
('https://www.sainsburys.co.uk/shop/gb/groceries/product/details/bigger-packs-/pedigree-dentastix-medium-dog-x28', 'Pedigree Dentastix Daily Adult 1+ Medium Dog Dental Treat Dental Chews Sticks x28', '£5.00', '£6.94 / kg')
('https://www.sainsburys.co.uk/shop/gb/groceries/product/details/bigger-packs-/head---shoulders-2-in-1-shampoo--citrus-fresh-450ml', 'Head & Shoulders Citrus Fresh Anti-Dandruff 2 in 1 Shampoo 450ml', '£4.50', '£1.00 / 100ml')
('https://www.sainsburys.co.uk/shop/gb/groceries/product/details/bigger-packs-/cadbury-brunch-bar--chocolate-chip-6x32g', 'Cadbury Brunch Chocolate Chip Multipack 6x32g', '£1.75', '91p / 100g')
('https://www.sainsburys.co.uk/shop/gb/groceries/product/details/bigger-packs-/evian-mineral-water-6x15l', 'Evian Natural Mineral Water 6x1.5L', '£3.50', '4p / 100ml')
('https://www.sainsburys.co.uk/shop/gb/groceries/product/details/bigger-packs-/sainsburys-house-merlot-225l', "Sainsbury's House Merlot 2.25L", '£13.00', '£4.33 / 75cl')
('https://www.sainsburys.co.uk/shop/gb/groceries/product/details/bigger-packs-/purina-one-adult-dry-cat-food-salmon-and-wholegrain-3kg-6025031-p', 'Purina One Adult Dry Cat Food Salmon And Wholegrain 3kg', '£12.00', '£4.00 / kg')
('https://www.sainsburys.co.uk/shop/gb/groceries/product/details/bigger-packs-/hipp-organic-first-infant-milk-800g', 'HiPP Organic 1 First Milk Powder 800g', '£10.50', '£1.31 / 100g')
('https://www.sainsburys.co.uk/shop/gb/groceries/product/details/bigger-packs-/green-giant-original-sweet-corn-3x340g-3x285g*-', 'Green Giant Original Sweet Corn 3x340g (3x285g*)', '£2.00', '£2.34 / kg')
('https://www.sainsburys.co.uk/shop/gb/groceries/product/details/bigger-packs-/nutella-chocolate-spread-hazelnut-750g', 'Nutella Chocolate Spread 750g', '£4.75', '63p / 100g')
('https://www.sainsburys.co.uk/shop/gb/groceries/product/details/first-shop-essentials/sainsburys-kiwi-fruit-x6-7499464-p-44', "Sainsbury's Kiwi Fruit x6", '67p', '11p / ea')
('https://www.sainsburys.co.uk/shop/gb/groceries/product/details/first-shop-essentials/sainsburys-chicken-breast-diced-410g', "Sainsbury's British Fresh Diced Chicken Breast 410g", '£2.40', '£5.85 / kg')
('https://www.sainsburys.co.uk/shop/gb/groceries/product/details/first-shop-essentials/sainsburys-blueberries-300g', "Sainsbury's Blueberries 300g", '£2.50', '£8.33 / kg')
('https://www.sainsburys.co.uk/shop/gb/groceries/product/details/first-shop-essentials/sainsburys-unsmoked-back-bacon-rashers-x8-250g', "Sainsbury's Unsmoked British Back Bacon Rashers x8 250g", '£1.50', '£6.00 / kg')
('https://www.sainsburys.co.uk/shop/gb/groceries/product/details/first-shop-essentials/sainsburys-cauliflower', "Sainsbury's Cauliflower", '79p', '79p / ea')
('https://www.sainsburys.co.uk/shop/gb/groceries/product/details/first-shop-essentials/sainsburys-beef-mince-5-fat-500g', "Sainsbury's Beef Mince 5% Fat 500g", '£2.59', '£5.18 / kg')
('https://www.sainsburys.co.uk/shop/gb/groceries/product/details/first-shop-essentials/sainsburys-iceberg-lettuce-200g', "Sainsbury's Iceberg Lettuce 200g", '60p', '30p / 100g')
('https://www.sainsburys.co.uk/shop/gb/groceries/product/details/first-shop-essentials/sainsburys-closed-cup-white-mushrooms-300g', "Sainsbury's Closed Cup White Mushrooms 300g", '75p', '£2.50 / kg')
('https://www.sainsburys.co.uk/shop/gb/groceries/product/details/first-shop-essentials/sainsburys-radish-200g', "Sainsbury's Radish 200g", '55p', '28p / 100g')
('https://www.sainsburys.co.uk/shop/gb/groceries/product/details/first-shop-essentials/sainsburys-classic-round-tomatoes-x6', "Sainsbury's Classic Round Tomatoes x6", '75p', '£1.88 / kg')
('https://www.sainsburys.co.uk/shop/gb/groceries/product/details/first-shop-essentials/sainsburys-red-seedless-grapes-500g', "Sainsbury's Red Seedless Grapes 500g", '£1.75', '£3.50 / kg')
('https://www.sainsburys.co.uk/shop/gb/groceries/product/details/first-shop-essentials/sainsburys-fresh-flat-leaf-parsley-28g', "Sainsbury's Fresh Packed Flat Leaf Parsley 30g", '75p', '25p / 10g')
('https://www.sainsburys.co.uk/shop/gb/groceries/product/details/first-shop-essentials/sainsburys-large-flat-mushrooms-250g', "Sainsbury's Large Flat Mushrooms 250g", '80p', '£3.20 / kg')
('https://www.sainsburys.co.uk/shop/gb/groceries/product/details/big-pot-yogurts/st-helens-farm-natural-goats-milk-yogurt-450g', "St Helen's Farm Goat's Milk Natural Yogurt 450g", '£2.40', '53p / 100g')
('https://www.sainsburys.co.uk/shop/gb/groceries/product/details/big-pot-yogurts/sainsburys-natural-greek-style-yogurt-500g', "Sainsbury's Greek Style Natural Yogurt 500g", '85p', '17p / 100g')
('https://www.sainsburys.co.uk/shop/gb/groceries/product/details/big-pot-yogurts/sainsburys-fat-free-normandy-natural-fromage-frais-500g', "Sainsbury's Fat Free Normandy Natural Fromage Frais 500g", '£1.00', '20p / 100g')
('https://www.sainsburys.co.uk/shop/gb/groceries/product/details/big-pot-yogurts/yeo-valley-organic-yogurt-blueberry-450g', 'Yeo Valley Organic Blueberry & Lime Yogurt 450g', '£1.00', '22p / 100g')
('https://www.sainsburys.co.uk/shop/gb/groceries/product/details/big-pot-yogurts/yeo-valley-organic-natural-yogurt-500g', 'Yeo Valley Organic Natural Yogurt 500g', '£1.65', '33p / 100g')
('https://www.sainsburys.co.uk/shop/gb/groceries/product/details/big-pot-yogurts/the-collective-plant-yoghurt-fudge-400g', 'The Collective Plant Yoghurt Fudge 400g', '£2.20', '55p / 100g')
('https://www.sainsburys.co.uk/shop/gb/groceries/product/details/multipack-yogurt/munch-bunch-double-up-vanilla-4x85g', 'Munch Bunch Double Up Fromage Frais Strawberry & Vanilla 4x85g', '£1.00', '29p / 100g')
('https://www.sainsburys.co.uk/shop/gb/groceries/product/details/multipack-yogurt/milkybar-desserts-2x70g', 'Nestle Milkybar Desserts 2x70g', '£1.50', '£1.07 / 100g')
('https://www.sainsburys.co.uk/shop/gb/groceries/product/details/multipack-yogurt/yoplait-perle-de-lait-coconut-4x125g', 'Perle de Lait Coconut Yogurt 4x125g', '£1.00', '20p / 100g')
('https://www.sainsburys.co.uk/shop/gb/groceries/product/details/multipack-yogurt/yoplait-wildlife-fromage-frais-18x45g', 'Wildlife Strawberry & Peach Fromage Frais 18x45g', '£2.00', '25p / 100g')
('https://www.sainsburys.co.uk/shop/gb/groceries/product/details/multipack-yogurt/petits-filous-strawberry---apricot-6x50g', 'Petits Filous Apricot & Strawberry Fromage Frais 6x47g', '75p', '27p / 100g')
('https://www.sainsburys.co.uk/shop/gb/groceries/product/details/multipack-yogurt/muller-light-chocolate-6-pack', 'Müller Light Fat Free Yogurt with Chocolate Sprinkles Variety Pack 6x160g', '£2.00', '21p / 100g')
('https://www.sainsburys.co.uk/shop/gb/groceries/product/details/multipack-yogurt/yoplait-hazelnut-4x125g', 'Yoplait Hazelnut Yogurt 4x125g', '£1.50', '30p / 100g')
('https://www.sainsburys.co.uk/shop/gb/groceries/product/details/multipack-yogurt/ski-variety-4x120g', 'Ski Variety Yogurt 4x120g', '£1.00', '21p / 100g')
('https://www.sainsburys.co.uk/shop/gb/groceries/product/details/multipack-yogurt/irish-yogurts-diet-variety-pack-4x125g', 'Irish Yogurts Diet Fat Free 4x125g', '£1.50', '30p / 100g')
('https://www.sainsburys.co.uk/shop/gb/groceries/product/details/multipack-yogurt/mary-anns-dairy-low-fat-fruit-yogurts-peach-and-strawberry-4x125g', "Mary Ann's Dairy Low Fat Fruit Yogurts Peach and Strawberry 4x125g", '60p', '12p / 100g')
('https://www.sainsburys.co.uk/shop/gb/groceries/product/details/multipack-yogurt/sainsburys-chocolate-mousse-6x625g', "Sainsbury's Mousse Chocolate 6x60g", '£1.00', '28p / 100g')
('https://www.sainsburys.co.uk/shop/gb/groceries/product/details/multipack-yogurt/oykos-signatures-sticky-toffee-greek-style-yogurt-2x105g', 'Oykos Signatures Sticky Toffee Greek Style Yogurt 2x105g', '£1.50', '71p / 100g')
('https://www.sainsburys.co.uk/shop/gb/groceries/product/details/multipack-yogurt/danone-peach-raspberry-no-added-sugar-yogurt-6x110g', 'Danone Peach & Raspberry No Added Sugar Yogurt 6x110g', '£3.50', '53p / 100g')
('https://www.sainsburys.co.uk/shop/gb/groceries/product/details/multipack-yogurt/bonne-maman-yoghurt-with-a-rhubarb-layer-4x125g', 'Bonne Maman Yoghurt with a Rhubarb Layer 4x125g', '£2.50', '50p / 100g')
('https://www.sainsburys.co.uk/shop/gb/groceries/product/details/multipack-yogurt/tip-mix-crunch-multipack-6x135g', "Tip 'n' Mix Crunch Multipack Yoghurts 6x135g", '£1.90', '23p / 100g')
('https://www.sainsburys.co.uk/shop/gb/groceries/product/details/multipack-yogurt/glenisk-organic-bio-wholemilk-strawberry-yogurt-4x125g', 'Glenisk Bio Live Organic Yogurt Strawberry 4x125g', '£2.00', '40p / 100g')
('https://www.sainsburys.co.uk/shop/gb/groceries/product/details/multipack-yogurt/muller-rice-raspberry---apple-6x180g', 'Müller Rice Apple & Raspberry Low Fat Pudding Dessert 6x180g', '£3.50', '32p / 100g')
('https://www.sainsburys.co.uk/shop/gb/groceries/product/details/multipack-yogurt/danone-light---free-strawberry-4x115g', 'Light & Free Greek Style Strawberry Yogurt 4x115g', '£2.50', '54p / 100g')
('https://www.sainsburys.co.uk/shop/gb/groceries/product/details/multipack-yogurt/glenisk-0-fat-protein-strawberry-yogurt-x4', 'Glenisk 0% Fat Protein Strawberry Yogurt x4', '£2.30', '58p / 100g')
('https://www.sainsburys.co.uk/shop/gb/groceries/product/details/multipack-yogurt/yeo-valley-organic-little-yeos--strawberry---raspberry-6x45g', 'Yeo Valley Organic Little Yeos, Strawberry & Raspberry Fromage Frais 6x45g', '£1.65', '61p / 100g')
('https://www.sainsburys.co.uk/shop/gb/groceries/product/details/multipack-yogurt/petits-filous-magic-squares-strawberry-4x80g', 'Petits Filous Magic Squares Strawberry & Vanilla Yogurt 4x80g', '£1.50', '47p / 100g')
('https://www.sainsburys.co.uk/shop/gb/groceries/product/details/multipack-yogurt/yeo-valley-yogurt-lemon-curd-4x120g', 'Yeo Valley Organic Yogurt Lemon Curd 4x120g', '£1.50', '32p / 100g')
('https://www.sainsburys.co.uk/shop/gb/groceries/product/details/multipack-yogurt/activia-fat-free-yellow-fruits-8x125g', 'Activia No Added Sugar 0% Fat Mixed Fruits Yogurt 8x120g', '£3.00', '31p / 100g')
('https://www.sainsburys.co.uk/shop/gb/groceries/product/details/single-pots-and-corner-yogurt/muller-corner-toffee-yogurt-with-chocolate-hoops-130g-7553406-p', 'Muller Corner Toffee Yogurt with Chocolate Hoops 130g', '35p', '27p / 100g')
('https://www.sainsburys.co.uk/shop/gb/groceries/product/details/single-pots-and-corner-yogurt/fage-total-0-fat-greek-yogurt-split-pot-with-honey-170g', 'FAGE Total 0% Fat Greek Yogurt Split Pot With Honey 170g', '55p', '33p / 100g')
('https://www.sainsburys.co.uk/shop/gb/groceries/product/details/single-pots-and-corner-yogurt/sainsburys-lavender-honey---ginger-west-country-yogurt--taste-the-difference-150g', "Sainsbury's West Country Spanish Honey & Ginger Yogurt, Taste the Difference 150g", '70p', '47p / 100g')
('https://www.sainsburys.co.uk/shop/gb/groceries/product/details/single-pots-and-corner-yogurt/muller-rice-strawberry-190g', 'Müller Rice Strawberry Low Fat Pudding Desserts 180g', '50p', '28p / 100g')
('https://www.sainsburys.co.uk/shop/gb/groceries/product/details/single-pots-and-corner-yogurt/muller-rice-vanilla-190g', 'Müller Rice Vanilla Custard Low Fat Pudding Dessert 180g', '50p', '28p / 100g')
('https://www.sainsburys.co.uk/shop/gb/groceries/product/details/single-pots-and-corner-yogurt/cadbury-twin-pot-buttons-90g', 'Cadbury Dairy Milk Buttons Chocolate Dessert 85g', '47p', '52p / 100g')
('https://www.sainsburys.co.uk/shop/gb/groceries/product/details/single-pots-and-corner-yogurt/stapleton-strawberries---clotted-cream-yogurt-150g', 'Stapleton Strawberries & Clotted Cream Yogurt 150g', '75p', '50p / 100g')
('https://www.sainsburys.co.uk/shop/gb/groceries/product/details/single-pots-and-corner-yogurt/sainsburys-hazelnut-yogurt-150g', "Sainsbury's Fab Creamy Hazelnut Yogurt 150g", '45p', '30p / 100g')
('https://www.sainsburys.co.uk/shop/gb/groceries/product/details/single-pots-and-corner-yogurt/rowan-glen-rich---creamy-peach-yogurt-150g', 'Rowan Glen Rich & Creamy Peach Yogurt 150g', '55p', '37p / 100g')
('https://www.sainsburys.co.uk/shop/gb/groceries/product/details/single-pots-and-corner-yogurt/rowan-glen-rich---creamy-raspberry---blackcurrant-yogurt-150g', 'Rowan Glen Rich & Creamy Raspberry & Blackcurrant Yogurt 150g', '55p', '37p / 100g')
('https://www.sainsburys.co.uk/shop/gb/groceries/product/details/single-pots-and-corner-yogurt/rowan-glen-rich---creamy-strawberry-yogurt-150g', 'Rowan Glen Rich & Creamy Strawberry Yogurt 150g', '55p', '37p / 100g')
('https://www.sainsburys.co.uk/shop/gb/groceries/product/details/chilled-ready-meals-for-one/honest-food-co-chicken-and-black-bean-with-rice-and-steamed-vegetables-400g', 'Honest Food Co Chicken and Black Bean with Rice and Steamed Vegetables 400g', '£4.50', '£11.25 / kg')
('https://www.sainsburys.co.uk/shop/gb/groceries/product/details/chilled-ready-meals-for-one/chicken-noodles-400g', 'Chicken Noodles 400g', '£4.50', '£11.25 / kg')
('https://www.sainsburys.co.uk/shop/gb/groceries/product/details/chilled-ready-meals-for-one/honest-food-pasta-bolognese-wedges-400g', 'Honest Food Pasta Bolognese Wedges 400g', '£4.50', '£11.25 / kg')
('https://www.sainsburys.co.uk/shop/gb/groceries/product/details/chilled-ready-meals-for-one/the-kitchen-beef-stroganoff-with-rice-500g', 'The Kitchen Beef Stroganoff with Rice 500g', '£3.09', '£6.18 / kg')
('https://www.sainsburys.co.uk/shop/gb/groceries/product/details/chilled-ready-meals-for-one/the-kitchen-beef-in-gravy-450g', 'The Kitchen Beef in Gravy 450g', '£3.65', '£8.11 / kg')
('https://www.sainsburys.co.uk/shop/gb/groceries/product/details/chilled-ready-meals-for-one/spar-slow-cooked-beef-with-root-vegetable-mash-450g', 'SPAR Slow Cooked Beef with Root Vegetable Mash 450g', '£2.99', '£6.64 / kg')
('https://www.sainsburys.co.uk/shop/gb/groceries/product/details/chilled-ready-meals-for-one/spar-chicken-dinner-550g', 'SPAR Chicken Dinner 550g', '£4.09', '£7.44 / kg')
('https://www.sainsburys.co.uk/shop/gb/groceries/product/details/chilled-ready-meals-for-one/spar-chicken-korma-with-pilau-rice-450g', 'SPAR Chicken Korma with Pilau Rice 450g', '£2.99', '£6.64 / kg')
('https://www.sainsburys.co.uk/shop/gb/groceries/product/details/chilled-ready-meals-for-one/sainsburys-my-goodness!-salmon-with-lemon-dill-sauce-380g', "Sainsbury's My Goodness! Salmon with Lemon & Dill Sauce 380g", '£3.50', '£9.21 / kg')
('https://www.sainsburys.co.uk/shop/gb/groceries/product/details/chilled-ready-meals-for-one/sainsburys-my-goodness!-char-siu-style-pork-with-mixed-grains-350g', "Sainsbury's My Goodness! Char Siu Style Pork with Mixed Grains 350g", '£3.00', '£8.57 / kg')
('https://www.sainsburys.co.uk/shop/gb/groceries/product/details/chilled-ready-meals-for-one/sainsburys-my-goodness!-chicken-tikka-roasted-sweet-potato-350g', "Sainsbury's My Goodness! Chicken Tikka & Roasted Sweet Potato 350g", '£3.00', '£8.57 / kg')
('https://www.sainsburys.co.uk/shop/gb/groceries/product/details/chilled-ready-meals-for-one/sainsburys-my-goodness-jerk-style-jackfruit-with-sweet-potato-380g', "Sainsbury's My Goodness! Vegan Jerk Style Jackfruit with Sweet Potato 380g", '£3.00', '£7.89 / kg')
('https://www.sainsburys.co.uk/shop/gb/groceries/product/details/chilled-ready-meals-for-one/plant-pioneer-no-duck-spring-roll-200g', 'Plant Pioneers No Duck Spring Roll 200g', '£2.25', '£11.25 / kg')
('https://www.sainsburys.co.uk/shop/gb/groceries/product/details/chilled-ready-meals-for-one/cloughbane-three-bean-casserole-w-rice', 'Cloughbane Veggi Three Bean Casserole 380g', '£2.50', '£6.58 / kg')
('https://www.sainsburys.co.uk/shop/gb/groceries/product/details/chilled-ready-meals-for-one/bol-caribbean-jerk-rice-peas-405g', 'Bol Caribbean Jerk, Rice & Peas 405g', '£3.50', '£8.64 / kg')
('https://www.sainsburys.co.uk/shop/gb/groceries/product/details/chilled-ready-meals-for-one/leon-lentil-masala-dahling-380g', 'LEON Lentil Masala Dhal 380g', '£4.00', '£10.53 / kg')
('https://www.sainsburys.co.uk/shop/gb/groceries/product/details/chilled-ready-meals-for-one/plant-pioneers-spaghetti-bolognese-400g', 'Plant Pioneers Spaghetti Bolognese 400g', '£2.75', '£6.88 / kg')
('https://www.sainsburys.co.uk/shop/gb/groceries/product/details/chilled-ready-meals-for-one/sainsburys-beef-ale-with-mash-400g', "Sainsbury's Classics Beef & Ale with Mash 400g (Serves 1)", '£3.00', '£7.50 / kg')
('https://www.sainsburys.co.uk/shop/gb/groceries/product/details/chilled-ready-meals-for-one/fit-prepd-chicken-teriyaki-450g', 'Fit & Prepd Chicken Teriyaki with Rice and Edamame Beans 450g', '£3.50', '£7.78 / kg')
('https://www.sainsburys.co.uk/shop/gb/groceries/product/details/chilled-ready-meals-for-one/wasabi-sushi-bento-chicken-katsu-yakisoba-450g', 'Wasabi Sushi & Bento Chicken Katsu Yakisoba 450g', '£4.00', '£8.89 / kg')
('https://www.sainsburys.co.uk/shop/gb/groceries/product/details/chilled-ready-meals-for-one/sainsburys-love-your-veg!-sweet-potato-katsu-curry-rice-400g-serves-1-', "Sainsbury's Love Your Veg! Sweet Potato Katsu Curry & Rice 400g (Serves 1)", '£3.00', '£7.50 / kg')
('https://www.sainsburys.co.uk/shop/gb/groceries/product/details/chilled-ready-meals-for-one/sainsburys-deliciously-free-from-chicken-tikka-masala-380g', "Sainsbury's Deliciously Free From Chicken Tikka Masala 380g", '£3.00', '79p / 100g')
('https://www.sainsburys.co.uk/shop/gb/groceries/product/details/chilled-ready-meals-for-one/bol-thai-coconut-curry-345g-7832993-p-44', 'BOL Creamy Thai Green Curry 345g', '£2.75', '£7.97 / kg')
('https://www.sainsburys.co.uk/shop/gb/groceries/product/details/chilled-ready-meals-for-one/oh-my-good-nosh-halal-thai-red-chicken-curry-400g-serves-1-', 'Oh My Good Nosh Halal Thai Red Chicken Curry 400g (Serves 1)', '£3.25', '81p / 100g')
('https://www.sainsburys.co.uk/shop/gb/groceries/product/details/chilled-ready-meals-for-one/oh-my-good-nosh-halal-chicken-linguine-400g-serves-1-', 'Oh My Good Nosh Halal Chicken Linguine 400g (Serves 1)', '£3.25', '81p / 100g')
('https://www.sainsburys.co.uk/shop/gb/groceries/product/details/chilled-ready-meals-for-one/sainsburys-tuna-pasta-melt-400g-serves-1-', "Sainsbury's Tuna Pasta Melt 400g (Serves 1)", '£2.00', '£5.00 / kg')
('https://www.sainsburys.co.uk/shop/gb/groceries/product/details/chilled-ready-meals-for-one/sainsburys-spaghetti-carbonara-400g-serves-1-', "Sainsbury's Spaghetti Carbonara 400g (Serves 1)", '£2.00', '£5.00 / kg')
('https://www.sainsburys.co.uk/shop/gb/groceries/product/details/chilled-ready-meals-for-one/sainsburys-deliciously-freefrom-beef-lasagne-400g-', "Sainsbury's Deliciously Free From Beef Lasagne 400g (Serves 1)", '£3.00', '75p / 100g')
('https://www.sainsburys.co.uk/shop/gb/groceries/product/details/chilled-ready-meals-for-one/sainsburys-chicken-jalfrezi--taste-the-difference-450g-7803879-p-44', "Sainsbury's Chicken Jalfrezi with Pilau Rice, Taste the Difference 400g (Serves 1)", '£4.00', '£10.00 / kg')
('https://www.sainsburys.co.uk/shop/gb/groceries/product/details/chilled-ready-meals-for-one/sainsburys-kashmiri-chicken-korma---rice--taste-the-difference-450g', "Sainsbury's Kashmiri Chicken Korma with Pilau Rice, Taste the Difference 400g (Serves 1)", '£4.00', '£10.00 / kg')
('https://www.sainsburys.co.uk/shop/gb/groceries/product/details/chilled-ready-meals-for-one/rustlers-twin-cheese-burger-280g', 'Rustlers Twin Cheese Burger 280g', '£2.50', '89p / 100g')
('https://www.sainsburys.co.uk/shop/gb/groceries/product/details/chilled-ready-meals-for-one/mumtaz-halal-tikka-masala---rice-400g', 'Mumtaz Halal Tikka Masala & Rice 400g (Serves 1)', '£3.00', '£7.50 / kg')
('https://www.sainsburys.co.uk/shop/gb/groceries/product/details/chilled-ready-meals-for-one/sainsburys-lamb---rosemary-tagliatelle--taste-the-difference-400g', "Sainsbury's Slow Cooked Shredded Lamb & Rosemary Tagliatelle, Taste the Difference 400g (Serves 1)", '£4.00', '£10.00 / kg')
('https://www.sainsburys.co.uk/shop/gb/groceries/product/details/chilled-ready-meals-for-one/sainsburys-crispy-sweet---sour-chicken-with-rice-400g', "Sainsbury's Crispy Sweet & Sour Chicken With Rice 400g (Serves 1)", '£3.00', '£7.50 / kg')
('https://www.sainsburys.co.uk/shop/gb/groceries/product/details/chilled-ready-meals-for-one/mcintosh-of-dyce-cottage-pie-340g', 'McIntosh Cottage Pie 340g (Serves 1)', '£1.60', '£4.71 / kg')
('https://www.sainsburys.co.uk/shop/gb/groceries/product/details/prepared-sides-vegetables/sainsburys-crispy-potato-slices-400g', "Sainsbury's Crispy Potato Slices 350g", '£1.80', '£5.14 / kg')
('https://www.sainsburys.co.uk/shop/gb/groceries/product/details/prepared-sides-vegetables/sainsburys-shelled-peas-160g', "Sainsbury's Shelled Peas 160g", '£1.40', '£8.75 / kg')
('https://www.sainsburys.co.uk/shop/gb/groceries/product/details/all-price-lock/douwe-egberts-pure-gold-medium-roast--refill-pack-150g', 'Douwe Egberts Pure Gold Instant Coffee Refill 150g', '£4.50', '£3.00 / 100g')
('https://www.sainsburys.co.uk/shop/gb/groceries/product/details/all-price-lock/sainsburys-chunks-in-jelly-with-salmon-100g-7393836-p-44', "Sainsbury's Adult Fine Flakes 1+ Adult Cat Food with Salmon in Jelly 100g", '30p', '£3.00 / kg')
('https://www.sainsburys.co.uk/shop/gb/groceries/product/details/all-price-lock/sainsburys-farmhouse-kitchen-adult-dog-smooth-pâté-with-chicken-turkey-300g', "Sainsbury's Farmhouse Kitchen Adult Dog Smooth Pâté With Chicken & Turkey 300g", '55p', '£1.83 / kg')
('https://www.sainsburys.co.uk/shop/gb/groceries/product/details/all-price-lock/sainsburys-infusions-camomile-tea-bags-x20', "Sainsbury's Infusions Camomile Tea Bags x20", '75p', '£2.50 / 100g')
('https://www.sainsburys.co.uk/shop/gb/groceries/product/details/all-price-lock/kenco-decaf-eco-refill-150g', 'Kenco Decaff Instant Coffee Refill 150g', '£3.50', '£2.33 / 100g')
('https://www.sainsburys.co.uk/shop/gb/groceries/product/details/all-price-lock/hellmanns-light-squeezy-mayonnaise-750ml', "Hellmann's Light Squeezy Mayonnaise 750ml", '£2.00', '27p / 100ml')
('https://www.sainsburys.co.uk/shop/gb/groceries/product/details/all-price-lock/go-cat-indoor-cat-dry-cat-food-chicken-and-garden-greens-825g-6548885-p', 'Go-Cat Indoor Cat Dry Cat Food Chicken And Garden Greens 825g', '£2.25', '£2.73 / kg')
('https://www.sainsburys.co.uk/shop/gb/groceries/product/details/all-price-lock/gourmet-perle-cat-food-pouches-ocean-delicacies-12x85g-6382209-p', 'Gourmet Perle Cat Food Pouches Ocean Delicacies 12x85g', '£4.00', '£3.92 / kg')
('https://www.sainsburys.co.uk/shop/gb/groceries/product/details/all-price-lock/felix-meaty-loaf-fish---meat-selection-12x100g', 'Felix Cat Food Mixed Selection Meaty Loaf 12 X 100g', '£3.00', '£2.50 / kg')
('https://www.sainsburys.co.uk/shop/gb/groceries/product/details/all-price-lock/maryland-minis-chocolate-chip-cookies-x6', 'Maryland Minis Chocolate Chip Cookies x6', '£1.00', '84p / 100g')
('https://www.sainsburys.co.uk/shop/gb/groceries/product/details/all-price-lock/nescafé-original-decaff-instant-coffee-100g', 'Nescafé Original Decaff Instant Coffee 100g', '£2.65', '£2.65 / 100g')
('https://www.sainsburys.co.uk/shop/gb/groceries/product/details/all-price-lock/whiskas-in-jelly-wet-adult-1-cat-food-pouches-poultry-12x100g', 'Whiskas in Jelly Wet Adult 1+ Cat Food Pouches Poultry 12x100g', '£3.50', '£2.92 / kg')
('https://www.sainsburys.co.uk/shop/gb/groceries/product/details/all-price-lock/sainsburys-dog-food-mixer-4kg', "Sainsbury's Dry Dog Food Mixer 4kg", '£3.50', '88p / kg')
('https://www.sainsburys.co.uk/shop/gb/groceries/product/details/all-price-lock/go-cat-adult-dry-cat-food-chicken-and-duck-825g-2966397-p', 'Go-Cat Adult Dry Cat Food Chicken And Duck 825g', '£2.25', '£2.73 / kg')
('https://www.sainsburys.co.uk/shop/gb/groceries/product/details/all-price-lock/bakers-dry-dog-food-beef-and-veg-12kg-2893556-p', 'Bakers Dry Dog Food Beef and Veg 1.2kg', '£2.75', '£2.29 / kg')
('https://www.sainsburys.co.uk/shop/gb/groceries/product/details/all-price-lock/wagg-complete-dog-food-2kg', 'Wagg Complete Dry Dog Food, Chicken & Vegetables 2kg', '£3.00', '£1.50 / kg')
('https://www.sainsburys.co.uk/shop/gb/groceries/product/details/all-price-lock/kenco-freeze-dried-coffee--rich-dark-roast-100g', 'Kenco Rich Instant Coffee 100g', '£2.50', '£2.50 / 100g')
('https://www.sainsburys.co.uk/shop/gb/groceries/product/details/all-price-lock/lucozade-sparkling-glucose-drink--orange-barley-crush-1l', 'Lucozade Energy Orange 1L', '£1.00', '10p / 100ml')
('https://www.sainsburys.co.uk/shop/gb/groceries/product/details/all-price-lock/sainsburys-gold-roast-decaffeinated-instant-coffee-granules-200g', "Sainsbury's Gold Roast Decaffeinated Instant Coffee Granules 200g", '£3.40', '£1.70 / 100g')
('https://www.sainsburys.co.uk/shop/gb/groceries/product/details/all-price-lock/edlers-sweet-pastry-case-195g', 'Edlers Sweet Pastry Case 195g', '£1.00', '51p / 100g')
('https://www.sainsburys.co.uk/shop/gb/groceries/product/details/all-price-lock/sainsburys-vodka-1l', 'Triple Distilled Vodka 1L', '£15.40', '£15.40 / ltr')
('https://www.sainsburys.co.uk/shop/gb/groceries/product/details/all-price-lock/cofresh-peanut-snack-bar-25g', 'Cofresh Peanut Snack Bar 25g', '25p', '£1.00 / 100g')
('https://www.sainsburys.co.uk/shop/gb/groceries/product/details/all-price-lock/imperial-leather-gentle-care-bar-soap-4x100g', 'Imperial Leather Gentle Care Bar Soap 4x100g', '£1.75', '44p / 100g')
('https://www.sainsburys.co.uk/shop/gb/groceries/product/details/all-price-lock/ellas-creamy-chicken---sweetcorn-mash-with-herb-sprinkles-stage-2-130g', "Ella's Kitchen Organic Chicken and Veg Baby Pouch 7+ Months 130g", '£1.30', '£1.00 / 100g')
('https://www.sainsburys.co.uk/shop/gb/groceries/product/details/all-price-lock/ellas-vegetable-bake-with-lentils-stage-2-130g', "Ella's Kitchen Organic Vegetable and Lentil Bake Baby Pouch 7+ Months 130g", '£1.30', '£1.00 / 100g')
('https://www.sainsburys.co.uk/shop/gb/groceries/product/details/all-price-lock/cofresh-sesame-bites-26g', 'Cofresh Sesame Bites 26g', '25p', '96p / 100g')
('https://www.sainsburys.co.uk/shop/gb/groceries/product/details/all-price-lock/sainsburys-chicken-balti-400g', "Sainsbury's Chicken Balti 400g", '£1.50', '£3.75 / kg')
('https://www.sainsburys.co.uk/shop/gb/groceries/product/details/all-price-lock/hipp-organic-classic-spaghetti-bolognese--from-12-months-260g', 'HiPP Spaghetti Bolognese tray Meal 230g 12 Month+', '£1.75', '76p / 100g')
('https://www.sainsburys.co.uk/shop/gb/groceries/product/details/all-price-lock/ellas-punchy-pork-roast-dinner-with-apples-130g', "Ella's Kitchen Organic Pork Roast Dinner Baby Pouch 7+ Months 130g", '£1.30', '£1.00 / 100g')
('https://www.sainsburys.co.uk/shop/gb/groceries/product/details/all-price-lock/hipp-organic-mango---banana-with-yogurt-160g', 'HiPP Organic Mango & Banana With Yogurt Jar 160g 7 Month+', '70p', '44p / 100g')
('https://www.sainsburys.co.uk/shop/gb/groceries/product/details/all-price-lock/hipp-organic-squiggly-spaghetti-with-tasty-tomato---mozzarella-sauce-260g', 'HiPP Organic Squiggly Spaghetti With Tasty Tomato & Mozzarella Sauce tray Meal 230g 12 Month+', '£1.75', '76p / 100g')
('https://www.sainsburys.co.uk/shop/gb/groceries/product/details/all-price-lock/sainsburys-long-life-sweetened-soya-milk--alternative-to-dairy-milk-1l', "Sainsbury's Sweetened Soya Drink 1L", '85p', '85p / ltr')
('https://www.sainsburys.co.uk/shop/gb/groceries/product/details/all-price-lock/sainsburys-semi-skimmed-long-life-milk-6x1l', "Sainsbury's Semi Skimmed Long Life Milk 6x1L", '£4.25', '71p / ltr')
('https://www.sainsburys.co.uk/shop/gb/groceries/product/details/all-price-lock/heinz-biscotti-chocolate-finger-biscuits--7-months-x12-60g', 'Heinz Chocolate Biscotti Snack 60g 7 Month+', '75p', '£1.25 / 100g')
('https://www.sainsburys.co.uk/shop/gb/groceries/product/details/all-price-lock/ambrosia-low-fat-devon-custard-pots-4x125g', 'Ambrosia Low Fat Custard Pots 4x125g', '£1.50', '30p / 100g')
('https://www.sainsburys.co.uk/shop/gb/groceries/product/details/all-price-lock/sainsburys-italian-mixed-mushroom-antipasto-280g', "Sainsbury's Italian Mixed Mushroom Antipasto 280g (160g*)", '£2.00', '£1.25 / 100g')
('https://www.sainsburys.co.uk/shop/gb/groceries/product/details/all-price-lock/sainsburys-sweet---sour-sauce--basics-500g', "Hubbard's Foodstore Sweet & Sour Sauce 500g", '48p', '10p / 100g')
('https://www.sainsburys.co.uk/shop/gb/groceries/product/details/all-price-lock/whiskas-pure-delight-poultry-collection-in-jelly-senior-7-wet-cat-food-12x85g', 'Whiskas Pure Delight Poultry Collection in Jelly Senior 7+ Wet Cat Food 12x85g', '£3.50', '£3.43 / kg')
('https://www.sainsburys.co.uk/shop/gb/groceries/product/details/all-price-lock/sainsburys-fresh-breath-dental-sticks-medium-dogs-x14-360g', "Sainsbury's Fresh Breath Dental Sticks for Medium Dogs x14 360g", '£1.60', '£4.44 / kg')
('https://www.sainsburys.co.uk/shop/gb/groceries/product/details/all-price-lock/sainsburys-snack-pockets-with-cheese-65g', "Sainsbury's Cat Treat Snack Pockets with Cheese 65g", '80p', '£1.23 / 100g')
('https://www.sainsburys.co.uk/shop/gb/groceries/product/details/cooked-chicken---turkey-314373-44/gilberts-roast-turkey-breast-142g', "Gilbert's Roast Turkey Breast 142g", '£2.50', '£1.76 / 100g')
('https://www.sainsburys.co.uk/shop/gb/groceries/product/details/cooked-chicken---turkey-314373-44/sainsburys-cooked-roast-chicken-fillets-x2-240g', "Sainsbury's Cooked Roast Chicken Breast Fillets x2 240g", '£3.50', '£1.46 / 100g')
('https://www.sainsburys.co.uk/shop/gb/groceries/product/details/cooked-chicken---turkey-314373-44/najma-bear-halal-turkey-slices', 'Najma Bear Delicious Slices of Turkey Sausage x6 90g', '£1.25', '£1.39 / 100g')
('https://www.sainsburys.co.uk/shop/gb/groceries/product/details/cooked-chicken---turkey-314373-44/fridge-raiders-southern-style-chicken-bites-90g', 'Fridge Raiders Southern Style Chicken Snack Bites 90g', '£1.60', '£1.78 / 100g')
('https://www.sainsburys.co.uk/shop/gb/groceries/product/details/cooked-chicken---turkey-314373-44/fridge-raiders-roast-2x45g', 'Fridge Raiders Slow Roasted Chicken Snack Bites 2x 45g', '£1.60', '£1.78 / 100g')
('https://www.sainsburys.co.uk/shop/gb/groceries/product/details/cooked-chicken---turkey-314373-44/fridge-raiders-slow-roasted-chicken-bites-mini-packs-3-x-225g', 'Fridge Raiders Slow Roasted Chicken Snack Bites 3x 22.5g', '£1.60', '£2.37 / 100g')
('https://www.sainsburys.co.uk/shop/gb/groceries/product/details/cooked-chicken---turkey-314373-44/sainsburys-oak-smoked-chargrilled-mini-british-chicken-fillets-120g', "Sainsbury's Oak Smoked Chargrilled Chicken Breast Mini Fillets 120g", '£1.90', '£1.58 / 100g')
('https://www.sainsburys.co.uk/shop/gb/groceries/product/details/cooked-chicken---turkey-314373-44/sainsburys-tikka-sliced-chicken-breast-160g', "Sainsbury's Tikka Sliced Chicken Breast 160g", '£2.00', '£1.25 / 100g')
('https://www.sainsburys.co.uk/shop/gb/groceries/product/details/cooked-chicken---turkey-314373-44/sainsburys-sweet-chilli-sliced-chicken-breast-160g', "Sainsbury's Sweet Chilli Sliced Chicken Breast 160g", '£2.50', '£1.56 / 100g')
('https://www.sainsburys.co.uk/shop/gb/groceries/product/details/cooked-chicken---turkey-314373-44/loasis-halal-spanish-turkey-80g', "L'Oasis de Djerba Halal Turkey Salami 80g", '£1.30', '£1.63 / 100g')
('https://www.sainsburys.co.uk/shop/gb/groceries/product/details/cooked-chicken---turkey-314373-44/bernard-matthews-chilli-turkey-chunks-100g', 'Bernard Matthews Turkey Chilli Chunks 90g', '£1.10', '£1.22 / 100g')
('https://www.sainsburys.co.uk/shop/gb/groceries/product/details/cooked-chicken---turkey-314373-44/najma-sliced-halal-chicken-breast-with-herbs-150g', 'Najma Sliced Halal Chicken Breast With Herbs 150g', '£2.00', '£1.33 / 100g')
('https://www.sainsburys.co.uk/shop/gb/groceries/product/details/cooked-chicken---turkey-314373-44/gilberts-smoked-turkey-breasts-142g', "Gilbert's Smoked Turkey Breasts 142g", '£2.20', '£1.55 / 100g')
('https://www.sainsburys.co.uk/shop/gb/groceries/product/details/snacking---cooked-sausage-44/ember-biltong-50g', 'Ember Biltong 50g', '£2.95', '£5.90 / 100g')
('https://www.sainsburys.co.uk/shop/gb/groceries/product/details/snacking---cooked-sausage-44/ember-lean-salami-slices-50g', 'Ember Lean Salami Slices 50g', '£2.95', '£5.90 / 100g')
('https://www.sainsburys.co.uk/shop/gb/groceries/product/details/snacking---cooked-sausage-44/taste-inc-5-pack-175g', 'Taste Inc. 100% Chargrilled Chicken Fillet Original 5 x 35g 175g', '£2.75', '£1.57 / 100g')
('https://www.sainsburys.co.uk/shop/gb/groceries/product/details/snacking---cooked-sausage-44/peperami-pepd-up-chicken-bites-50g', "Peperami Pep'd Up Chicken Bites 50g", '£1.00', '£2.00 / 100g')
('https://www.sainsburys.co.uk/shop/gb/groceries/product/details/snacking---cooked-sausage-44/made-for-drink-premium-bar-snacks-chorizo-thins-23g', 'Made for Drink Premium Bar Snacks Chorizo Thins 23g', '£2.50', '£10.87 / 100g')
('https://www.sainsburys.co.uk/shop/gb/groceries/product/details/snacking---cooked-sausage-44/fridge-raiders-southern-style-chicken-bites-mini-packs-6-x-225g', 'Fridge Raiders Southern Style Chicken Snack Bites 6x 22.5g', '£2.60', '£1.93 / 100g')
('https://www.sainsburys.co.uk/shop/gb/groceries/product/details/all-pork/sainsburys-northern-irish-pork-mince-20-fat-500g', "Sainsbury's Northern Irish Pork Mince 20% Fat 500g", '£1.75', '£3.50 / kg')
('https://www.sainsburys.co.uk/shop/gb/groceries/product/details/all-pork/sainsburys-extra-lean-northern-irish-pork-stir-fry-300g', "Sainsbury's Extra Lean Northern Irish Pork Stir Fry 300g", '£1.75', '£5.83 / kg')
('https://www.sainsburys.co.uk/shop/gb/groceries/product/details/all-pork/sainsburys-pork-loin-steaks-x4-480g', "Sainsbury's British Pork Loin Steaks x4 480g", '£1.89', '£3.94 / kg')
('https://www.sainsburys.co.uk/shop/gb/groceries/product/details/all-pork/sainsburys-pork-loin-medallions-400g', "Sainsbury's Pork Loin Medallions x4 400g", '£2.90', '£7.25 / kg')
('https://www.sainsburys.co.uk/shop/gb/groceries/product/details/all-pork/sainsburys-gammon-steaks--chestnut-smoked-sweetcure-x2-400g', "Sainsbury's Chestnut smoked Sweetcure British Gammon Steaks x2 400g", '£3.75', '£9.38 / kg')
('https://www.sainsburys.co.uk/shop/gb/groceries/product/details/all-pork/sainsburys-gammon-steaks--unsmoked-sweetcure-x2-400g', "Sainsbury's Unsmoked Sweetcure British Gammon Steaks x2 400g", '£3.75', '£9.38 / kg')
('https://www.sainsburys.co.uk/shop/gb/groceries/product/details/all-pork/sainsburys-unsmoked-gammon-joint-14-kg', 'Sainsbury’s unsmoked British medium gammon joint 1.4g', '£7.50', '£5.36 / kg')
('https://www.sainsburys.co.uk/shop/gb/groceries/product/details/all-pork/sainsburys-bacon---sausage-wraps-x12-260g', "Sainsbury's Pork Sausage & Bacon Wraps (Pigs In Blankets), Butchers Choice x12 260g", '£3.00', '£11.54 / kg')
('https://www.sainsburys.co.uk/shop/gb/groceries/product/details/all-pork/robinsons-pork-roast-900g', 'Robinsons Pork Roast 900g', '£5.49', '£6.10 / kg')
('https://www.sainsburys.co.uk/shop/gb/groceries/product/details/all-pork/spar-sweet-chilli-boneless-pork-chops-x2-300g', 'SPAR Sweet Chilli Boneless Pork Chops x2, 300g', '£2.99', '£9.97 / kg')
('https://www.sainsburys.co.uk/shop/gb/groceries/product/details/all-pork/robinsons-peppered-fastfry-chops-450g', 'Robinsons Peppered Fastfry Chops 450g', '£3.00', '£6.67 / kg')
('https://www.sainsburys.co.uk/shop/gb/groceries/product/details/all-pork/the-jolly-hog-pigs-in-blankets-210g', 'The Jolly Hog Pigs In Blankets 210g', '£3.00', '£14.29 / kg')
('https://www.sainsburys.co.uk/shop/gb/groceries/product/details/all-pork/sainsburys-smoked-large-gammon-joint-23kg', "Sainsbury's Smoked Large Gammon Joint 2.3kg", '£10.00', '£4.35 / kg')
('https://www.sainsburys.co.uk/shop/gb/groceries/product/details/all-pork/sainsburys-slow-cooked-pork-bbq-sharing-pack-summer-edition-1069kg', "Sainsbury's Slow Cooked Pork BBQ Sharing Pack, Summer Edition 1.069kg", '£7.75', '£7.24 / kg')
('https://www.sainsburys.co.uk/shop/gb/groceries/product/details/all-pork/sainsburys-chinese-style-british-pork-loin-steaks-summer-edition-1kg', "Sainsbury's Chinese Style British Pork Loin Steaks, Summer Edition 1kg", '£5.00', '£5.00 / kg')
('https://www.sainsburys.co.uk/shop/gb/groceries/product/details/all-pork/smörgåsbord-the-original-swedish-meatballs-400g', 'Smörgåsbord The Original Swedish Meatballs 400g', '£3.00', '£7.50 / kg')
('https://www.sainsburys.co.uk/shop/gb/groceries/product/details/all-pork/jjames-family-unsmoked-gammon-joint-approx-700g-', 'J.James & Family unsmoked British small gammon joint (approx.700g)', '£3.80 / kg', '38p / 100g')
('https://www.sainsburys.co.uk/shop/gb/groceries/product/details/all-pork/sainsburys-british-pork-loin-steaks-x2-240g', "Sainsbury's Outdoor Bred British Pork Loin Steaks x2, Taste the Difference", '£2.25', '£9.38 / kg')
('https://www.sainsburys.co.uk/shop/gb/groceries/product/details/all-pork/sainsburys-pork-shoulder-joint-cw-600g---14kg', "Sainsbury's British Pork Shoulder Joint (Approx. 1.45Kg)", '£3.84', '31p / 100g')
('https://www.sainsburys.co.uk/shop/gb/groceries/product/details/all-pork/sainsburys-2-smoked-lean-bacon-loin-steaks-250g', "Sainsbury's Smoked Lean Bacon Loin Steaks x2 250g", '£3.00', '£12.00 / kg')
('https://www.sainsburys.co.uk/shop/gb/groceries/product/details/baby-vegetables/sainsburys-broccoli---cauliflower-florets-240g', "Sainsbury's Broccoli & Cauliflower Florets 240g", '£1.00', '£4.17 / kg')
('https://www.sainsburys.co.uk/shop/gb/groceries/product/details/baby-vegetables/sainsburys-courgette-cauliflower-stir-fry-300g', "Sainsbury's Chickpea & Cauliflower Stir Fry 300g", '£1.50', '50p / 100g')
('https://www.sainsburys.co.uk/shop/gb/groceries/product/details/baby-vegetables/sainsburys-veggie-burger-225g', "Sainsbury's Veggie Burgers x2 225g", '£2.00', '£8.89 / kg')
('https://www.sainsburys.co.uk/shop/gb/groceries/product/details/baby-vegetables/sainsburys-brussels-sprouts-200g', "Sainsbury's Brussels Sprouts 200g", '£1.00', '£5.00 / kg')
('https://www.sainsburys.co.uk/shop/gb/groceries/product/details/baby-vegetables/sainsburys-courgetti-300g', "Sainsbury's Courgetti 300g", '£1.25', '£4.17 / kg')
('https://www.sainsburys.co.uk/shop/gb/groceries/product/details/potatoes/sainsburys-white-potatoes-125kg', "Sainsbury's White Potatoes 1.2kg", '85p', '68p / kg')
('https://www.sainsburys.co.uk/shop/gb/groceries/product/details/potatoes/sainsburys-white-potatoes-25kg-6001313-p-44', "Sainsbury's White Potatoes 2.5kg", '95p', '38p / kg')
('https://www.sainsburys.co.uk/shop/gb/groceries/product/details/potatoes/sainsburys-charlotte-potatoes-1kg', "Sainsbury's Charlotte Potatoes 1kg", '£1.10', '£1.10 / kg')
('https://www.sainsburys.co.uk/shop/gb/groceries/product/details/potatoes/sainsburys-sweet-potatoes-loose', "Sainsbury's Sweet Potatoes Loose", '£1.10 / kg', '£1.10 / kg')
('https://www.sainsburys.co.uk/shop/gb/groceries/product/details/potatoes/sainsburys-baking-potatoes-loose', "Sainsbury's Baking Potatoes Loose", '83p / kg', '83p / kg')
('https://www.sainsburys.co.uk/shop/gb/groceries/product/details/potatoes/greengrocer-potatoes-25kg', "Sainsbury's Imperfectly Tasty Potatoes 2.5kg", '89p', '36p / kg')
('https://www.sainsburys.co.uk/shop/gb/groceries/product/details/potatoes/sainsburys-white-potatoes-loose', "Sainsbury's White Potatoes Loose", '£1.00 / kg', '£1.00 / kg')
('https://www.sainsburys.co.uk/shop/gb/groceries/product/details/potatoes/albert-bartlett-rooster-potatoes-2kg', 'Albert Bartlett Rooster Potatoes 2kg', '£2.00', '£1.00 / kg')
('https://www.sainsburys.co.uk/shop/gb/groceries/product/details/potatoes/glens-of-antrim-maris-piper-potatoes-4kg', 'Glens Of Antrim Maris Piper Potatoes 4kg', '£4.00', '£1.00 / kg')
('https://www.sainsburys.co.uk/shop/gb/groceries/product/details/potatoes/bartletts-rooster-potatoes-2kg-7366179-p-44', 'Albert Bartlett Rooster Potatoes 2kg', '£2.50', '£1.25 / kg')
('https://www.sainsburys.co.uk/shop/gb/groceries/product/details/potatoes/sainsburys-jersey-royal-potatoes--taste-the-difference-750g', "Sainsbury's Jersey Royal Potatoes, Taste the Difference 750g", '£1.50', '£2.00 / kg')
('https://www.sainsburys.co.uk/shop/gb/groceries/product/details/potatoes/sainsburys-sweet-potatoes--so-organic-750g', "Sainsbury's Sweet Potato, SO Organic 750g", '£2.40', '£3.20 / kg')
('https://www.sainsburys.co.uk/shop/gb/groceries/product/details/carrots-root-vegetables/sainsburys-vegetable-selection--basics-125kg-6906184-p-44', "Sainsbury's Vegetable Selection, Basics 1.25kg", '£1.00', '80p / kg')
('https://www.sainsburys.co.uk/shop/gb/groceries/product/details/carrots-root-vegetables/sainsburys-parsnips-500g', "Sainsbury's Parsnips 500g", '42p', '84p / kg')
('https://www.sainsburys.co.uk/shop/gb/groceries/product/details/carrots-root-vegetables/sainsburys-parsnips-750g-7410618-p-44', "Sainsbury's Parsnips 750g", '30p', '40p / kg')
('https://www.sainsburys.co.uk/shop/gb/groceries/product/details/carrots-root-vegetables/sainsburys-swede', "Sainsbury's Swede", '85p', '85p / ea')
('https://www.sainsburys.co.uk/shop/gb/groceries/product/details/carrots-root-vegetables/sainsburys-rainbow-carrots--taste-the-difference-450g', "Sainsbury's Rainbow Carrots 450g", '£1.50', '£3.33 / kg')
('https://www.sainsburys.co.uk/shop/gb/groceries/product/details/carrots-root-vegetables/sainsburys-sweet-spear-carrots--taste-the-difference-450g', "Sainsbury's Sweet Spear Carrots 450g", '£1.50', '£3.33 / kg')
('https://www.sainsburys.co.uk/shop/gb/groceries/product/details/carrots-root-vegetables/sainsburys-parsnips--basics-750g', "Sainsbury's Parsnips, Basics 750g", '70p', '93p / kg')
('https://www.sainsburys.co.uk/shop/gb/groceries/product/details/carrots-root-vegetables/sainsburys-chantenay-carrots-500g', "Sainsbury's Chantenay Carrots 500g", '90p', '£1.80 / kg')
('https://www.sainsburys.co.uk/shop/gb/groceries/product/details/carrots-root-vegetables/sainsburys-carrots--so-organic-750g', "Sainsbury's Carrots, SO Organic 750g", '£1.25', '£1.67 / kg')
('https://www.sainsburys.co.uk/shop/gb/groceries/product/details/carrots-root-vegetables/mash-direct-mashed-turnip-400g', 'Mash Direct Mashed Turnip 400g', '£1.50', '£3.75 / kg')
('https://www.sainsburys.co.uk/shop/gb/groceries/product/details/carrots-root-vegetables/imperfectly-tasty-mushrooms-400g', 'Imperfectly Tasty Mushrooms 400g', '86p', '£2.15 / kg')
('https://www.sainsburys.co.uk/shop/gb/groceries/product/details/carrots-root-vegetables/imperfectly-tasty-green-beans-220g', 'Imperfectly Tasty Green Beans 220g', '69p', '£3.14 / kg')
('https://www.sainsburys.co.uk/shop/gb/groceries/product/details/carrots-root-vegetables/sainsburys-on-the-go-carrot-batons-80g', "Sainsbury's On the Go Carrot Batons 80g", '70p', '70p / ea')
('https://www.sainsburys.co.uk/shop/gb/groceries/product/details/carrots-root-vegetables/sainsburys-casserole-vegetables-700g', "Sainsbury's Casserole Vegetables 700g", '£1.50', '£2.14 / kg')
('https://www.sainsburys.co.uk/shop/gb/groceries/product/details/peas-beans-sweetcorn-asparagus/sainsburys-sweetcorn-x2', "Sainsbury's Sweetcorn x2", '£1.50', '75p / ea')
('https://www.sainsburys.co.uk/shop/gb/groceries/product/details/peas-beans-sweetcorn-asparagus/the-greengrocers-asparagus-tips-100g', "The Greengrocer's Asparagus Tips 100g", '£1.99', '£19.90 / kg')
('https://www.sainsburys.co.uk/shop/gb/groceries/product/details/peas-beans-sweetcorn-asparagus/the-greengrocers-sugarsnap-peas-100g', "The Greengrocer's Sugarsnap Peas 100g", '£1.39', '£13.90 / kg')
('https://www.sainsburys.co.uk/shop/gb/groceries/product/details/peas-beans-sweetcorn-asparagus/sainsburys-edamame-beans-200g', "Sainsbury's Edamame Beans 200g", '£1.50', '£7.50 / kg')
('https://www.sainsburys.co.uk/shop/gb/groceries/product/details/peas-beans-sweetcorn-asparagus/sainsburys-wye-valley-asparagus-spears-200g', "Sainsbury's Wye Valley Asparagus Spears 125g", '£2.50', '£12.50 / kg')
('https://www.sainsburys.co.uk/shop/gb/groceries/product/details/peas-beans-sweetcorn-asparagus/sainsburys-extra-fine-beans-200g', "Sainsbury's Extra Fine Beans 200g", '£1.60', '£8.00 / kg')
('https://www.sainsburys.co.uk/shop/gb/groceries/product/details/peas-beans-sweetcorn-asparagus/sainsburys-broad-beans-loose-', "Sainsbury's Broad Beans (loose)", '£4.00 / kg', '£4.00 / kg')
('https://www.sainsburys.co.uk/shop/gb/groceries/product/details/peas-beans-sweetcorn-asparagus/sainsburys-peas-loose-', "Sainsbury's Peas (loose)", '£4.00 / kg', '£4.00 / kg')
('https://www.sainsburys.co.uk/shop/gb/groceries/product/details/peas-beans-sweetcorn-asparagus/uk-asparagus-spears-250g', "Sainsbury's British Asparagus Spears 250g", '£1.75', '£7.00 / kg')
('https://www.sainsburys.co.uk/shop/gb/groceries/product/details/peas-beans-sweetcorn-asparagus/sainsburys-asparagus-spears-250g', "Sainsbury's Asparagus Spears 250g", '£1.50', '£6.00 / kg')
('https://www.sainsburys.co.uk/shop/gb/groceries/product/details/peas-beans-sweetcorn-asparagus/sainsburys-asparagus-bundle-300g', "Sainsbury's Asparagus Spears 300g", '£2.00', '£6.67 / kg')
('https://www.sainsburys.co.uk/shop/gb/groceries/product/details/peas-beans-sweetcorn-asparagus/sainsburys-shelled-peas-160g', "Sainsbury's Shelled Peas 160g", '£1.40', '£8.75 / kg')
('https://www.sainsburys.co.uk/shop/gb/groceries/product/details/peas-beans-sweetcorn-asparagus/sainsburys-fine-beans-350g', "Sainsbury's Fine Beans 350g", '£1.65', '£4.71 / kg')
('https://www.sainsburys.co.uk/shop/gb/groceries/product/details/all-gluten-free-food-and-drink/pieminister-gluten-free-ranger-chicken--leek--ham---thyme-pie-275g', 'Pieminister Gluten Free Ranger Chicken, Leek, Ham & Thyme Pie 275g', '£3.50', '£1.28 / 100g')
('https://www.sainsburys.co.uk/shop/gb/groceries/product/details/all-gluten-free-food-and-drink/sainsburys-ff-choc-bar-100g', "Sainsbury's Deliciously Free From Milk Choc Bar 100g", '£1.10', '£1.10 / 100g')
('https://www.sainsburys.co.uk/shop/gb/groceries/product/details/all-gluten-free-food-and-drink/tayto-hand-cooked-salt---vinegar-crisps-150g', 'Tayto Hand Cooked Causeway Sea Salt & Malt Vinegar Crisps 150g', '£1.75', '£1.17 / 100g')
('https://www.sainsburys.co.uk/shop/gb/groceries/product/details/all-gluten-free-food-and-drink/butterkist-popcorn--sweet-cinema-style-6x15g', 'Butterkist Popcorn, Sweet Cinema Style 6x12g', '£1.70', '£2.36 / 100g')
('https://www.sainsburys.co.uk/shop/gb/groceries/product/details/all-gluten-free-food-and-drink/sainsburys-freefrom-steak---gravy-pie-200g', "Sainsbury's Deliciously Free From Steak & Gravy Pie 200g (Serves 1)", '£2.00', '£1.00 / 100g')
('https://www.sainsburys.co.uk/shop/gb/groceries/product/details/all-gluten-free-food-and-drink/sainsburys-deliciously-freefrom-pepperoni-pizza-300g', "Sainsbury's Deliciously Free From Pepperoni Pizza 300g", '£2.75', '£9.17 / kg')
('https://www.sainsburys.co.uk/shop/gb/groceries/product/details/all-gluten-free-food-and-drink/kind-nuts---spices-caramel-almond---sea-salt-bar-40g', 'KIND Caramel Almond & Sea Salt Snack Bar 40g', '£1.30', '£3.25 / 100g')
('https://www.sainsburys.co.uk/shop/gb/groceries/product/details/all-gluten-free-food-and-drink/oxo-stock-pots-recuded-salt--beef-4x20g', 'Oxo Reduced Salt Beef with Onion & Rosemary Stock Pots x4 80g', '£1.00', '£1.25 / 100g')
('https://www.sainsburys.co.uk/shop/gb/groceries/product/details/all-gluten-free-food-and-drink/sainsburys-ff-hot-cross-buns-280g', "Sainsbury's Deliciously Free From Fruity Hot Cross Buns x4 280g", '£2.00', '71p / 100g')
('https://www.sainsburys.co.uk/shop/gb/groceries/product/details/all-gluten-free-food-and-drink/sainsburys-freefrom-white-loaf-535g', "Sainsbury's Deliciously Free From Gluten Free White Bread 535g", '£1.80', '34p / 100g')
('https://www.sainsburys.co.uk/shop/gb/groceries/product/details/all-gluten-free-food-and-drink/coconut-co-natural-yogurt-alternative--350g', 'The Coconut Collaborative Natural Yogurt Alternative 350g', '£2.50', '71p / 100g')
('https://www.sainsburys.co.uk/shop/gb/groceries/product/details/all-gluten-free-food-and-drink/alpro-go-on-passionfruit-yogurt-150g', 'Alpro Greek Style Passionfruit Yoghurt Alternative 150g', '£1.00', '67p / 100g')
('https://www.sainsburys.co.uk/shop/gb/groceries/product/details/all-gluten-free-food-and-drink/sainsburys-freefrom-plain-digestives-160g', "Sainsbury's Deliciously Free From Plain Digestives 160g", '£1.30', '81p / 100g')
('https://www.sainsburys.co.uk/shop/gb/groceries/product/details/all-gluten-free-food-and-drink/sainsburys-freefrom-oats-450g-7783244-p-44', "Sainsbury's Deliciously Free From Oats 450g", '£2.00', '44p / 100g')
('https://www.sainsburys.co.uk/shop/gb/groceries/product/details/all-gluten-free-food-and-drink/sainsburys-freefrom-express-pure-oats-216g', "Sainsbury's Deliciously Free From Express Pure Oats 8x27g", '£2.20', '£1.02 / 100g')
('https://www.sainsburys.co.uk/shop/gb/groceries/product/details/all-gluten-free-food-and-drink/kirstys-malaysian-butternut-squash-curry-400g', "Kirsty's Malaysian Butternut Squash Curry 400g (Serves 1)", '£3.00', '£7.50 / kg')
('https://www.sainsburys.co.uk/shop/gb/groceries/product/details/all-gluten-free-food-and-drink/prewetts-chocolate-biscuit-bars-x5', "Prewett's Chocolate Biscuit Bars x5", '£2.00', '£2.00 / 100g')
('https://www.sainsburys.co.uk/shop/gb/groceries/product/details/all-gluten-free-food-and-drink/kabuto-rice-noodles-vegetable-laksa-gluten-free--65g', 'Kabuto Rice Noodles Vegetable Laksa Gluten Free 65g', '£2.00', '£30.77 / kg')
('https://www.sainsburys.co.uk/shop/gb/groceries/product/details/all-gluten-free-food-and-drink/blue-dragon-reduced-sugar-thai-sweet-chilli-sauce-380g-7759308-p', 'Blue Dragon Reduced Sugar Thai Sweet Chilli Sauce 350g', '£2.00', '57p / 100g')
('https://www.sainsburys.co.uk/shop/gb/groceries/product/details/all-gluten-free-food-and-drink/great-food-pumpkin---chilli-bites-300g', 'Great Food Pumpkin & Chilli Bites 300g', '£2.90', '97p / 100g')
('https://www.sainsburys.co.uk/shop/gb/groceries/product/details/gluten-free-cereal/rxbar-coconut-chocolate-protein-bar-52g', 'RXBAR Coconut Chocolate Protein Bar 52g', '£2.50', '£4.81 / 100g')
('https://www.sainsburys.co.uk/shop/gb/groceries/product/details/gluten-free-cereal/rxbar-blueberry-protein-bar-52g', 'RXBAR Blueberry Protein Bar 52g', '£2.50', '£4.81 / 100g')
('https://www.sainsburys.co.uk/shop/gb/groceries/product/details/gluten-free-cereal/fuel10k-high-protein-banana-breakfast-drink-330ml', 'FUEL10K High Protein Breakfast Milk Drink Banana 330ml', '£1.50', '45p / 100ml')
('https://www.sainsburys.co.uk/shop/gb/groceries/product/details/gluten-free-cereal/freee-by-doves-farm-organic-chocolate-stars-300g', 'FREEE by Doves Farm Organic Chocolate Stars 300g', '£2.00', '67p / 100g')
('https://www.sainsburys.co.uk/shop/gb/groceries/product/details/gluten-free-cereal/sainsburys-deliciously-free-from-choco-rice-pops-300g', "Sainsbury's Deliciously Free From Choco Rice Pops 300g", '£1.80', '60p / 100g')
('https://www.sainsburys.co.uk/shop/gb/groceries/product/details/gluten-free-cereal/fuel10k-liquid-breakfast-protein-boosted-milk-drink--strawberry-330ml', 'FUEL10K High Protein Breakfast Milk Drink Strawberry 330ml', '£1.50', '45p / 100ml')
('https://www.sainsburys.co.uk/shop/gb/groceries/product/details/gluten-free-cereal/sainsburys-freefrom-fruity-muesli-450g', "Sainsbury's Deliciously Free From Fruity Muesli 450g", '£2.20', '49p / 100g')
('https://www.sainsburys.co.uk/shop/gb/groceries/product/details/gluten-free-cereal/nutribix-gluten-free-cereal-x24-375g', 'Nutri-Brex Gluten Free Cereal x24 375g', '£3.80', '£1.01 / 100g')
('https://www.sainsburys.co.uk/shop/gb/groceries/product/details/gluten-free-cereal/eat-natural-toasted-buckwheat-muesli-gluten-free-500g', 'Eat Natural For Breakfast Gluten Free Buckwheat Toasted Muesli 500g', '£2.00', '40p / 100g')
('https://www.sainsburys.co.uk/shop/gb/groceries/product/details/gluten-free-cereal/eat-natural-protein-bar-peanuts-and-chocolate-45g', 'Eat Natural Protein Bar Peanuts and Chocolate 45g', '60p', '£1.33 / 100g')
('https://www.sainsburys.co.uk/shop/gb/groceries/product/details/gluten-free-cereal/nestle-honey-cornflakes-gluten-free-cereal-500g', 'Nestle Go Free Gluten Free Honey Cornflakes Cereal 500g', '£2.40', '48p / 100g')
('https://www.sainsburys.co.uk/shop/gb/groceries/product/details/gluten-free-cereal/natures-path-mesa-sunrise-355g', "Nature's Path Gluten Free Mesa Sunrise 355g", '£3.00', '85p / 100g')
('https://www.sainsburys.co.uk/shop/gb/groceries/product/details/gluten-free-cereal/dorset-cereals-gluten-free-tasty-tropical-muesli-400g', 'Dorset Cereals Gluten Free Tasty Tropical Muesli 400g', '£3.50', '88p / 100g')
('https://www.sainsburys.co.uk/shop/gb/groceries/product/details/gluten-free-cereal/troo-granola-chocolate-orange-350g', 'Troo Granola Chocolate with Orange 350g', '£3.50', '£1.00 / 100g')
('https://www.sainsburys.co.uk/shop/gb/groceries/product/details/gluten-free-cereal/fuel10k-liquid-breakfast-high-protein-boosted-milk-drink--chocolate-330ml', 'FUEL10K High Protein Breakfast Milk Drink Chocolate 330ml', '£1.50', '45p / 100ml')
('https://www.sainsburys.co.uk/shop/gb/groceries/product/details/gluten-free-cereal/eat-natural-bar-dark-chocolate-with-cranberries-and-macadamias-45g', 'Eat Natural Fruit & Nut Bars Dark Chocolate with Cranberries & Macadamias 45g', '60p', '£1.33 / 100g')
('https://www.sainsburys.co.uk/shop/gb/groceries/product/details/gluten-free-cereal/nakd-salted-caramel-fruit---nut-nibbles-40g-7745561-p', 'Nakd Salted Caramel Fruit & Nut Nibbles 40g', '75p', '£1.88 / 100g')
('https://www.sainsburys.co.uk/shop/gb/groceries/product/details/gluten-free-cereal/natures-path-gluten-free-granola-mixed-berry-312g', "Nature's Path Gluten Free Granola Mixed Berry 312g", '£3.00', '96p / 100g')
('https://www.sainsburys.co.uk/shop/gb/groceries/product/details/easter-special-offers/tate---lyle-golden-syrup-454g', "Lyle's Golden Syrup 454g", '£1.40', '31p / 100g')
('https://www.sainsburys.co.uk/shop/gb/groceries/product/details/easter-special-offers/sainsburys-walnuts--pieces-200g', "Sainsbury's Walnuts, Pieces 200g", '£2.75', '£1.38 / 100g')
('https://www.sainsburys.co.uk/shop/gb/groceries/product/details/easter-special-offers/sainsburys-pecan-nuts-200g', "Sainsbury's Pecan Nuts 200g", '£3.30', '£1.65 / 100g')
('https://www.sainsburys.co.uk/shop/gb/groceries/product/details/easter-special-offers/buttermilk-zingy-orange-crisp-chocolate-egg-soldier-165g', 'Buttermilk Zingy Orange Crisp Choccy Egg 165g', '£6.00', '£2.68 / 100g')
('https://www.sainsburys.co.uk/shop/gb/groceries/product/details/easter-special-offers/nomo-vegan-free-from-caramel-sea-salt-egg-bar-148g-8044608-p-44', 'NOMO Vegan & Free From Fruit & Crunch Egg & Bar 207g', '£6.00', '£2.90 / 100g')
('https://www.sainsburys.co.uk/shop/gb/groceries/product/details/easter-special-offers/nomo-vegan-free-from-creamy-chocolate-egg-bar-148g', 'Nomo Vegan & Free From Creamy Chocolate Egg & Bar 148g', '£6.00', '£4.05 / 100g')
('https://www.sainsburys.co.uk/shop/gb/groceries/product/details/easter-special-offers/buttermilk-salted-caramel-crunch-chocolate-egg-soldier-165g', 'Buttermilk Salted Caramel Crunch Choccy Egg 165g', '£6.00', '£2.68 / 100g')
('https://www.sainsburys.co.uk/shop/gb/groceries/product/details/easter-special-offers/cadbury-dairy-milk-fruit-and-nut-chocolate-egg-302g', 'Cadbury Dairy Milk Fruit and Nut Chocolate Egg 302g', '£6.00', '£1.99 / 100g')
('https://www.sainsburys.co.uk/shop/gb/groceries/product/details/easter-special-offers/galaxy-caramel-chocolate-easter-mini-eggs-80g', 'Galaxy Caramel Chocolate Easter Mini Eggs 80g', '£1.00', '£1.25 / 100g')
('https://www.sainsburys.co.uk/shop/gb/groceries/product/details/easter-special-offers/soreen-banana-loaf-260g', 'Soreen Banana Loaf 260g', '£1.30', '50p / 100g')
('https://www.sainsburys.co.uk/shop/gb/groceries/product/details/easter-special-offers/sainsburys-indian-selection-354g', "Sainsbury's Indian Selection 354g", '£2.50', '£7.06 / kg')
('https://www.sainsburys.co.uk/shop/gb/groceries/product/details/easter-special-offers/sainsburys-vegan-gravy-taste-the-difference-350g', "Sainsbury's Vegan Gravy, Taste the Difference 350g", '£1.50', '43p / 100g')
('https://www.sainsburys.co.uk/shop/gb/groceries/product/details/easter-special-offers/sainsburys-blueberry-pancakes-taste-the-difference-x4-240g', "Sainsbury's Blueberry Pancakes, Taste the Difference x4 240g", '£1.25', '31p / ea')
('https://www.sainsburys.co.uk/shop/gb/groceries/product/details/easter-special-offers/sainsburys-dark-chocolate-selection-120g', "Sainsbury's Dark Chocolate Selection 120g", '£2.50', '£2.08 / 100g')
('https://www.sainsburys.co.uk/shop/gb/groceries/product/details/easter-special-offers/bisto-best-beef-gravy-250g', 'Bisto Best Beef Gravy 250g', '£2.90', '£1.16 / 100g')
('https://www.sainsburys.co.uk/shop/gb/groceries/product/details/easter-special-offers/kit-kat-milk-chocolate-filled-mini-eggs-pouch-81g', 'Kit Kat Milk Chocolate Filled Mini Eggs Pouch 81g', '£1.00', '£1.23 / 100g')
('https://www.sainsburys.co.uk/shop/gb/groceries/product/details/easter-special-offers/peppa-pig-gift-set-250g', 'Kinnerton Peppa Pig Easter Gift Set 45g', '£5.00', '£11.11 / 100g')
('https://www.sainsburys.co.uk/shop/gb/groceries/product/details/easter-special-offers/lindt-gold-bunny-egg-115g', 'Lindt Gold Bunny Easter Egg Milk Chocolate 115g', '£5.00', '£4.35 / 100g')
('https://www.sainsburys.co.uk/shop/gb/groceries/product/details/easter-special-offers/lindt-gold-bunny-egg-195g', 'Lindt Gold Bunny Milk Chocolate 195g', '£10.00', '£5.13 / 100g')
('https://www.sainsburys.co.uk/shop/gb/groceries/product/details/easter-special-offers/cadburys-bourneville-heritage-egg-155g', 'Cadbury Bournville Easter Egg with Chocolate Bar 155g', '20p', '13p / 100g')
('https://www.sainsburys.co.uk/shop/gb/groceries/product/details/easter-special-offers/lindt-gold-bunny-hazelnut-100g-7671919-p-44', 'Lindt Gold Bunny Hazelnut 100g', '30p', '30p / 100g')
('https://www.sainsburys.co.uk/shop/gb/groceries/product/details/easter-special-offers/sainsburys-home-easter-bunny-serving-platter', "Sainsbury's Home Easter Bunny Serving Platter", '£6.00', '£6.00 / ea')
('https://www.sainsburys.co.uk/shop/gb/groceries/product/details/easter-special-offers/sainsburys-deep-fill-fish-pie-500g', "Sainsbury's Classics Deep Filled Fish Pie 500g", '£3.30', '£6.60 / kg')
('https://www.sainsburys.co.uk/shop/gb/groceries/product/details/easter-special-offers/fentimans-light-raspberry-250ml', 'Fentimans Light Sparkling Raspberry 250ml', '£1.25', '50p / 100ml')
('https://www.sainsburys.co.uk/shop/gb/groceries/product/details/easter-special-offers/outdoor-reindeer-novelty', "Sainsbury's Outdoor Animal Novelty", '£7.00', '£7.00 / ea')
('https://www.sainsburys.co.uk/shop/gb/groceries/product/details/easter-special-offers/pizza-express-pollo-ad-astra-280g', 'Pizza Express Classic Pollo AD Astra chicken & Peppadew Pepper Pizza 280g', '£2.50', '£8.93 / kg')
('https://www.sainsburys.co.uk/shop/gb/groceries/product/details/easter-special-offers/leon-tamarind-brown-sauce-300g', 'LEON Brown Sauce 295g', '£2.50', '85p / 100g')
('https://www.sainsburys.co.uk/shop/gb/groceries/product/details/easter-special-offers/barefoot-pinot-grigio-75cl', 'Barefoot Pinot Grigio 75cl', '£6.75', '£6.75 / 75cl')
('https://www.sainsburys.co.uk/shop/gb/groceries/product/details/easter-special-offers/bergerac-grande-reserve-sauvignon-blanc-semillon-75cl', 'Bergerac Grande Reserve Sauvignon Blanc Semillon 75cl', '£6.00', '£6.00 / 75cl')
('https://www.sainsburys.co.uk/shop/gb/groceries/product/details/easter-special-offers/sainsburys-kitchen-foil-10m-x-300mm', "Sainsbury's Kitchen Foil 300mm x10m", '£1.25', '13p / mtr')
('https://www.sainsburys.co.uk/shop/gb/groceries/product/details/easter-special-offers/jack-daniels-tennessee-honey-70cl', "Jack Daniel's Tennessee Honey Whiskey 70cl", '£18.00', '£25.71 / ltr')
('https://www.sainsburys.co.uk/shop/gb/groceries/product/details/easter-special-offers/sainsburys-greek-pitted-kalamata-olives-335g', "Sainsbury's Greek Pitted Kalamata Olives 335g (180g*)", '£2.20', '£1.22 / 100g')
('https://www.sainsburys.co.uk/shop/gb/groceries/product/details/easter-special-offers/sainsburys-pitted-black-olives-350g', "Sainsbury's Pitted Black Olives 350g (160g*)", '75p', '47p / 100g')
('https://www.sainsburys.co.uk/shop/gb/groceries/product/details/easter-special-offers/oyster-bay-sauvignon-blanc-75cl', 'Oyster Bay Sauvignon Blanc 75cl', '£9.00', '£9.00 / 75cl')
('https://www.sainsburys.co.uk/shop/gb/groceries/product/details/easter-special-offers/glen-moray-malt-whisky-70cl', 'Glen Moray Malt Whisky 70cl', '£18.00', '£25.72 / ltr')
('https://www.sainsburys.co.uk/shop/gb/groceries/product/details/easter-special-offers/villa-maria-private-bin-sauvignon-blanc-75cl', 'Villa Maria Private Bin Sauvignon Blanc 75cl', '£10.00', '£10.00 / 75cl')
('https://www.sainsburys.co.uk/shop/gb/groceries/product/details/easter-special-offers/ambrosia-devon-custard--can-400g', 'Ambrosia Custard Can 400g', '75p', '19p / 100g')
('https://www.sainsburys.co.uk/shop/gb/groceries/product/details/easter-special-offers/betty-crocker-vanilla-butter-cream-icing-450g', 'Betty Crocker Vanilla Buttercream Style Icing 400g', '£2.00', '50p / 100g')
('https://www.sainsburys.co.uk/shop/gb/groceries/product/details/easter-special-offers/sainsburys-raspberry-trifle-600g', "Sainsbury's Raspberry Trifle Dessert 600g", '£2.00', '34p / 100g')
('https://www.sainsburys.co.uk/shop/gb/groceries/product/details/easter-special-offers/bonne-maman-strawberry-conserve-370g', 'Bonne Maman Strawberry Conserve 370g', '£2.60', '70p / 100g')
('https://www.sainsburys.co.uk/shop/gb/groceries/product/details/easter-special-offers/maille-dijon-mustard-215g', 'Maille Dijon Original Mustard 215g', '£1.70', '79p / 100g')
('https://www.sainsburys.co.uk/shop/gb/groceries/product/details/easter-special-offers/betty-crocker-fudge-brownie-mix-415g', 'Betty Crocker Chocolate Fudge Brownie Mix 415g', '£2.00', '£4.82 / kg')
('https://www.sainsburys.co.uk/shop/gb/groceries/product/details/new-355373-44/the-express-cleaner-131399470-p', 'The Express Cleaner', '£1.50', '£1.50 / ea')
('https://www.sainsburys.co.uk/shop/gb/groceries/product/details/new-355373-44/the-express-agile-one-mini-reach-roller-100mm-131399453-p', 'The Express Agile One Mini Reach Paint Roller 100mm', '£3.00', '£3.00 / ea')
('https://www.sainsburys.co.uk/shop/gb/groceries/product/details/new-355373-44/belkin-road-rockstar-4-port-passenger-car-charger-130202680-p', 'Belkin Road Rockstar 4-Port Passenger Car Charger', '£35.00', '£35.00 / ea')
('https://www.sainsburys.co.uk/shop/gb/groceries/product/details/new-355373-44/qi-travel-game-phase-2-', 'QI Travel Game (phase 2)', '£8.00', '£8.00 / ea')
('https://www.sainsburys.co.uk/shop/gb/groceries/product/details/new-355373-44/minions-3d-air-freshener-128015818-p', 'Minions 3D air freshener', '£3.50', '£3.50 / ea')
('https://www.sainsburys.co.uk/shop/gb/groceries/product/details/new-355373-44/cadbury-dairy-milk-giant-buttons-easter-egg-419g', 'Cadbury Dairy Milk Giant Buttons Easter Egg 419g', '£10.00', '£2.39 / 100g')
('https://www.sainsburys.co.uk/shop/gb/groceries/product/details/new-355373-44/cadbury-bournville-dark-orange-chocolate-bar-with-large-easter-egg-255g', 'Cadbury Bournville Dark Orange Chocolate Bar with Large Easter Egg 255g', '£6.00', '£2.67 / 100g')
('https://www.sainsburys.co.uk/shop/gb/groceries/product/details/new-355373-44/sainsburys-my-goodness!-chicken-tikka-roasted-sweet-potato-350g', "Sainsbury's My Goodness! Chicken Tikka & Roasted Sweet Potato 350g", '£3.00', '£8.57 / kg')
('https://www.sainsburys.co.uk/shop/gb/groceries/product/details/new-355373-44/cadbury-mixed-caramel-creme-egg-400g', 'Cadbury Mixed Caramel & Creme Egg 400g', '£4.00', '£1.00 / 100g')
('https://www.sainsburys.co.uk/shop/gb/groceries/product/details/new-355373-44/cadbury-mini-eggs-chocolate-bar-110g', 'Cadbury Mini Eggs Chocolate Bar 110g', '£1.00', '91p / 100g')
('https://www.sainsburys.co.uk/shop/gb/groceries/product/details/new-355373-44/sainsburys-my-goodness-jerk-style-jackfruit-with-sweet-potato-380g', "Sainsbury's My Goodness! Vegan Jerk Style Jackfruit with Sweet Potato 380g", '£3.00', '£7.89 / kg')
('https://www.sainsburys.co.uk/shop/gb/groceries/product/details/new-355373-44/sainsburys-pre-packed-whole-salmon-8043944-p-44', "Sainsbury's Pre Packed Whole Salmon", '£12.04', '70p / 100g')
('https://www.sainsburys.co.uk/shop/gb/groceries/product/details/new-355373-44/denzels-nut-butter-bites-peanut-cashews-turkey-100g', "Denzel's Nut Butter Bites Peanut, Cashews & Turkey 100g", '£2.00', '£20.00 / kg')
('https://www.sainsburys.co.uk/shop/gb/groceries/product/details/new-355373-44/good-boy-oh-so-natural-apple-with-tasty-chicken-85g', 'Good Boy Natural Apple with Tasty Chicken Dog Treats 85g', '£3.00', '£35.29 / kg')
('https://www.sainsburys.co.uk/shop/gb/groceries/product/details/new-355373-44/butchers-joints-coat-dog-food-trays-x4-150g', "Butcher's Joints & Coat Dog Food Trays x4 150g", '£2.15', '£3.58 / kg')
('https://www.sainsburys.co.uk/shop/gb/groceries/product/details/new-355373-44/webbox-lick-e-lix-jelly-with-chicken-sweet-potato-x5-50g', 'Webbox Lick-e-Lix Jelly with Chicken & Sweet Potato x5 50g', '£1.00', '£20.00 / kg')
('https://www.sainsburys.co.uk/shop/gb/groceries/product/details/new-355373-44/tinc-light-up-keyring-pink', 'Tinc Light Up Keyring Pink', '£3.00', '£3.00 / ea')
('https://www.sainsburys.co.uk/shop/gb/groceries/product/details/new-355373-44/sainsburys-antibacterial-original-hand-gel-50ml', "Sainsbury's Antibacterial Original Hand Gel 50ml", '90p', '£1.80 / 100ml')
('https://www.sainsburys.co.uk/shop/gb/groceries/product/details/new-355373-44/joules-melrose-shopping-bag', 'Joules Melrose Shopping Bag', '£9.00', '£9.00 / ea')
('https://www.sainsburys.co.uk/shop/gb/groceries/product/details/new-355373-44/heathcote-ivory-pinks-pear-blossom-bathing-flowers-85g', 'Heathcote & Ivory Pinks & Pear Blossom Bathing Flowers 85g', '£10.00', '£11.76 / 100g')
('https://www.sainsburys.co.uk/shop/gb/groceries/product/details/new-355373-44/sainsburys-roasting-vegetables-600g', "Sainsbury's Roasting Vegetables 600g", '£2.50', '£4.17 / kg')
('https://www.sainsburys.co.uk/shop/gb/groceries/product/details/new-355373-44/blooming-garden-refill-300ml', 'Blooming Garden Refill 300ml', '£14.00', '£14.00 / ea')
('https://www.sainsburys.co.uk/shop/gb/groceries/product/details/new-355373-44/elegant-rose-diffuser-150ml', 'Elegant Rose Diffuser 150ml', '£12.00', '£12.00 / ea')
('https://www.sainsburys.co.uk/shop/gb/groceries/product/details/new-355373-44/spontex-everyday-protect-gloves-medium', 'Spontex Everyday Protect Gloves Medium', '£2.00', '£2.00 / ea')
('https://www.sainsburys.co.uk/shop/gb/groceries/product/details/new-355373-44/vype-epod-vpro-very-berry-6mg', 'Vype Epod Vpro Very Berry 6mg', '£6.00', '£1.58 / ml')
('https://www.sainsburys.co.uk/shop/gb/groceries/product/details/new-355373-44/aquavape-fresh-menthol-3mg', 'Aqua Vape Menthol E-Liquid 3mg 10ml', '£3.25', '33p / ml')
('https://www.sainsburys.co.uk/shop/gb/groceries/product/details/new-355373-44/pilsner-00-500ml', 'Pilsner 0.0% 500ml', '£1.30', '£2.60 / ltr')
('https://www.sainsburys.co.uk/shop/gb/groceries/product/details/new-355373-44/sainsburys-prawn-cocktail-taste-the-difference-400g', "Sainsbury's Prawn Cocktail, Taste the Difference 400g", '£6.00', '£1.50 / 100g')
('https://www.sainsburys.co.uk/shop/gb/groceries/product/details/new-355373-44/habitat-elysia-tumbler', 'Habitat Elysia Tumbler', '£3.50', '£3.50 / ea')
('https://www.sainsburys.co.uk/shop/gb/groceries/product/details/new-355373-44/habitat-mix-it-up-tumbler-asst', 'Habitat Mix It Up Tumbler Asst', '£1.00', '£1.00 / ea')
('https://www.sainsburys.co.uk/shop/gb/groceries/product/details/new-355373-44/habitat-printed-tumbler', 'Habitat Printed Tumbler', '£1.00', '£1.00 / ea')
('https://www.sainsburys.co.uk/shop/gb/groceries/product/details/new-355373-44/sainsburys-prawn-salmon-terrine-taste-the-difference-134g', "Sainsbury's Prawn & Salmon Terrine, Taste the Difference 134g", '£4.00', '£2.99 / 100g')
('https://www.sainsburys.co.uk/shop/gb/groceries/product/details/new-355373-44/goatsbridge-drumshanbo-gunpowder-irish-gin-infused-smoked-trout-100g', 'Goatsbridge Drumshanbo Gunpowder Irish Gin Infused Smoked Trout 100g', '£4.95', '£4.95 / 100g')
('https://www.sainsburys.co.uk/shop/gb/groceries/product/details/new-355373-44/home-3d-rainbow-mug-with-biscuit-pocket', 'Home 3D Rainbow Mug With Biscuit Pocket', '£5.00', '£5.00 / ea')
('https://www.sainsburys.co.uk/shop/gb/groceries/product/details/new-355373-44/ceramic-planter', 'Ceramic Planter', '£5.00', '£5.00 / ea')
('https://www.sainsburys.co.uk/shop/gb/groceries/product/details/new-355373-44/sainsburys-home-another-eden-wood-long-serve-board', "Sainsbury's Home Another Eden Wood Long Serve Board", '£16.50', '£16.50 / ea')
('https://www.sainsburys.co.uk/shop/gb/groceries/product/details/new-355373-44/reed-diffuser', 'Reed Diffuser', '£8.00', '£8.00 / ea')
('https://www.sainsburys.co.uk/shop/gb/groceries/product/details/new-355373-44/peppa-pig-travel-sticker-tube', 'Peppa Pig Travel Sticker Tube', '£7.00', '£7.00 / ea')
('https://www.sainsburys.co.uk/shop/gb/groceries/product/details/new-355373-44/photo-frame', 'Photo Frame', '£8.00', '£8.00 / ea')
('https://www.sainsburys.co.uk/shop/gb/groceries/product/details/new-355373-44/book-mark-with-charm', 'Book Mark with Charm', '£3.00', '£3.00 / ea')
('https://www.sainsburys.co.uk/shop/gb/groceries/product/details/new-355373-44/mean-girls-notebook', 'Mean Girls Notebook', '£6.00', '£6.00 / ea')
('https://www.sainsburys.co.uk/shop/gb/groceries/product/details/new-355373-44/star-trinket-dish', 'Star Trinket Dish', '£3.00', '£3.00 / ea')
('https://www.sainsburys.co.uk/shop/gb/groceries/product/details/new-355373-44/best-mum-hanging-heart', 'Best Mum Hanging Heart', '£2.50', '£2.50 / ea')
('https://www.sainsburys.co.uk/shop/gb/groceries/product/details/new-355373-44/mummy-i-love-you-mug', 'Mummy I love You Mug', '£2.50', '£2.50 / ea')
('https://www.sainsburys.co.uk/shop/gb/groceries/product/details/new-355373-44/give-me-strength!-mug', 'Give Me Strength! Mug', '£3.50', '£3.50 / ea')
('https://www.sainsburys.co.uk/shop/gb/groceries/product/details/single-pots-and-corner-yogurt/yeo-valley-organic-natural-yogurt-with-nut-butter-corner-130g', 'Yeo Valley Organic Natural Yogurt with Nut Butter Corner 130g', '£1.50', '£1.15 / 100g')
('https://www.sainsburys.co.uk/shop/gb/groceries/product/details/single-pots-and-corner-yogurt/beleaf-berries-yoghurt-alt-120g', 'Beleaf Berries Almond Yogurt 120g', '75p', '62p / 100g')
('https://www.sainsburys.co.uk/shop/gb/groceries/product/details/single-pots-and-corner-yogurt/yåar-nordic-quark-bar-cloudberry-40g', 'Yaar Nordic Yogurt Bar Cloudberry Bar 40g', '75p', '£1.88 / 100g')
('https://www.sainsburys.co.uk/shop/gb/groceries/product/details/single-pots-and-corner-yogurt/light-free-skyr-icelandic-style-yogurt-strawberry-stride-150g', 'Light & Free Skyr Icelandic Style Yogurt Strawberry Stride 150g', '£1.00', '67p / 100g')
('https://www.sainsburys.co.uk/shop/gb/groceries/product/details/single-pots-and-corner-yogurt/arla-protein-blueberry-yogurt-200g', 'Arla Protein Blueberry 200g', '£1.15', '58p / 100g')
('https://www.sainsburys.co.uk/shop/gb/groceries/product/details/single-pots-and-corner-yogurt/arla-skyr-icelandic-style-yogurt--nordic-berries-150g', 'Arla Skyr Icelandic Style Yogurt, Nordic Berries 150g', '60p', '40p / 100g')
('https://www.sainsburys.co.uk/shop/gb/groceries/product/details/single-pots-and-corner-yogurt/sainsburys-mango---yuzu-yogurt--taste-the-difference-150g', "Sainsbury's West Country Mango & Yuzu Yogurt, Taste the Difference 150g", '70p', '47p / 100g')
('https://www.sainsburys.co.uk/shop/gb/groceries/product/details/single-pots-and-corner-yogurt/muller-corner-vanilla-yogurt-with-chocolate-digestive-biscuits-130g-7553428-p', 'Muller Corner Vanilla Yogurt with Chocolate Digestive Biscuits 130g', '35p', '27p / 100g')
('https://www.sainsburys.co.uk/shop/gb/groceries/product/details/single-pots-and-corner-yogurt/muller-light-vanilla---chocolate-165g', 'Müller Light Fat Free Vanilla Yogurt with Chocolate Sprinkles 160g', '50p', '31p / 100g')
('https://www.sainsburys.co.uk/shop/gb/groceries/product/details/single-pots-and-corner-yogurt/cadbury-twin-pot-limited-edition-90g', 'Cadbury Limited Edition Chocolate Dessert 85g', '47p', '55p / 100g')
('https://www.sainsburys.co.uk/shop/gb/groceries/product/details/single-pots-and-corner-yogurt/stapleton-gooseberry-yogurt-150g', 'Stapleton Gooseberry Yogurt 150g', '75p', '50p / 100g')
('https://www.sainsburys.co.uk/shop/gb/groceries/product/details/single-pots-and-corner-yogurt/spelga-low-fat-peach-yogurt-125g', 'Spelga Low Fat Peach Yogurt 125g', '50p', '40p / 100g')
('https://www.sainsburys.co.uk/shop/gb/groceries/product/details/single-pots-and-corner-yogurt/yeo-valley-organic-black-cherry-yogurt-with-nut-butter-corner-130g', 'Yeo Valley Organic Black Cherry Yogurt with Nut Butter Corner 130g', '£1.50', '£1.15 / 100g')
('https://www.sainsburys.co.uk/shop/gb/groceries/product/details/single-pots-and-corner-yogurt/clandeboye-raspberry-white-chocolate-greek-style-yogurt-150g', 'Clandeboye Raspberry & White Chocolate Greek Style Yogurt 150g', '90p', '60p / 100g')
('https://www.sainsburys.co.uk/shop/gb/groceries/product/details/single-pots-and-corner-yogurt/grahams-protein-22-blueberry-yogurt-190g', "Graham's Protein 22 Blueberry Yogurt 190g", '75p', '40p / 100g')
('https://www.sainsburys.co.uk/shop/gb/groceries/product/details/single-pots-and-corner-yogurt/grahams-protein-22-raspberry-yogurt-190g', "Graham's Protein 22 Raspberry Yogurt 190g", '75p', '40p / 100g')
('https://www.sainsburys.co.uk/shop/gb/groceries/product/details/single-pots-and-corner-yogurt/muller-corner-strawberry-yogurt-143g-7553454-p', 'Muller Corner Strawberry Yogurt 143g', '35p', '23p / 100g')
('https://www.sainsburys.co.uk/shop/gb/groceries/product/details/single-pots-and-corner-yogurt/muller-corner-banana-chocolate-flake-135g', 'Müller Corner Banana Yogurt with Chocolate Flakes 130g', '35p', '27p / 100g')
('https://www.sainsburys.co.uk/shop/gb/groceries/product/details/single-pots-and-corner-yogurt/mullerlight-banana---custard-175g', 'Müller Light Fat Free Smooth Banana & Custard Yogurt 160g', '50p', '31p / 100g')
('https://www.sainsburys.co.uk/shop/gb/groceries/product/details/single-pots-and-corner-yogurt/mullerlight-cherry-175g', 'Müller Light Fat Free Cherry Yogurt 160g', '50p', '31p / 100g')
('https://www.sainsburys.co.uk/shop/gb/groceries/product/details/single-pots-and-corner-yogurt/mullerlight-strawberry-175g', 'Müller Light Fat Free Strawberry Yogurt 160g', '50p', '31p / 100g')
('https://www.sainsburys.co.uk/shop/gb/groceries/product/details/single-pots-and-corner-yogurt/cadbury-twin-pot-flake-90g', 'Cadbury Flake Chocolate Dessert 85g', '47p', '52p / 100g')
('https://www.sainsburys.co.uk/shop/gb/groceries/product/details/single-pots-and-corner-yogurt/sainsburys-gooseberry-fool-113g', "Sainsbury's Fruit Fool Gooseberry 114g", '65p', '57p / 100g')
('https://www.sainsburys.co.uk/shop/gb/groceries/product/details/single-pots-and-corner-yogurt/muller-corner-skyr-raspberry-180g', 'Muller Skyr Corner Icelandic Style Raspberry & Hazelnut Granola Yogurt 180g', '£1.40', '78p / 100g')
('https://www.sainsburys.co.uk/shop/gb/groceries/product/details/single-pots-and-corner-yogurt/the-collective-brekkie-mango-135g', 'The Collective Brekkie Mango 135g', '£1.30', '96p / 100g')
('https://www.sainsburys.co.uk/shop/gb/groceries/product/details/single-pots-and-corner-yogurt/sainsburys-pineapple---coconut-yogurt--taste-the-difference-150g', "Sainsbury's Pineapple & Coconut Yogurt, Taste the Difference 150g", '70p', '47p / 100g')
('https://www.sainsburys.co.uk/shop/gb/groceries/product/details/single-pots-and-corner-yogurt/the-collective-scottish-raspberry-gourmet-live-yogurt-150g', 'The Collective Scottish Raspberry Gourmet Live Yogurt 150g', '75p', '50p / 100g')
('https://www.sainsburys.co.uk/shop/gb/groceries/product/details/single-pots-and-corner-yogurt/arla-protein-strawberry-yogurt-200g', 'Arla Protein Strawberry 200g', '£1.15', '58p / 100g')
('https://www.sainsburys.co.uk/shop/gb/groceries/product/details/single-pots-and-corner-yogurt/muller-corner-vanilla-yogurt-with-chocolate-balls-130g-7553391-p', 'Muller Corner Vanilla Yogurt with Chocolate Balls 130g', '35p', '27p / 100g')
('https://www.sainsburys.co.uk/shop/gb/groceries/product/details/single-pots-and-corner-yogurt/mullerlight-toffee-175g', 'Müller Light Fat Free Smooth Toffee Yogurt 160g', '50p', '31p / 100g')
('https://www.sainsburys.co.uk/shop/gb/groceries/product/details/single-pots-and-corner-yogurt/sainsburys-lemon-curd-west-country-yogurt--taste-the-difference-150g', "Sainsbury's West Country Lemon Curd Yogurt, Taste the Difference 150g", '70p', '47p / 100g')
('https://www.sainsburys.co.uk/shop/gb/groceries/product/details/single-pots-and-corner-yogurt/spelga-greek-style-strawberry-yogurt-150g', 'Spelga Greek Style Strawberry Yogurt 150g', '75p', '50p / 100g')
('https://www.sainsburys.co.uk/shop/gb/groceries/product/details/single-pots-and-corner-yogurt/rowan-glen-bio-low-fat-raspberry-yogurt-125g', 'Rowan Glen Low Fat Bio Raspberry Yogurt 125g', '45p', '36p / 100g')
('https://www.sainsburys.co.uk/shop/gb/groceries/product/details/single-pots-and-corner-yogurt/lindahls-kvarg-white-chocolate-150g', 'Lindahls Kvarg White Chocolate 150g', '95p', '63p / 100g')
('https://www.sainsburys.co.uk/shop/gb/groceries/product/details/single-pots-and-corner-yogurt/sainsburys-fabulously-fruity-rhubarb-fool-114g', "Sainsbury's Rhubarb Fool 114g", '65p', '57p / 100g')
('https://www.sainsburys.co.uk/shop/gb/groceries/product/details/fat-free-and-low-fat-yogurts/lindahls-kvarg-vanilla-150g', 'Lindahls Kvarg Vanilla 150g', '95p', '63p / 100g')
('https://www.sainsburys.co.uk/shop/gb/groceries/product/details/fat-free-and-low-fat-yogurts/light-free-skyr-icelandic-style-yogurt-strawberry-stride-150g', 'Light & Free Skyr Icelandic Style Yogurt Strawberry Stride 150g', '£1.00', '67p / 100g')
('https://www.sainsburys.co.uk/shop/gb/groceries/product/details/fat-free-and-low-fat-yogurts/alpro-plain-unsweetened-yogurt-500g', 'Alpro Plain No Sugars Yoghurt Alternative 500g', '£1.75', '35p / 100g')
('https://www.sainsburys.co.uk/shop/gb/groceries/product/details/fat-free-and-low-fat-yogurts/nutrii-mango-quark-180g', 'Nutrii Natural Quark with Mango & Passionfruit 180g', '£1.10', '61p / 100g')
('https://www.sainsburys.co.uk/shop/gb/groceries/product/details/first-shop-essentials/sainsburys-courgettes-loose', "Sainsbury's Courgettes Loose", '£2.00 / kg', '£2.00 / kg')
('https://www.sainsburys.co.uk/shop/gb/groceries/product/details/first-shop-essentials/sainsburys-british-bramley-cooking-apples-loose', "Sainsbury's British Bramley Cooking Apples Loose", '£1.76 / kg', '£1.76 / kg')
('https://www.sainsburys.co.uk/shop/gb/groceries/product/details/first-shop-essentials/sainsburys-pomodorino-tomatoes--taste-the-difference-250g', "Sainsbury's Pomodorino Tomatoes, Taste the Difference 250g", '£1.50', '£6.00 / kg')
('https://www.sainsburys.co.uk/shop/gb/groceries/product/details/first-shop-essentials/sainsburys-plum-punnet-400g', "Sainsbury's Plum Punnet 400g", '£1.00', '17p / ea')
('https://www.sainsburys.co.uk/shop/gb/groceries/product/details/first-shop-essentials/alpro-fresh-almond-unsweetened-1l', 'Alpro Almond No Sugars Chilled Drink 1L', '£1.00', '£1.00 / ltr')
('https://www.sainsburys.co.uk/shop/gb/groceries/product/details/first-shop-essentials/sainsburys-greek-feta-200g', "Sainsbury's Greek Feta Cheese 200g", '£1.35', '£6.75 / kg')
('https://www.sainsburys.co.uk/shop/gb/groceries/product/details/first-shop-essentials/sainsburys-italian-mozzarella-150g', "Sainsbury's Mozzarella Cheese 150g", '75p', '£5.00 / kg')
('https://www.sainsburys.co.uk/shop/gb/groceries/product/details/first-shop-essentials/weetabix-cereal-x24', 'Weetabix Cereal x24', '£2.80', '12p / bisc')
('https://www.sainsburys.co.uk/shop/gb/groceries/product/details/first-shop-essentials/sainsburys-lamb-leg-steaks-300g', "Sainsbury's Lamb Leg Steaks 300g", '£4.25', '£14.17 / kg')
('https://www.sainsburys.co.uk/shop/gb/groceries/product/details/first-shop-essentials/sainsburys-whole-chicken-19kg', "Sainsbury's British Fresh Large Whole Chicken 1.9kg", '£3.90', '£2.05 / kg')
('https://www.sainsburys.co.uk/shop/gb/groceries/product/details/first-shop-essentials/sainsburys-basics-facial-tissues-x180', 'House 247 Facial Tissues 1x180 Sheets', '75p', '42p / 100sht')
('https://www.sainsburys.co.uk/shop/gb/groceries/product/details/first-shop-essentials/sainsburys-celery-450g', "Sainsbury's Celery", '43p', '43p / ea')
('https://www.sainsburys.co.uk/shop/gb/groceries/product/details/first-shop-essentials/sainsburys-corned-beef-200g', "Sainsbury's Corned Beef 200g", '£2.50', '£1.25 / 100g')
('https://www.sainsburys.co.uk/shop/gb/groceries/product/details/first-shop-essentials/sainsburys-red-chillies-60g', "Sainsbury's Red Chillies 60g", '65p', '£1.08 / 100g')
('https://www.sainsburys.co.uk/shop/gb/groceries/product/details/first-shop-essentials/sainsburys-free-range-large-eggs-x12', "Sainsbury's Woodland Free Range Large Eggs x12", '£2.05', '17p / ea')
('https://www.sainsburys.co.uk/shop/gb/groceries/product/details/first-shop-essentials/sainsburys-aubergine', "Sainsbury's Aubergine", '60p', '60p / ea')
('https://www.sainsburys.co.uk/shop/gb/groceries/product/details/first-shop-essentials/sainsburys-maris-piper-potatoes-25kg-1308228-p-44', "Sainsbury's Maris Piper Potatoes 2.5kg", '£1.39', '56p / kg')
('https://www.sainsburys.co.uk/shop/gb/groceries/product/details/first-shop-essentials/sainsburys-butternut-squash-loose', "Sainsbury's Butternut Squash Loose", '£1.50 / kg', '£1.50 / kg')
('https://www.sainsburys.co.uk/shop/gb/groceries/product/details/first-shop-essentials/sainsburys-carrots-loose', "Sainsbury's Carrots Loose", '41p / kg', '41p / kg')
('https://www.sainsburys.co.uk/shop/gb/groceries/product/details/first-shop-essentials/sainsburys-romaine-lettuce-hearts--twin-pack-x2-340g', "Sainsbury's Romaine Lettuce Hearts, Twin Pack x2", '£1.00', '50p / ea')
('https://www.sainsburys.co.uk/shop/gb/groceries/product/details/first-shop-essentials/sainsburys-white-seedless-grapes-500g', "Sainsbury's White Seedless Grapes 500g", '£2.00', '£4.00 / kg')
('https://www.sainsburys.co.uk/shop/gb/groceries/product/details/first-shop-essentials/sainsburys-british-raspberries--150g', "Sainsbury's Raspberries 150g", '£2.00', '£13.33 / kg')
('https://www.sainsburys.co.uk/shop/gb/groceries/product/details/first-shop-essentials/sainsburys-plain-tortilla-wraps-x8', "Sainsbury's Plain Tortilla Wraps x8 512g", '90p', '11p / ea')
('https://www.sainsburys.co.uk/shop/gb/groceries/product/details/first-shop-essentials/sainsburys-tomato-puree--double-concentrate-200g', "Sainsbury's Tomato Puree, Double Concentrate 200g", '35p', '£1.75 / kg')
('https://www.sainsburys.co.uk/shop/gb/groceries/product/details/first-shop-essentials/sainsburys-tonic-water--diet-1l', "Sainsbury's Diet Indian Tonic Water 1L", '60p', '6p / 100ml')
('https://www.sainsburys.co.uk/shop/gb/groceries/product/details/first-shop-essentials/sainsburys-strong-white-bread-flour--unbleached-15kg', "Sainsbury's Strong White Unbleached Bread Flour 1.5kg", '£1.05', '70p / kg')
('https://www.sainsburys.co.uk/shop/gb/groceries/product/details/first-shop-essentials/sainsburys-plain-flour-15kg', "Sainsbury's Plain Flour 1.5kg", '45p', '30p / kg')
('https://www.sainsburys.co.uk/shop/gb/groceries/product/details/first-shop-essentials/heinz-baked-beans-4x415g', 'Heinz Baked Beans 4x415g', '£2.50', '£1.51 / kg')
('https://www.sainsburys.co.uk/shop/gb/groceries/product/details/first-shop-essentials/sainsburys-scottish-porridge-oats-1kg', "Sainsbury's Scottish Porridge Oats 1kg", '£1.10', '11p / 100g')
('https://www.sainsburys.co.uk/shop/gb/groceries/product/details/first-shop-essentials/sainsburys-pork-chops-x2-500g', "Sainsbury's Thick Cut British Pork Chops x2 500g", '£2.95', '£5.90 / kg')
('https://www.sainsburys.co.uk/shop/gb/groceries/product/details/first-shop-essentials/sainsburys-breaded-ham-240g', "Sainsbury's British Breaded Ham 240g, x14 Slices", '£2.25', '94p / 100g')
('https://www.sainsburys.co.uk/shop/gb/groceries/product/details/first-shop-essentials/sainsburys-air-dried-lean-ham-finely-sliced--taste-the-difference-120g', "Sainsbury's Air Dried Finely Sliced Lean Ham, Taste the Difference 120g", '£2.00', '£1.67 / 100g')
('https://www.sainsburys.co.uk/shop/gb/groceries/product/details/first-shop-essentials/sainsburys-bistro-salad-120g', "Sainsbury's Bistro Salad 120g", '£1.25', '£1.04 / 100g')
('https://www.sainsburys.co.uk/shop/gb/groceries/product/details/first-shop-essentials/sainsburys-young-leaf-spinach-100g', "Sainsbury's Baby Leaf Spinach 100g", '£1.00', '£10.00 / kg')
('https://www.sainsburys.co.uk/shop/gb/groceries/product/details/first-shop-essentials/sainsburys-cucumber-whole', "Sainsbury's Whole Cucumber", '43p', '43p / ea')
('https://www.sainsburys.co.uk/shop/gb/groceries/product/details/first-shop-essentials/sainsburys-royal-gala-apples-x6', "Sainsbury's Royal Gala Apples x6", '£1.20', '20p / ea')
('https://www.sainsburys.co.uk/shop/gb/groceries/product/details/first-shop-essentials/batchelors-supernoodles--chicken-100g', 'Batchelors Super Noodles Chicken Flavour 90g', '50p', '£5.56 / kg')
('https://www.sainsburys.co.uk/shop/gb/groceries/product/details/all-future-brands/phil-smith-be-gorgeous-cocolicious-coconut-intensive-mask-15ml', 'Phil Smith Be Gorgeous Cocolicious Coconut Intensive Mask 15ml', '£1.00', '£6.67 / 100ml')
('https://www.sainsburys.co.uk/shop/gb/groceries/product/details/all-future-brands/happy-naturals-revitalising-foot-butter-sea-minerals-ginger-root-100ml', 'Happy Naturals Revitalising Foot Butter Sea Minerals & Ginger Root 100ml', '£2.50', '£2.50 / 100ml')
('https://www.sainsburys.co.uk/shop/gb/groceries/product/details/all-future-brands/the-collection-original-handwash-500ml', 'The Collection Original Handwash 500ml', '£1.30', '26p / 100ml')
('https://www.sainsburys.co.uk/shop/gb/groceries/product/details/all-future-brands/the-collection-original-handwash-refill-500ml', 'The Collection Original Handwash Refill 500ml', '£1.00', '20p / 100ml')
('https://www.sainsburys.co.uk/shop/gb/groceries/product/details/all-future-brands/the-collection-raspberry-vanilla-bodywash-250ml', 'The Collection Raspberry Vanilla Bodywash 250ml', '85p', '34p / 100ml')
('https://www.sainsburys.co.uk/shop/gb/groceries/product/details/all-future-brands/boutique-mini-make-up-blending-sponges-x2', 'Boutique Mini Make-Up Blending Sponges x2', '£2.50', '£2.50 / ea')
('https://www.sainsburys.co.uk/shop/gb/groceries/product/details/prepared-sides-vegetables/sainsburys-broccoli-florets-160g', "Sainsbury's Broccoli Florets 160g", '90p', '£5.63 / kg')
('https://www.sainsburys.co.uk/shop/gb/groceries/product/details/prepared-sides-vegetables/sainsburys-ready-prepared-spring-greens-200g', "Sainsbury's Ready Prepared Spring Greens 200g", '£1.00', '£5.00 / kg')
('https://www.sainsburys.co.uk/shop/gb/groceries/product/details/prepared-sides-vegetables/sainsburys-ready-prepared-mini-carrots-240g', "Sainsbury's Ready Prepared Mini Carrots 240g", '80p', '£3.33 / kg')
('https://www.sainsburys.co.uk/shop/gb/groceries/product/details/prepared-sides-vegetables/sainsburys-ready-prepared-baby-potatoes-with-seasoned-butter-385g', "Sainsbury's Baby Potatoes with Herbs & Butter 385g", '£1.00', '£2.60 / kg')
('https://www.sainsburys.co.uk/shop/gb/groceries/product/details/just-cook-ready-meals/sainsburys-garlic-thyme-chicken-breasts-creamy-white-wine-sauce-taste-the-difference-x2-760g', "Sainsbury's Garlic & Thyme Chicken Breasts Creamy White Wine Sauce, Taste the Difference x2 760g", '£8.00', '£10.53 / kg')
('https://www.sainsburys.co.uk/shop/gb/groceries/product/details/just-cook-ready-meals/sainsburys-slow-cooked-british-mexican-style-boneless-chicken-thighs-with-vegetables-beans-610g', "Sainsbury's Slow Cooked Mexican Style British Chicken Thighs with Vegetables & Beans 610g (Serves 2)", '£4.50', '£7.38 / kg')
('https://www.sainsburys.co.uk/shop/gb/groceries/product/details/just-cook-ready-meals/sainsburys-just-cook-pork-belly-with-apple-sauce-470g', "Sainsbury's Slow Cooked British Pork Belly with Crackling Crumb & Apple Sauce 470g (Serves 2)", '£4.75', '£10.11 / kg')
('https://www.sainsburys.co.uk/shop/gb/groceries/product/details/just-cook-ready-meals/sainsburys-taste-the-difference-slow-cooked-british-outdoor-bred-pork-cutlets-595g', "Sainsbury's Slow Cooked British Pork Cutlets, Taste The Difference x2 595g (Serves 2)", '£6.00', '£10.08 / kg')
('https://www.sainsburys.co.uk/shop/gb/groceries/product/details/just-cook-ready-meals/sainsburys-just-cook-porchetta-taste-the-difference-835g', "Sainsbury's Slow Cooked British Porchetta Joint with Garlic, Lemon & Herb, Taste The Difference 835g (Serves 4)", '£8.75', '£10.48 / kg')
('https://www.sainsburys.co.uk/shop/gb/groceries/product/details/just-cook-ready-meals/sainsburys-slow-cooked-british-beef-stroganoff-with-a-rich-cream-brandy-sauce-530g-serves-2-', "Sainsbury's Slow Cooked British Beef Stroganoff With A Rich Cream & Brandy Sauce 530g (Serves 2)", '£5.25', '£9.91 / kg')
('https://www.sainsburys.co.uk/shop/gb/groceries/product/details/just-cook-ready-meals/sainsburys-slow-cooked-british-beef-casserole-with-rich-red-wine-gravy-mixed-vegetables-300g-serves-1-', "Sainsbury's Slow Cooked British Beef Casserole With Rich Red Wine Gravy & Mixed Vegetables 300g (Serves 1)", '£3.00', '£10.00 / kg')
('https://www.sainsburys.co.uk/shop/gb/groceries/product/details/just-cook-ready-meals/just-cook-gammon-steaks-pineapple-345g', "Sainsbury's Just Cook Gammon Steaks with Pineapple 345g (Serves 2)", '£3.00', '£8.70 / kg')
('https://www.sainsburys.co.uk/shop/gb/groceries/product/details/just-cook-ready-meals/sainsburys-just-cook-roast-butter-basted-turkey', "Sainsbury's Just Cook Turkey Breast Joint Butter Basted 500g (Serves 3)", '£3.75', '£7.50 / kg')
('https://www.sainsburys.co.uk/shop/gb/groceries/product/details/just-cook-ready-meals/sainsburys-just-cook-garlic-herb-stack-300g', "Sainsbury's Just Cook Garlic & Herb Stack 300g", '£3.75', '£9.87 / kg')
('https://www.sainsburys.co.uk/shop/gb/groceries/product/details/just-cook-ready-meals/sainsburys-just-cook-chicken-in-red-wine-620g', "Sainsbury's Just Cook Chicken In Red Wine 620g", '£5.00', '£8.06 / kg')
('https://www.sainsburys.co.uk/shop/gb/groceries/product/details/just-cook-ready-meals/sainsburys-slow-cook-duck-with-blackberry-sauce-440g', "Sainsbury's Slow Cook Duck with Blackberry Sauce 440g (Serves 2)", '£5.00', '£11.36 / kg')
('https://www.sainsburys.co.uk/shop/gb/groceries/product/details/just-cook-ready-meals/sainsburys-slow-cook-fire-cracker-pork-ribs-676g', "Sainsbury's Slow Cooked British Pork Ribs with Spicy Firecracker Glaze 676g (Serves 2)", '£4.75', '£7.03 / kg')
('https://www.sainsburys.co.uk/shop/gb/groceries/product/details/just-cook-ready-meals/sainsburys-just-cook-cheese-leek-fillets-372g', "Sainsbury's Just Cook Cheese & Leek Fillets 372g", '£3.50', '£9.41 / kg')
('https://www.sainsburys.co.uk/shop/gb/groceries/product/details/new-ready-meals/sainsburys-my-goodness!-american-bbq-style-chicken-with-rice-380g', "Sainsbury's My Goodness! American BBQ Style Chicken with Rice 380g", '£3.00', '£7.89 / kg')
('https://www.sainsburys.co.uk/shop/gb/groceries/product/details/new-ready-meals/plant-pioneers-no-prawn-toast-123g', 'Plant Pioneers No Prawn Toast x4 123g', '£2.25', '£18.29 / kg')
('https://www.sainsburys.co.uk/shop/gb/groceries/product/details/new-ready-meals/plant-pioneers-no-prawns-tempura-160g', 'Plant Pioneers No Prawns Tempura 160g', '£3.00', '£18.75 / kg')
('https://www.sainsburys.co.uk/shop/gb/groceries/product/details/new-ready-meals/sainsburys-my-goodness!-pulled-pork-apple-380g', "Sainsbury's My Goodness! Pulled Pork & Apple 380g", '£3.00', '£7.89 / kg')
('https://www.sainsburys.co.uk/shop/gb/groceries/product/details/new-ready-meals/sainsburys-my-goodness!-mexican-style-beef-chilli-380g', "Sainsbury's My Goodness! Mexican Style Beef Chilli 380g", '£3.00', '£7.89 / kg')
('https://www.sainsburys.co.uk/shop/gb/groceries/product/details/new-ready-meals/sainsburys-classic-beef---cauliflower-cheese-bake-400g', "Sainsbury's Classic Mince Beef & Cauliflower Pie 400g (Serves 1)", '£3.00', '£7.50 / kg')
('https://www.sainsburys.co.uk/shop/gb/groceries/product/details/new-ready-meals/sainsburys-my-goodness!-salmon-with-lemon-dill-sauce-380g', "Sainsbury's My Goodness! Salmon with Lemon & Dill Sauce 380g", '£3.50', '£9.21 / kg')
('https://www.sainsburys.co.uk/shop/gb/groceries/product/details/new-ready-meals/sainsburys-my-goodness!-char-siu-style-pork-with-mixed-grains-350g', "Sainsbury's My Goodness! Char Siu Style Pork with Mixed Grains 350g", '£3.00', '£8.57 / kg')
('https://www.sainsburys.co.uk/shop/gb/groceries/product/details/new-ready-meals/sainsburys-my-goodness!-chicken-tikka-roasted-sweet-potato-350g', "Sainsbury's My Goodness! Chicken Tikka & Roasted Sweet Potato 350g", '£3.00', '£8.57 / kg')
('https://www.sainsburys.co.uk/shop/gb/groceries/product/details/new-ready-meals/sainsburys-my-goodness-jerk-style-jackfruit-with-sweet-potato-380g', "Sainsbury's My Goodness! Vegan Jerk Style Jackfruit with Sweet Potato 380g", '£3.00', '£7.89 / kg')
('https://www.sainsburys.co.uk/shop/gb/groceries/product/details/new-ready-meals/sainsburys-roasting-vegetables-600g', "Sainsbury's Roasting Vegetables 600g", '£2.50', '£4.17 / kg')
('https://www.sainsburys.co.uk/shop/gb/groceries/product/details/new-ready-meals/plant-pioneers-spaghetti-bolognese-400g', 'Plant Pioneers Spaghetti Bolognese 400g', '£2.75', '£6.88 / kg')
('https://www.sainsburys.co.uk/shop/gb/groceries/product/details/new-ready-meals/sainsburys-my-goodness!-bbq-pulled-beef-roasted-sweet-potato-350g', "Sainsbury's My Goodness! BBQ Pulled Beef & Roasted Sweet Potato 350g", '£3.00', '£8.57 / kg')
('https://www.sainsburys.co.uk/shop/gb/groceries/product/details/new-ready-meals/sainsburys-my-goodness!-piri-piri-chicken-rice-380g', "Sainsbury's My Goodness! Piri Piri Chicken & Rice 380g", '£3.00', '£7.89 / kg')
('https://www.sainsburys.co.uk/shop/gb/groceries/product/details/new-ready-meals/sainsburys-slow-cooked-beef-steaks-in-a-black-sheep-ale-gravy-taste-the-difference-x2-790g', "Sainsbury's Slow Cooked Beef Steaks in a Black Sheep Ale Gravy, Taste the Difference x2 790g", '£10.00', '£12.50 / kg')
('https://www.sainsburys.co.uk/shop/gb/groceries/product/details/new-ready-meals/sainsburys-my-goodness!-hoisin-duck-noodles-380g', "Sainsbury's My Goodness! Hoisin Duck Noodles 380g", '£3.00', '£7.89 / kg')
('https://www.sainsburys.co.uk/shop/gb/groceries/product/details/new-ready-meals/sainsburys-my-goodness-teriyaki-style-chicken-noodles-380g', "Sainsbury's My Goodness! Teriyaki Style Chicken Noodles 380g", '£3.00', '£7.89 / kg')
('https://www.sainsburys.co.uk/shop/gb/groceries/product/details/200-calories-or-less/whitworths-raisin-and-chocolate-shots-4x25g', 'Whitworths Shots 4 Snack Pack Raisin & Chocolate 4x25g', '£1.50', '£1.50 / 100g')
('https://www.sainsburys.co.uk/shop/gb/groceries/product/details/200-calories-or-less/quavers-24pk', 'Walkers Quavers Cheese Snacks 24x16g', '£3.50', '91p / 100g')
('https://www.sainsburys.co.uk/shop/gb/groceries/product/details/200-calories-or-less/sainsburys-melon-kiwi-strawberry-220g', "Sainsbury's Melon, Kiwi & Strawberry 220g", '£2.00', '£9.09 / kg')
('https://www.sainsburys.co.uk/shop/gb/groceries/product/details/200-calories-or-less/walkers-squares-variety-crisps-6x22g', 'Walkers Squares Variety Multipack Snacks 6x22g', '£1.25', '95p / 100g')
('https://www.sainsburys.co.uk/shop/gb/groceries/product/details/200-calories-or-less/metcalfes-sea-salt-popcorn-6x11g', "Metcalfe's Sea Salt Charity Popcorn Multipack 6x11g", '£1.25', '£1.90 / 100g')
('https://www.sainsburys.co.uk/shop/gb/groceries/product/details/200-calories-or-less/kiddylicious-sour-cream---chive-lentil-crisps', 'Kiddylicious Sour Cream & Chive Lentil Straws', '70p', '6p / g')
('https://www.sainsburys.co.uk/shop/gb/groceries/product/details/200-calories-or-less/pom-bear-original-multipack-crisps-12x13g', 'Pom-Bear Original Multipack Crisps 12x13g', '£3.00', '£1.92 / 100g')
('https://www.sainsburys.co.uk/shop/gb/groceries/product/details/200-calories-or-less/whitworths-berry---white-chocolate-shot-25g', 'Whitworths Shots Single Berry & White Chocolate 25g', '50p', '£2.00 / 100g')
('https://www.sainsburys.co.uk/shop/gb/groceries/product/details/200-calories-or-less/metcalfes-sweet-n-salt-popcorn-6x17g', "Metcalfe's Sweet & Salt Popcorn Multipack 6x17g", '£1.25', '£1.22 / 100g')
('https://www.sainsburys.co.uk/shop/gb/groceries/product/details/200-calories-or-less/sainsburys-pink-lady-apple-single-c', "Sainsbury's Pink Lady Apple Single", '50p', '50p / ea')
('https://www.sainsburys.co.uk/shop/gb/groceries/product/details/200-calories-or-less/ryvita-black-pepper-crispbread-200g', 'Ryvita Crunchy Rye Bread Cracked Black Pepper 5x40g', '£1.60', '80p / 100g')
('https://www.sainsburys.co.uk/shop/gb/groceries/product/details/200-calories-or-less/snack-a-jacks-salt---vinegar-26g', 'Snack a Jacks Rice and Corn Cakes Salt & Vinegar 23g', '75p', '£3.26 / 100g')
('https://www.sainsburys.co.uk/shop/gb/groceries/product/details/200-calories-or-less/ryvita-crispbread--sesame-seed-250g', 'Ryvita Crunchy Rye Bread Sesame 6x40g', '£1.00', '40p / 100g')
('https://www.sainsburys.co.uk/shop/gb/groceries/product/details/200-calories-or-less/weight-watchers-caramel-wafers-92g', 'Weight Watchers Caramel Wafer Biscuits 80g', '£1.25', '£1.57 / 100g')
('https://www.sainsburys.co.uk/shop/gb/groceries/product/details/200-calories-or-less/mcvities-go-ahead-apple-bakes-x6-210g', 'Go Ahead! Fruit Bakes Apple Bars x6 210g', '£1.00', '48p / 100g')
('https://www.sainsburys.co.uk/shop/gb/groceries/product/details/200-calories-or-less/butterkist-popcorn-toffee-x6-30g', 'Butterkist Popcorn Toffee 6x20g', '£1.70', '£1.42 / 100g')
('https://www.sainsburys.co.uk/shop/gb/groceries/product/details/all-low-and-no-alcohol/leffe-blonde-0-0-6x250ml', 'Leffe Blonde 0,0% 6x250ml', '£4.50', '£3.00 / ltr')
('https://www.sainsburys.co.uk/shop/gb/groceries/product/details/all-low-and-no-alcohol/gordons-alcohol-free-70cl', "Gordon's Alcohol Free 70cl", '£14.50', '£20.71 / ltr')
('https://www.sainsburys.co.uk/shop/gb/groceries/product/details/all-low-and-no-alcohol/the-clean-liquor-co-cleangin-70cl', 'CleanCo Clean G 70cl', '£19.00', '£27.14 / ltr')
('https://www.sainsburys.co.uk/shop/gb/groceries/product/details/all-low-and-no-alcohol/brewdog-punk-af-alcohol-free-ipa-4x330ml-8001997-p-44', 'Brewdog Punk AF Alcohol Free IPA 4x330ml', '£4.00', '£3.03 / ltr')
('https://www.sainsburys.co.uk/shop/gb/groceries/product/details/all-low-and-no-alcohol/heineken-00-alcohol-free-beer-12x330ml', 'Heineken 0.0 Alcohol Free Beer 12x330ml', '£8.00', '£2.02 / ltr')
('https://www.sainsburys.co.uk/shop/gb/groceries/product/details/all-low-and-no-alcohol/atopia-spiced-citrus-ultra-low-alcohol-spirit-70cl-7976886-p-44', 'Atopia Spiced Citrus Ultra Low Alcohol Spirit 70cl', '£24.00', '£34.29 / ltr')
('https://www.sainsburys.co.uk/shop/gb/groceries/product/details/all-low-and-no-alcohol/birra-moretti-zero-alcohol-free-beer-3x330ml', 'Birra Moretti Zero Alcohol Free Beer 3x330ml', '£3.50', '£3.54 / ltr')
('https://www.sainsburys.co.uk/shop/gb/groceries/product/details/all-low-and-no-alcohol/old-mout-berries-cherries-alcohol-free-cider-500ml', 'Old Mout Berries & Cherries Alcohol Free Cider 500ml', '£1.25', '£2.50 / ltr')
('https://www.sainsburys.co.uk/shop/gb/groceries/product/details/all-low-and-no-alcohol/erdinger-low-alc-500ml', 'Erdinger Weissbrau Low Alcohol Lager Beer Bottle 500ml', '£1.25', '£2.50 / ltr')
('https://www.sainsburys.co.uk/shop/gb/groceries/product/details/all-low-and-no-alcohol/big-drop-brewing-co-galactic-milk-alcohol-free-stout-330ml', 'Big Drop Brewing Co. Galactic Milk Alcohol Free Stout 330ml', '£1.50', '£4.55 / ltr')
('https://www.sainsburys.co.uk/shop/gb/groceries/product/details/all-low-and-no-alcohol/mcguigan-zero-sauvignon-blanc-alcohol-free-wine-75cl', 'McGuigan Zero Sauvignon Blanc Alcohol Free Wine 75cl', '£5.00', '£5.00 / 75cl')
('https://www.sainsburys.co.uk/shop/gb/groceries/product/details/all-low-and-no-alcohol/nosecco-alcohol-free-sparkling-wine-75cl', 'Nosecco Alcohol Free Sparkling Wine 75cl', '£3.75', '£3.75 / 75cl')
('https://www.sainsburys.co.uk/shop/gb/groceries/product/details/all-low-and-no-alcohol/smashed-pale-ale-0-4x330ml', 'Smashed Pale Ale 0% 4x330ml', '£5.00', '£3.79 / ltr')
('https://www.sainsburys.co.uk/shop/gb/groceries/product/details/all-low-and-no-alcohol/tiny-rebel-clwb-tropica-na-4x330ml', 'Tiny Rebel Clwb Tropica Na 4x330ml', '£5.00', '£3.79 / ltr')
('https://www.sainsburys.co.uk/shop/gb/groceries/product/details/all-low-and-no-alcohol/kopparberg-strawberry-lime-alcohol-free-cider-500ml', 'Kopparberg Strawberry & Lime Alcohol Free Cider 500ml', '£1.30', '£2.60 / ltr')
('https://www.sainsburys.co.uk/shop/gb/groceries/product/details/all-low-and-no-alcohol/brewdog-nanny-state-4x330ml-7923566-p-44', 'Brewdog Nanny State Alcohol Free Hoppy Ale 4x330ml', '£4.00', '£3.03 / ltr')
('https://www.sainsburys.co.uk/shop/gb/groceries/product/details/all-low-and-no-alcohol/torres-natureo-de-alcoholised-rose-75cl', 'Torres Natureo De-Alcoholised Rose 75cl', '£6.00', '£6.00 / 75cl')
('https://www.sainsburys.co.uk/shop/gb/groceries/product/details/all-low-and-no-alcohol/torres-natureo-de-alcoholised-muscat-75cl', 'Torres Natureo De-Alcoholised Muscat 75cl', '£6.00', '£6.00 / 75cl')
('https://www.sainsburys.co.uk/shop/gb/groceries/product/details/all-low-and-no-alcohol/artis-merlot-de-alcoholised-wine-75cl', 'Artis De-Alcoholised Merlot 75cl', '£6.00', '£6.00 / 75cl')
('https://www.sainsburys.co.uk/shop/gb/groceries/product/details/all-low-and-no-alcohol/free-star-premium-alcohol-free-beer-330ml', 'Free Star Light & Refreshing IPA-Style Lager 330ml', '£2.00', '£6.06 / ltr')
('https://www.sainsburys.co.uk/shop/gb/groceries/product/details/all-low-and-no-alcohol/infinite-session-ipa-4x330ml', 'Infinite Session Indian Pale Ale 4x330ml', '£4.50', '£3.41 / ltr')
('https://www.sainsburys.co.uk/shop/gb/groceries/product/details/all-low-and-no-alcohol/old-speckled-hen-low-alcohol-beer-500ml', 'Old Speckled Hen Low Alcohol Beer 500ml', '£1.50', '£3.00 / ltr')
('https://www.sainsburys.co.uk/shop/gb/groceries/product/details/no-alcohol-drink/hoegaarden-00-4x330ml', 'Hoegaarden 0.0% 4x330ml', '£4.00', '£3.03 / ltr')
('https://www.sainsburys.co.uk/shop/gb/groceries/product/details/no-alcohol-drink/budweiser-zero-alcohol-free-lager-4x330ml', 'Budweiser Zero Alcohol Free Lager 4x330ml', '£3.00', '£2.27 / ltr')
('https://www.sainsburys.co.uk/shop/gb/groceries/product/details/no-alcohol-drink/eden-mill-love-gin-rose-lemonade-250ml', 'Eden. Mill Love Gin & Rose Lemonade 250ml', '£1.50', '£6.00 / ltr')
('https://www.sainsburys.co.uk/shop/gb/groceries/product/details/no-alcohol-drink/ceders-classic-non-alcoholic-spirit-50cl-7924890-p-44', "Ceder's Classic Non-Alcoholic Spirit 50cl", '£20.00', '£40.00 / ltr')
('https://www.sainsburys.co.uk/shop/gb/groceries/product/details/all-price-lock/nescafé-dolce-gusto-americano-smooth-morning-coffee-x16-pods-16-drinks', 'Nescafé Dolce Gusto Americano Smooth Morning Coffee x16 Pods, 16 Drinks', '£3.50', '£2.19 / 100g')
('https://www.sainsburys.co.uk/shop/gb/groceries/product/details/all-price-lock/sainsburys-chicken-thighs---drumsticks-540g', "Sainsbury's British Fresh Chicken Skin on Thighs & Drumsticks 540g", '£1.00', '£1.85 / kg')
('https://www.sainsburys.co.uk/shop/gb/groceries/product/details/all-price-lock/sainsburys-whole-chicken-16kg', "Sainsbury's British Fresh Medium Whole Chicken 1.6kg", '£3.30', '£2.06 / kg')
('https://www.sainsburys.co.uk/shop/gb/groceries/product/details/all-price-lock/ambrosia-light-rice-pudding-pot-150g', 'Ambrosia Light Rice Pudding Pot 150g', '50p', '33p / 100g')
('https://www.sainsburys.co.uk/shop/gb/groceries/product/details/all-price-lock/hartleys-no-added-sugar-raspberry-jelly-6x115g', "Hartley's No Added Sugar Raspberry Jelly Pot Multipack 6x115g", '£2.00', '29p / 100g')
('https://www.sainsburys.co.uk/shop/gb/groceries/product/details/all-price-lock/angel-delight-chocolate-dessert-pot-70g', 'Angel Delight Chocolate Dessert Pot 70g', '50p', '71p / 100g')
('https://www.sainsburys.co.uk/shop/gb/groceries/product/details/all-price-lock/ambrosia-chocolate-devon-custard-pot-150g', 'Ambrosia Chocolate Devon Custard Pot 150g', '50p', '33p / 100g')
('https://www.sainsburys.co.uk/shop/gb/groceries/product/details/all-price-lock/sainsburys-raspberry--pomegranate---white-tea-750ml', "Sainsbury's Raspberry, Pomegranate & White Tea 750ml", '£1.25', '17p / 100ml')
('https://www.sainsburys.co.uk/shop/gb/groceries/product/details/all-price-lock/imperial-leather-cherry-blossom-hand-wash-300ml', 'Imperial Leather Sensitive Botanical Garden 300ml', '90p', '30p / 100ml')
('https://www.sainsburys.co.uk/shop/gb/groceries/product/details/all-price-lock/imperial-leather-shea-butter-hand-wash-300ml', 'Imperial Leather Meadow Honey & Shea Butter Handwash 300ml', '90p', '30p / 100ml')
('https://www.sainsburys.co.uk/shop/gb/groceries/product/details/all-price-lock/sainsburys-beef-mince-5-fat-750g-7868321-p-44', "Sainsbury's Beef Mince 5% Fat 750g", '£3.60', '£4.80 / kg')
('https://www.sainsburys.co.uk/shop/gb/groceries/product/details/all-price-lock/sainsburys-caledonian-water-12x500ml', "Sainsbury's Caledonian Water 12x500ml", '£1.69', '3p / 100ml')
('https://www.sainsburys.co.uk/shop/gb/groceries/product/details/all-price-lock/hipp-organic-risotto-with-turkey---vegetables-10-months-220g', 'HiPP Organic Risotto with Turkey & Vegetables 10+ Months 220g', '£1.05', '48p / 100g')
('https://www.sainsburys.co.uk/shop/gb/groceries/product/details/all-price-lock/ghost-ship-4x440ml', 'Ghost Ship Pale Ale 4x440ml', '£4.75', '£2.70 / ltr')
('https://www.sainsburys.co.uk/shop/gb/groceries/product/details/all-price-lock/colmans-horseradish-sauce-136g', "Colman's Horseradish Sauce 136g", '£1.00', '74p / 100g')
('https://www.sainsburys.co.uk/shop/gb/groceries/product/details/all-price-lock/magners-orignal-irish-cider-4x500ml', 'Magners Orignal Irish Cider 4x500ml', '£4.25', '£2.13 / ltr')
('https://www.sainsburys.co.uk/shop/gb/groceries/product/details/all-price-lock/colgate-max-fresh-toothpaste-75ml', 'Colgate Max Clean Gentle Mineral Scrub Toothpaste 75ml', '£1.50', '£2.00 / 100ml')
('https://www.sainsburys.co.uk/shop/gb/groceries/product/details/all-price-lock/oc-kids-3-mild-mint-tpaste-75ml', 'OraCare+ Kids Mild Mint Fluoride Toothpaste 75ml', '£1.00', '£1.33 / 100ml')
('https://www.sainsburys.co.uk/shop/gb/groceries/product/details/all-price-lock/original-source-coconut---shea-butter-shower-gel-500ml', 'Original Source Coconut & Shea Butter Shower Gel 500ml', '£1.75', '35p / 100ml')
('https://www.sainsburys.co.uk/shop/gb/groceries/product/details/all-price-lock/sainsburys-dark-fruit-cider-4x440ml', "Sainsbury's Dark Fruit Cider 4x440ml", '£3.75', '£2.13 / ltr')
('https://www.sainsburys.co.uk/shop/gb/groceries/product/details/all-price-lock/sainsburys-tomato---hidden-veg-pasta-sauce-500g', "Sainsbury's Tomato & Hidden Veg Pasta Sauce 500g", '65p', '13p / 100g')
('https://www.sainsburys.co.uk/shop/gb/groceries/product/details/all-price-lock/sainsburys-raita-200g', "Sainsbury's Cooling Raita 190g", '£1.00', '53p / 100g')
('https://www.sainsburys.co.uk/shop/gb/groceries/product/details/all-price-lock/sainsburys-fairly-traded-gold-label-x80-tea-bags-250g', "Sainsbury's Fairly Traded Gold Label x80 Tea Bags 250g", '£1.70', '68p / 100g')
('https://www.sainsburys.co.uk/shop/gb/groceries/product/details/all-price-lock/angel-delight-dessert-pot--butterscotch-70g', 'Angel Delight Dessert Pot, Butterscotch 70g', '50p', '50p / 100g')
('https://www.sainsburys.co.uk/shop/gb/groceries/product/details/all-price-lock/hipp-org-banana-rice-breakfast-125g', 'HiPP Organic Banana Rice Breakfast 4+ Months 125g', '60p', '48p / 100g')
('https://www.sainsburys.co.uk/shop/gb/groceries/product/details/all-price-lock/sainsburys-milk-chocolate-rice-cakes-4x3575g', "Sainsbury's Milk Chocolate Rice Cakes 4x35.75g", '£1.30', '87p / 100g')
('https://www.sainsburys.co.uk/shop/gb/groceries/product/details/all-price-lock/domestos-bleach-750ml', 'Domestos Toilet Bleach Original 750ml', '£1.00', '£1.33 / ltr')
('https://www.sainsburys.co.uk/shop/gb/groceries/product/details/all-price-lock/bass-draught-bitter-4-x-500ml', 'Bass Draught Bitter 4x500ml', '£4.50', '£2.25 / ltr')
('https://www.sainsburys.co.uk/shop/gb/groceries/product/details/all-price-lock/nivea-skin-lotion--mild-care-for-normal-skin-250ml', 'Nivea Body Lotion, Light Moisturising & Cleansing 250ml', '£2.35', '94p / 100ml')
('https://www.sainsburys.co.uk/shop/gb/groceries/product/details/all-price-lock/greene-king-ipa-bitter-4x500ml', 'Greene King India Pale Ale (IPA) 4x500ml', '£4.25', '£2.13 / ltr')
('https://www.sainsburys.co.uk/shop/gb/groceries/product/details/all-price-lock/holsten-pils-lager-4x440ml', 'Holsten Pils Lager Beer Cans 4x440ml', '£4.05', '£2.30 / ltr')
('https://www.sainsburys.co.uk/shop/gb/groceries/product/details/all-price-lock/sainsburys-high-juice-blackcurrant-squash-1l', "Sainsbury's High Juice Blackcurrant Squash 1L", '£2.45', '25p / 100ml')
('https://www.sainsburys.co.uk/shop/gb/groceries/product/details/all-price-lock/sainsburys-cranberry---raspberry-juice-drink--no-added-sugar-1l', "Sainsbury's Cranberry & Raspberry Juice Drink, No Added Sugar 1L", '90p', '9p / 100ml')
('https://www.sainsburys.co.uk/shop/gb/groceries/product/details/all-price-lock/sainsburys-garlic-ciabatta-260g', "Sainsbury's Garlic Ciabatta 260g", '£1.60', '62p / 100g')
('https://www.sainsburys.co.uk/shop/gb/groceries/product/details/all-price-lock/douwe-egberts-coffee--decaffeinated-95g', 'Douwe Egberts Decaff Instant Coffee 95g', '£3.20', '£3.37 / 100g')
('https://www.sainsburys.co.uk/shop/gb/groceries/product/details/all-price-lock/sainsburys-house-pinot-grigio-blush-225l', "Sainsbury's House Pinot Grigio Blush 2.25L", '£13.00', '£4.33 / 75cl')
('https://www.sainsburys.co.uk/shop/gb/groceries/product/details/all-price-lock/sainsburys-fish-chunks-selection-jelly-12x100g', "Sainsbury's Complete Nutrition 1+ Adult Cat Food Fish Selection in Jelly 12x100g", '£2.25', '£1.88 / kg')
('https://www.sainsburys.co.uk/shop/gb/groceries/product/details/all-price-lock/sainsburys-infusions-peppermint-tea-bags-x20', "Sainsbury's Infusions Peppermint Tea Bags x20", '75p', '£1.88 / 100g')
('https://www.sainsburys.co.uk/shop/gb/groceries/product/details/all-price-lock/mini-oreo-vanilla-snack-packs-6x25g', 'Oreo Original Sandwich Biscuits Minis 6x25g', '£1.00', '67p / 100g')
('https://www.sainsburys.co.uk/shop/gb/groceries/product/details/all-price-lock/sainsburys-house-chardonnay-75cl', "Sainsbury's House Chardonnay 75cl", '£4.50', '£4.50 / 75cl')
('https://www.sainsburys.co.uk/shop/gb/groceries/product/details/all-price-lock/kenco-cafe-latte-158g', 'Kenco Latte Instant Coffee x8 Sachets', '£1.50', '95p / 100g')
('https://www.sainsburys.co.uk/shop/gb/groceries/product/details/all-price-lock/cellier-des-dauphins-merlot-grenache-75cl', 'Cellier Des Dauphins Merlot Grenache 75cl', '£5.75', '£5.75 / 75cl')
('https://www.sainsburys.co.uk/shop/gb/groceries/product/details/easter-special-offers/yorkshire-everyday-tea-bags-x240', 'Yorkshire Tea Tea Bags x240', '£5.00', '67p / 100g')
('https://www.sainsburys.co.uk/shop/gb/groceries/product/details/easter-special-offers/sainsburys-raisin--nut---honey-granola-1kg', "Sainsbury's Granola, Raisin, Nut & Honey 1kg", '£2.10', '21p / 100g')
('https://www.sainsburys.co.uk/shop/gb/groceries/product/details/easter-special-offers/terrys-orange-chocolate-mini-eggs-260g', "Terry's Orange Chocolate & Mini Eggs 260g", '£3.00', '£1.15 / 100g')
('https://www.sainsburys.co.uk/shop/gb/groceries/product/details/easter-special-offers/reeses-peanut-butter-creme-mini-eggs-70g', "Reese's Peanut Butter Creme Mini Eggs 70g", '£1.00', '£1.43 / 100g')
('https://www.sainsburys.co.uk/shop/gb/groceries/product/details/easter-special-offers/lindt-gold-bunny-white-chocolate-easter-egg-115g', 'Lindt Gold Bunny White Chocolate Easter Egg 115g', '£5.00', '£4.35 / 100g')
('https://www.sainsburys.co.uk/shop/gb/groceries/product/details/easter-special-offers/m-ms-crispy-chocolate-large-easter-egg-250g', "M&M's Crispy Chocolate Large Easter Egg 250g", '£3.00', '£1.20 / 100g')
('https://www.sainsburys.co.uk/shop/gb/groceries/product/details/easter-special-offers/aero-peppermint-mini-eggs-giant-egg-270g', 'Aero Peppermint Mini Eggs Giant Egg 270g', '£5.00', '£1.85 / 100g')
('https://www.sainsburys.co.uk/shop/gb/groceries/product/details/easter-special-offers/aero-bubbles-milk-chocolate-medium-easter-egg-121g', 'Aero Bubbles Milk Chocolate Medium Easter Egg 121g', '£1.25', '£1.03 / 100g')
('https://www.sainsburys.co.uk/shop/gb/groceries/product/details/easter-special-offers/cadbury-dairy-milk-giant-buttons-easter-egg-419g', 'Cadbury Dairy Milk Giant Buttons Easter Egg 419g', '£10.00', '£2.39 / 100g')
('https://www.sainsburys.co.uk/shop/gb/groceries/product/details/easter-special-offers/cadbury-bournville-dark-orange-chocolate-bar-with-large-easter-egg-255g', 'Cadbury Bournville Dark Orange Chocolate Bar with Large Easter Egg 255g', '£6.00', '£2.67 / 100g')
('https://www.sainsburys.co.uk/shop/gb/groceries/product/details/easter-special-offers/cadbury-mixed-caramel-creme-egg-400g', 'Cadbury Mixed Caramel & Creme Egg 400g', '£4.00', '£1.00 / 100g')
('https://www.sainsburys.co.uk/shop/gb/groceries/product/details/easter-special-offers/cadbury-mini-eggs-chocolate-bar-110g', 'Cadbury Mini Eggs Chocolate Bar 110g', '£1.00', '91p / 100g')
('https://www.sainsburys.co.uk/shop/gb/groceries/product/details/easter-special-offers/sainsburys-smoked-large-gammon-joint-23kg', "Sainsbury's Smoked Large Gammon Joint 2.3kg", '£10.00', '£4.35 / kg')
('https://www.sainsburys.co.uk/shop/gb/groceries/product/details/easter-special-offers/sainsburys-no-duck-spring-rolls-180g', "Sainsbury's Vegan No Duck Spring Rolls x10 180g", '£1.80', '£10.00 / kg')
('https://www.sainsburys.co.uk/shop/gb/groceries/product/details/easter-special-offers/sainsburys-chocolate-salted-caramel-pancake-taste-the-difference-x4-280g', "Sainsbury's Chocolate & Salted Caramel Pancake, Taste the Difference x4 280g", '£1.25', '31p / ea')
('https://www.sainsburys.co.uk/shop/gb/groceries/product/details/easter-special-offers/youre-a-good-egg-message-bottle-350g', "You're a Good Egg Mini Fried Egg Gummies 350g", '£4.00', '£1.14 / 100g')
('https://www.sainsburys.co.uk/shop/gb/groceries/product/details/easter-special-offers/sainsburys-campanula-watering-can-plant', "Sainsbury's Campanula Watering Can Plant", '£7.00', '£7.00 / ea')
('https://www.sainsburys.co.uk/shop/gb/groceries/product/details/easter-special-offers/cockeral-sheep-and-lamb-easter-card', 'Cockeral, Sheep and Lamb Easter Card', '£2.00', '£2.00 / ea')
('https://www.sainsburys.co.uk/shop/gb/groceries/product/details/easter-special-offers/bendicks-bittermints-200g', 'Bendicks Bittermints 200g', '£4.00', '£2.00 / 100g')
('https://www.sainsburys.co.uk/shop/gb/groceries/product/details/easter-special-offers/terrys-plain-chocolate-orange-175g', "Terry's Chocolate Orange Dark Ball 157g", '£1.95', '£1.24 / 100g')
('https://www.sainsburys.co.uk/shop/gb/groceries/product/details/easter-special-offers/sainsburys-custard-500g', "Sainsbury's Fresh Custard 500g", '£1.60', '32p / 100g')
('https://www.sainsburys.co.uk/shop/gb/groceries/product/details/easter-special-offers/sainsburys-verdicchio-dei-castelli-di-jesi--taste-the-difference-75cl', "Sainsbury's Verdicchio Dei Castelli Di Jesi, Taste the Difference 75cl", '£6.00', '£6.00 / 75cl')
('https://www.sainsburys.co.uk/shop/gb/groceries/product/details/easter-special-offers/sainsburys-morador-malbec--taste-the-difference-75cl', "Sainsbury's Morador Malbec, Taste the Difference 75cl", '£8.50', '£8.50 / 75cl')
('https://www.sainsburys.co.uk/shop/gb/groceries/product/details/easter-special-offers/bottlegreen-pomegranate---elderflower-presse--sparkling-75cl', 'Bottlegreen Pomegranate & Elderflower Light Sparkling Presse Drink 750ml', '£2.50', '33p / 100ml')
('https://www.sainsburys.co.uk/shop/gb/groceries/product/details/easter-special-offers/the-kraken-black-spiced-rum-70cl', 'The Kraken Black Spiced Rum 70cl', '£21.00', '£30.00 / ltr')
('https://www.sainsburys.co.uk/shop/gb/groceries/product/details/easter-special-offers/sainsburys-sun-dried-tomato-antipasto-oil-280g', "Sainsbury's Sun Dried Tomato Antipasto Oil 280g (150g*)", '£1.75', '£1.17 / 100g')
('https://www.sainsburys.co.uk/shop/gb/groceries/product/details/easter-special-offers/sainsburys-alcohol-free-sparkling-wine-75cl', "Sainsbury's Alcohol Free Sparkling Wine 75cl", '£2.75', '£2.75 / 75cl')
('https://www.sainsburys.co.uk/shop/gb/groceries/product/details/easter-special-offers/bushmills-original-irish-whiskey-1l', 'Bushmills Original Irish Malt Whiskey 1L', '£24.00', '£24.00 / ltr')
('https://www.sainsburys.co.uk/shop/gb/groceries/product/details/easter-special-offers/sainsburys-crumble-mix-225g', "Sainsbury's Crumble Mix 225g", '55p', '£2.44 / kg')
('https://www.sainsburys.co.uk/shop/gb/groceries/product/details/easter-special-offers/sainsburys-belgian-dark-chips--taste-the-difference-150g', "Sainsbury's Belgian Dark Chips, Taste The Difference 150g", '£2.00', '£1.33 / 100g')
('https://www.sainsburys.co.uk/shop/gb/groceries/product/details/easter-special-offers/sainsburys-strawberry-trifle-600g', "Sainsbury's Strawberry Trifle Dessert 600g", '£2.50', '42p / 100g')
('https://www.sainsburys.co.uk/shop/gb/groceries/product/details/easter-special-offers/sainsburys-raisins--taste-the-difference-500g', "Sainsbury's Raisins, Taste the Difference 500g", '£2.50', '£5.00 / kg')
('https://www.sainsburys.co.uk/shop/gb/groceries/product/details/easter-special-offers/cocoa-co-belgian-white-chocolate-bunny-405g', 'Cocoa & Co. Belgian White Chocolate Bunny 405g', '£8.00', '£1.98 / 100g')
('https://www.sainsburys.co.uk/shop/gb/groceries/product/details/easter-special-offers/sainsburys-topside-joint-wrapped-in-bacon-taste-the-difference-165kg-7989003-p-44', "Sainsbury's Topside Joint Wrapped In Bacon, Taste the Difference 1.65kg", '£25.00', '£15.15 / kg')
('https://www.sainsburys.co.uk/shop/gb/groceries/product/details/easter-special-offers/sainsburys-hot-cross-buns-x6-7730659-p-44', "Sainsbury's Hot Cross Buns x6", '75p', '12p / ea')
('https://www.sainsburys.co.uk/shop/gb/groceries/product/details/easter-special-offers/nomo-vegan-free-from-caramel-sea-salt-egg-bar-148g', 'Nomo Vegan & Free From Caramel & Sea Salt Egg & Bar 148g', '£6.00', '£4.05 / 100g')
('https://www.sainsburys.co.uk/shop/gb/groceries/product/details/easter-special-offers/m-ms-chocolate-moulded-easter-eggs-200g', "M&M's Chocolate Moulded Easter Eggs 200g", '£3.50', '£1.75 / 100g')
('https://www.sainsburys.co.uk/shop/gb/groceries/product/details/easter-special-offers/terrys-chocolate-orange-mini-eggs-80g', "Terry's Chocolate Orange Mini Eggs 80g", '75p', '94p / 100g')
('https://www.sainsburys.co.uk/shop/gb/groceries/product/details/easter-special-offers/kitkat-chunky-cookie-dough-milk-chocolate-incredible-egg-516g', 'KitKat Chunky Cookie Dough Milk Chocolate Incredible Egg 516g', '£10.00', '£1.94 / 100g')
('https://www.sainsburys.co.uk/shop/gb/groceries/product/details/easter-special-offers/aero-milk-chocolate-mini-eggs-pouch-70g', 'Aero Milk Chocolate Mini Eggs Pouch 70g', '£1.00', '£1.43 / 100g')
('https://www.sainsburys.co.uk/shop/gb/groceries/product/details/new-355373-44/hug-for-nan-mug', 'Hug for Nan Mug', '£4.50', '£4.50 / ea')
('https://www.sainsburys.co.uk/shop/gb/groceries/product/details/new-355373-44/habitat-glazed-dinner-plate', 'Habitat Glazed Dinner Plate', '£4.25', '£4.25 / ea')
('https://www.sainsburys.co.uk/shop/gb/groceries/product/details/new-355373-44/habitat-glazed-dinnerset-12pc', 'Habitat Glazed Dinnerset 12pc', '£44.00', '£44.00 / ea')
('https://www.sainsburys.co.uk/shop/gb/groceries/product/details/new-355373-44/gosh!-moroccan-spiced-veg-bites-56g', 'Gosh! Moroccan Spiced Veg Bites 56g', '£1.00', '£17.86 / kg')
('https://www.sainsburys.co.uk/shop/gb/groceries/product/details/new-355373-44/mojo-skin-anti-ageing-premium-moisturiser-75ml', 'Mojo Skin Anti-Ageing Premium Moisturiser 75ml', '£10.00', '£13.33 / 100ml')
('https://www.sainsburys.co.uk/shop/gb/groceries/product/details/new-355373-44/sainsburys-home-yellow-stripe-paper-straws-20pk', "Sainsbury's Home Yellow Stripe Paper Straws - 20pk", '£2.00', '£2.00 / ea')
('https://www.sainsburys.co.uk/shop/gb/groceries/product/details/new-355373-44/habitat-stacking-tumblers-carafe-set', 'Habitat Stacking Tumblers & Carafe Set', '£18.00', '£18.00 / ea')
('https://www.sainsburys.co.uk/shop/gb/groceries/product/details/new-355373-44/peony-blush-pot-pourri', 'Peony Blush Pot Pourri', '£5.00', '£5.00 / ea')
('https://www.sainsburys.co.uk/shop/gb/groceries/product/details/new-355373-44/habitat-mid-century-house-pasta-bowl', 'Habitat Mid Century House Pasta Bowl', '£2.50', '£2.50 / ea')
('https://www.sainsburys.co.uk/shop/gb/groceries/product/details/new-355373-44/champagne-glass-134406364-p', 'Champagne Glass', '£6.00', '£6.00 / ea')
('https://www.sainsburys.co.uk/shop/gb/groceries/product/details/new-355373-44/sainsburys-home-oriental-mini-cone-grater-134405548-p', "Sainsbury's Home Oriental Mini Cone Grater", '£5.00', '£5.00 / ea')
('https://www.sainsburys.co.uk/shop/gb/groceries/product/details/new-355373-44/sainsburys-home-global-monochrome-printed-hi-ball-glass-x4-134361311-p', "Sainsbury's Home Global Monochrome Printed Hi Ball Glass x4", '£6.00', '£6.00 / ea')
('https://www.sainsburys.co.uk/shop/gb/groceries/product/details/new-355373-44/sainsburys-home-small-check-terry-tea-towels-charcoal-x5-134357742-p', "Sainsbury's Home Small Check Terry Tea Towels Charcoal x5", '£5.00', '£5.00 / ea')
('https://www.sainsburys.co.uk/shop/gb/groceries/product/details/new-355373-44/confetti-balloons-134359174-p', 'Confetti Balloons', '£3.00', '£3.00 / ea')
('https://www.sainsburys.co.uk/shop/gb/groceries/product/details/new-355373-44/whats-yours-is-mine-wallet-134358104-p', "What's Yours is Mine Wallet", '£8.00', '£8.00 / ea')
('https://www.sainsburys.co.uk/shop/gb/groceries/product/details/new-355373-44/chad-valley--freddie-the-fish--134012306-p', 'Chad Valley Freddie the Fish', '£8.00', '£8.00 / ea')
('https://www.sainsburys.co.uk/shop/gb/groceries/product/details/new-355373-44/st-marys-banana-chips-30g', 'St Marys Banana Chips 30g', '60p', '£2.00 / 100g')
('https://www.sainsburys.co.uk/shop/gb/groceries/product/details/new-355373-44/sainsburys-home-minerals-wellness-planner-134031751-p', "Sainsbury's Home Minerals Wellness Planner", '£5.00', '£5.00 / ea')
('https://www.sainsburys.co.uk/shop/gb/groceries/product/details/new-355373-44/harry-potter-monster-notebook-134159738-p', 'Harry Potter Monster Notebook', '£15.00', '£15.00 / ea')
('https://www.sainsburys.co.uk/shop/gb/groceries/product/details/new-355373-44/disney-mickey-mouse-pen-pot-134144991-p', 'Disney Mickey Mouse Pen Pot', '£6.00', '£6.00 / ea')
('https://www.sainsburys.co.uk/shop/gb/groceries/product/details/new-355373-44/350ml-stainless-steel-vacuum-flask-pet-', '350ml Stainless Steel Vacuum Flask (pet)', '£5.00', '£5.00 / ea')
('https://www.sainsburys.co.uk/shop/gb/groceries/product/details/new-355373-44/sainsburys-home-christmas-spice-pot-pourri-134034530-p', "Sainsbury's Home Christmas Spice Pot Pourri", '£7.00', '£7.00 / ea')
('https://www.sainsburys.co.uk/shop/gb/groceries/product/details/new-355373-44/joseph-joseph-duo-lockable-tongs-134083286-p', 'Joseph Joseph Duo Lockable Tongs', '£8.00', '£8.00 / ea')
('https://www.sainsburys.co.uk/shop/gb/groceries/product/details/new-355373-44/sainsburys-home-iridescent-tree-table-decorations-x3-134057811-p', "Sainsbury's Home Iridescent Tree Table Decorations x3", '£3.00', '£3.00 / ea')
('https://www.sainsburys.co.uk/shop/gb/groceries/product/details/new-355373-44/sainsburys-home-silver-snack-tray-x2-134036367-p', "Sainsbury's Home Silver Snack Tray x2", '£3.00', '£3.00 / ea')
('https://www.sainsburys.co.uk/shop/gb/groceries/product/details/new-355373-44/sainsburys-home-black-a5-day-to-page-diary-2019-134034038-p', "Sainsbury's Home Black A5 Day to Page Diary 2019", '£7.00', '£7.00 / ea')
('https://www.sainsburys.co.uk/shop/gb/groceries/product/details/new-355373-44/sainsburys-home-black-pocket-diary-2019-134033692-p', "Sainsbury's Home Black Pocket Diary 2019", '£3.00', '£3.00 / ea')
('https://www.sainsburys.co.uk/shop/gb/groceries/product/details/new-355373-44/sainsburys-home-red-pocket-diary-2019-134033625-p', "Sainsbury's Home Red Pocket Diary 2019", '£3.00', '£3.00 / ea')
('https://www.sainsburys.co.uk/shop/gb/groceries/product/details/new-355373-44/harry-potter-letter-writing-set--134021106-p', 'Harry Potter Letter Writing Set', '£4.00', '£4.00 / ea')
('https://www.sainsburys.co.uk/shop/gb/groceries/product/details/new-355373-44/sainsburys-home-plum-tartan-tablecover-120x180cm-134018661-p', "Sainsbury's Home Plum Tartan Tablecover 120x180cm", '£3.50', '£3.50 / ea')
('https://www.sainsburys.co.uk/shop/gb/groceries/product/details/new-355373-44/sainsburys-home-plum-tartan-napkins-x20-134015267-p', "Sainsbury's Home Plum Tartan Napkins x20", '£2.00', '£2.00 / ea')
('https://www.sainsburys.co.uk/shop/gb/groceries/product/details/new-355373-44/galt-water-magic-gift-set-134012736-p', 'Galt Water Magic Gift Set', '£15.00', '£15.00 / ea')
('https://www.sainsburys.co.uk/shop/gb/groceries/product/details/new-355373-44/little-people-disney-princess-cinderella-parade-float-133932590-p', 'Little People Disney Princess Cinderella Parade Float', '£9.00', '£9.00 / ea')
('https://www.sainsburys.co.uk/shop/gb/groceries/product/details/new-355373-44/sainsburys-home-midnight-opulence-2019-calendar-with-pen-133910075-p', "Sainsbury's Home Midnight Opulence 2019 Calendar with Pen", '£8.00', '£8.00 / ea')
('https://www.sainsburys.co.uk/shop/gb/groceries/product/details/new-355373-44/sainsburys-home-midnight-opulence-slim-clipboard-planner-with-pen-133908901-p', "Sainsbury's Home Midnight Opulence Slim Clipboard Planner with Pen", '£4.00', '£4.00 / ea')
('https://www.sainsburys.co.uk/shop/gb/groceries/product/details/new-355373-44/sainsburys-home-minerals-journal-2019-133870376-p', "Sainsbury's Home Minerals Journal 2019", '£10.00', '£10.00 / ea')
('https://www.sainsburys.co.uk/shop/gb/groceries/product/details/new-355373-44/sainsburys-home-cupcake-cases-75pk-133988121-p', "Sainsbury's Home Cupcake Cases 75pk", '£2.50', '£2.50 / ea')
('https://www.sainsburys.co.uk/shop/gb/groceries/product/details/new-355373-44/steffi-love-new-born-baby-set-133987451-p', 'Steffi Love New Born Baby Set', '£15.00', '£15.00 / ea')
('https://www.sainsburys.co.uk/shop/gb/groceries/product/details/new-355373-44/wowwee-whats-that-smell--133986707-p', "Wowwee What's that Smell?", '£25.00', '£25.00 / ea')
('https://www.sainsburys.co.uk/shop/gb/groceries/product/details/new-355373-44/sainsburys-halloween-cocktail-glass-gold-133980874-p', "Sainsbury's Halloween Cocktail Glass Gold", '£6.00', '£6.00 / ea')
('https://www.sainsburys.co.uk/shop/gb/groceries/product/details/new-355373-44/sainsburys-home-slanguage-a4-project-book-133983717-p', "Sainsbury's Home Slanguage A4 Project Book", '£5.00', '£5.00 / ea')
('https://www.sainsburys.co.uk/shop/gb/groceries/product/details/new-355373-44/play-doh-grocery-goodies-133983160-p', 'Play Doh Grocery Goodies', '£18.00', '£18.00 / ea')
('https://www.sainsburys.co.uk/shop/gb/groceries/product/details/new-355373-44/chad-valley-pop---hool-elephant--133647369-p', 'Chad Valley Ball Pop Elephant', '£12.00', '£12.00 / ea')
('https://www.sainsburys.co.uk/shop/gb/groceries/product/details/gluten-free-cereal/trek-cocoa-oat-protein-flapjack-50g-7648347-p', 'TREK Cocoa Oat Protein Flapjack 50g', '90p', '£1.80 / 100g')
('https://www.sainsburys.co.uk/shop/gb/groceries/product/details/gluten-free-cereal/rxbar-chocolate-sea-salt-protein-bar-52g', 'RXBAR Chocolate Sea Salt Protein Bar 52g', '£2.50', '£4.81 / 100g')
('https://www.sainsburys.co.uk/shop/gb/groceries/product/details/gluten-free-cereal/freee-by-doves-farm-organic-fibre-flakes-375g', 'FREEE by Doves Farm Organic Fibre Flakes 375g', '£3.00', '80p / 100g')
('https://www.sainsburys.co.uk/shop/gb/groceries/product/details/gluten-free-cereal/fuel10k-liquid-breakfast-protein-boosted-milk-drink--vanilla-330ml', 'FUEL10K High Protein Breakfast Milk Drink Vanilla 330ml', '£1.50', '45p / 100ml')
('https://www.sainsburys.co.uk/shop/gb/groceries/product/details/gluten-free-cereal/nestle-go-free-gluten-free-rice-pops-cereal-550g', 'Nestle Go Free Gluten Free Rice Pops Cereal 550g', '£2.60', '47p / 100g')
('https://www.sainsburys.co.uk/shop/gb/groceries/product/details/gluten-free-cereal/nairns-gluten-free-scottish-porridge-oats-450g', "Nairn's Gluten Free Scottish Porridge Oats 450g", '£2.00', '44p / 100g')
('https://www.sainsburys.co.uk/shop/gb/groceries/product/details/gluten-free-cereal/trek-cocoa-coconut-protein-flapjack-50g-7648601-p', 'TREK Cocoa Coconut Protein Flapjack 50g', '90p', '£1.80 / 100g')
('https://www.sainsburys.co.uk/shop/gb/groceries/product/details/gluten-free-cereal/rude-health-honey-puffed-oats-240g', 'Rude Health Honey Puffed Oats 240g', '£3.00', '£1.25 / 100g')
('https://www.sainsburys.co.uk/shop/gb/groceries/product/details/gluten-free-cereal/natures-path-maple-sunrise--gluten-free-300g', "Nature's Path Gluten Free Maple Sunrise 332g", '£3.00', '90p / 100g')
('https://www.sainsburys.co.uk/shop/gb/groceries/product/details/gluten-free-cereal/troo-porridge-happy-flax-cinnamon-400g', 'Troo Happy Porridge+ with Flaxseed Omega 3s & Uplifting Cinnamon 400g', '£2.50', '63p / 100g')
('https://www.sainsburys.co.uk/shop/gb/groceries/product/details/gluten-free-cereal/troo-porridge-energising-choc-400g', 'Troo Energise Porridge+ with Chocolate & Maca 400g', '£2.50', '63p / 100g')
('https://www.sainsburys.co.uk/shop/gb/groceries/product/details/gluten-free-cereal/moma-apple-almond-cinnamon-65g', 'MOMA Apple, Almond & Cinnamon Porridge Pot 65g', '£1.15', '£1.77 / 100g')
('https://www.sainsburys.co.uk/shop/gb/groceries/product/details/gluten-free-crisps-and-savoury-snacks/pipers-lye-cross-cheddar-onion-150g', 'Pipers Lye Cross Cheddar & Onion Sharing Crisps 150g', '£2.50', '£1.67 / 100g')
('https://www.sainsburys.co.uk/shop/gb/groceries/product/details/gluten-free-crisps-and-savoury-snacks/nairns-gluten-free-flatbread-rosemary---sea-salt-150g', "Nairn's Gluten Free Flatbread Rosemary & Sea Salt 150g", '£1.50', '£1.00 / 100g')
('https://www.sainsburys.co.uk/shop/gb/groceries/product/details/gluten-free-crisps-and-savoury-snacks/tyrrells-hand-cooked-english-crisp-aberdeen-angus-furrows-150g', 'Tyrrells Hand-Cooked English Aberdeen Angus Furrows Sharing Crisps 150g', '£1.65', '£1.10 / 100g')
('https://www.sainsburys.co.uk/shop/gb/groceries/product/details/gluten-free-crisps-and-savoury-snacks/tayto-mini-mr-ts-cheese---onion-snacks-6x17g', "Tayto Mini Mr. T's Cheese & Onion Snacks 6x17g", '£1.00', '98p / 100g')
('https://www.sainsburys.co.uk/shop/gb/groceries/product/details/gluten-free-crisps-and-savoury-snacks/golden-popcorn-salty---sweet-popcorn-100g', 'Golden Popcorn Salty & Sweet Popcorn 100g', '£1.20', '£1.20 / 100g')
('https://www.sainsburys.co.uk/shop/gb/groceries/product/details/gluten-free-crisps-and-savoury-snacks/popchips-sour-cream---onion-85g-7597540-p-44', 'Popchips Sour Cream & Onion Sharing Crisps 85g', '£1.25', '£1.47 / 100g')
('https://www.sainsburys.co.uk/shop/gb/groceries/product/details/gluten-free-crisps-and-savoury-snacks/tayto-mature-irish-cheddar---sweet-onion--crisps-150g', 'Tayto Mature Irish Cheddar & Sweet Onion Crisps 150g', '£1.75', '£1.17 / 100g')
('https://www.sainsburys.co.uk/shop/gb/groceries/product/details/gluten-free-crisps-and-savoury-snacks/metcalfes-sea-salt-popcorn-23g', "Metcalfe's Charity Popcorn Sea Salt 17g", '90p', '£5.29 / 100g')
('https://www.sainsburys.co.uk/shop/gb/groceries/product/details/gluten-free-crisps-and-savoury-snacks/seabrook-beefy-crinkle-cut-potato-chips-6x30g', 'Seabrook Crinkle Cut Crisps Beefy 6x25g', '£1.00', '67p / 100g')
('https://www.sainsburys.co.uk/shop/gb/groceries/product/details/gluten-free-crisps-and-savoury-snacks/pipers-kirkby-malham-chorizo-150g', 'Pipers Kirkby Malham Chorizo Sharing Crisps 150g', '£2.50', '£1.67 / 100g')
('https://www.sainsburys.co.uk/shop/gb/groceries/product/details/gluten-free-crisps-and-savoury-snacks/propercorn-microwave-sweet-popcorn-210g', 'Propercorn Microwavable Sweet Popcorn 3x70g', '£2.25', '£1.07 / 100g')
('https://www.sainsburys.co.uk/shop/gb/groceries/product/details/gluten-free-crisps-and-savoury-snacks/kettle---beetroot-slices-with-goats-cheese---caramelised-onion-crisps-100g-7965339-p', 'Kettle & Beetroot Slices with Goats Cheese & Caramelised Onion Sharing Crisps 100g', '£1.00', '£1.00 / 100g')
('https://www.sainsburys.co.uk/shop/gb/groceries/product/details/gluten-free-crisps-and-savoury-snacks/mackies-lightly-sea-salted-popcorn-70g', "Mackie's Lightly Sea Salted Popcorn 70g", '£1.00', '£1.43 / 100g')
('https://www.sainsburys.co.uk/shop/gb/groceries/product/details/gluten-free-crisps-and-savoury-snacks/odonnells-of-tipperary-hand-cooked-hickory-bbq-crisps-125g', "O'Donnells of Tipperary Hand Cooked Hickory BBQ Crisps 125g", '£1.85', '£1.48 / 100g')
('https://www.sainsburys.co.uk/shop/gb/groceries/product/details/gluten-free-crisps-and-savoury-snacks/propercorn-sweet---salty-90g', 'Propercorn Sweet & Salty Popcorn 90g', '£1.00', '£1.11 / 100g')
('https://www.sainsburys.co.uk/shop/gb/groceries/product/details/gluten-free-crisps-and-savoury-snacks/kettle-chips-crispy-bacon---maple-150g', 'Kettle Chips Crispy Bacon & Maple Syrup Sharing Crisps 150g', '£1.00', '67p / 100g')
('https://www.sainsburys.co.uk/shop/gb/groceries/product/details/gluten-free-crisps-and-savoury-snacks/schar-gluten-free-cream-crackers-260g', 'Schar Gluten Free Cream Crackers 260g', '£2.50', '96p / 100g')
('https://www.sainsburys.co.uk/shop/gb/groceries/product/details/gluten-free-crisps-and-savoury-snacks/tayto-sweet-chili--red-pepper-crsp-150g', 'Tayto Sweet Chili & Red Pepper Crisps 150g', '£1.75', '£1.17 / 100g')
('https://www.sainsburys.co.uk/shop/gb/groceries/product/details/gluten-free-crisps-and-savoury-snacks/tyrrells-mixed-root-vegetable-chips-40g', 'Tyrrells Mixed Root Vegetable Crisps 40g', '90p', '£2.25 / 100g')
('https://www.sainsburys.co.uk/shop/gb/groceries/product/details/gluten-free-crisps-and-savoury-snacks/tayto-popcorn-sweet-100g', 'Tayto Popcorn Sweet 100g', '£1.00', '£1.00 / 100g')
('https://www.sainsburys.co.uk/shop/gb/groceries/product/details/gluten-free-biscuits-and-chocolates/candy-kittens-sour-watermelon-115g', 'Candy Kittens Sour Watermelon Sweets 125g', '£2.00', '£1.60 / 100g')
('https://www.sainsburys.co.uk/shop/gb/groceries/product/details/gluten-free-biscuits-and-chocolates/sainsburys-freefrom-gingerbread-man-32g', "Sainsbury's Deliciously Free From Gingerbread Man 32g", '£1.00', '£3.13 / 100g')
('https://www.sainsburys.co.uk/shop/gb/groceries/product/details/gluten-free-biscuits-and-chocolates/bounce-almond-protein-energy-ball-49g', 'Bounce Almond Protein Energy Ball 49g', '£1.80', '£3.67 / 100g')
('https://www.sainsburys.co.uk/shop/gb/groceries/product/details/gluten-free-biscuits-and-chocolates/eat-natural-toasted-buckwheat-muesli-gluten-free-500g', 'Eat Natural For Breakfast Gluten Free Buckwheat Toasted Muesli 500g', '£2.00', '40p / 100g')
('https://www.sainsburys.co.uk/shop/gb/groceries/product/details/gluten-free-biscuits-and-chocolates/eat-natural-protein-bar-peanuts-and-chocolate-45g', 'Eat Natural Protein Bar Peanuts and Chocolate 45g', '60p', '£1.33 / 100g')
('https://www.sainsburys.co.uk/shop/gb/groceries/product/details/gluten-free-biscuits-and-chocolates/lazy-day-foods-belgian-dark-chocolate-tiffin-150g', 'Lazy Day Foods Belgian Dark Chocolate Tiffin 150g', '£2.00', '£1.33 / 100g')
('https://www.sainsburys.co.uk/shop/gb/groceries/product/details/all-future-brands/boutique-foundation-brush', 'Boutique Foundation Brush', '£4.00', '£4.00 / ea')
('https://www.sainsburys.co.uk/shop/gb/groceries/product/details/all-future-brands/boutique-professional-nail-files-x2', 'Boutique Professional Nail Files x2', '£1.50', '£1.50 / ea')
('https://www.sainsburys.co.uk/shop/gb/groceries/product/details/all-future-brands/boutique-contouring-brush', 'Boutique Contouring Brush', '£4.00', '£4.00 / ea')
('https://www.sainsburys.co.uk/shop/gb/groceries/product/details/all-future-brands/phil-smith-be-gorgeous-root-touch-up-root-concealer-spray-for-light-blonde-hair-75ml', 'Phil Smith Be Gorgeous Root Touch Up Root Concealer Spray for Light Blonde Hair 75ml', '£5.00', '£6.67 / 100ml')
('https://www.sainsburys.co.uk/shop/gb/groceries/product/details/all-future-brands/phil-smith-be-gorgeous-root-touch-up-root-concealer-spray-for-brunette-hair-75ml', 'Phil Smith Be Gorgeous Root Touch Up Root Concealer Spray for Brunette Hair 75ml', '£5.00', '£6.67 / 100ml')
('https://www.sainsburys.co.uk/shop/gb/groceries/product/details/all-future-brands/phil-smith-be-gorgeous-root-touch-up-root-concealer-spray-for-dark-brunette-hair-75ml', 'Phil Smith Be Gorgeous Root Touch Up Root Concealer Spray for Dark Brunette Hair 75ml', '£5.00', '£6.67 / 100ml')
('https://www.sainsburys.co.uk/shop/gb/groceries/product/details/all-future-brands/boutique-long-lasting-colour-correction-concealer-purple-5ml', 'Boutique Long Lasting Colour Correction Concealer Purple 5ml', '£5.00', '£10.00 / 10ml')
('https://www.sainsburys.co.uk/shop/gb/groceries/product/details/all-future-brands/tariq-halal-beef-mince-450g', 'Tariq Halal Beef Mince 450g', '£3.50', '£7.78 / kg')
('https://www.sainsburys.co.uk/shop/gb/groceries/product/details/all-future-brands/tariq-halal-fresh-grade-a-oyster-cut-chicken-legs-12kg', 'Tariq Halal Fresh Grade A Oyster Cut Chicken Legs 1.2kg', '£3.50', '£2.92 / kg')
('https://www.sainsburys.co.uk/shop/gb/groceries/product/details/all-future-brands/tariq-halal-lamb-leg-steak-300g', 'Tariq Halal Lamb Leg Steak 300g', '£6.00', '£20.00 / kg')
('https://www.sainsburys.co.uk/shop/gb/groceries/product/details/all-future-brands/tariq-halal-fresh-grade-a-chicken-wings-1kg', 'Tariq Halal Fresh Grade A Chicken Wings 1kg', '£3.00', '£3.00 / kg')
('https://www.sainsburys.co.uk/shop/gb/groceries/product/details/all-future-brands/happy-naturals-intense-repair-conditioner-argan-avocado-300ml', 'Happy Naturals Intense Repair Conditioner Argan & Avocado 300ml', '£4.00', '£1.33 / 100ml')
('https://www.sainsburys.co.uk/shop/gb/groceries/product/details/all-future-brands/happy-naturals-curl-defining-conditioner-shea-butter-olive-300ml', 'Happy Naturals Curl Defining Conditioner Shea Butter & Olive 300ml', '£4.00', '£1.33 / 100ml')
('https://www.sainsburys.co.uk/shop/gb/groceries/product/details/all-future-brands/happy-naturals-soothing-shampoo-sea-minerals-aloe-300ml', 'Happy Naturals Soothing Shampoo Sea Minerals & Aloe 300ml', '£4.00', '£1.33 / 100ml')
('https://www.sainsburys.co.uk/shop/gb/groceries/product/details/all-future-brands/no1-kombucha-passion-fruit-goji-275ml', 'No.1 Kombucha Passion Fruit Goji 275ml', '£1.50', '55p / 100ml')
('https://www.sainsburys.co.uk/shop/gb/groceries/product/details/all-future-brands/boutique-nail-polish-forever-red-10ml', 'Boutique Nail Polish Forever Red 10ml', '£3.00', '£3.00 / 10ml')
('https://www.sainsburys.co.uk/shop/gb/groceries/product/details/all-future-brands/boutique-smoothing-primer-30ml', 'Boutique Smoothing Primer 30ml', '£4.00', '£1.33 / 10ml')
('https://www.sainsburys.co.uk/shop/gb/groceries/product/details/all-future-brands/boutique-colour-correction-palette-72g', 'Boutique Colour Correction Palette 7.2g', '£5.00', '£2.78 / 10g')
('https://www.sainsburys.co.uk/shop/gb/groceries/product/details/all-future-brands/boutique-convertible-eye-cheek-jelly-pink-champagne', 'Boutique Convertible Eye & Cheek Jelly Pink Champagne', '£4.00', '£4.00 / ea')
('https://www.sainsburys.co.uk/shop/gb/groceries/product/details/all-future-brands/boutique-foundation-colour-adjusting-drops-dark-12ml', 'Boutique Foundation Colour Adjusting Drops Dark 12ml', '£4.50', '£3.75 / 10ml')
('https://www.sainsburys.co.uk/shop/gb/groceries/product/details/all-future-brands/boutique-invisible-setting-powder-9g', 'Boutique Invisible Setting Powder 9g', '£4.00', '£4.44 / 10g')
('https://www.sainsburys.co.uk/shop/gb/groceries/product/details/all-future-brands/boutique-intense-liquid-eyeliner-brown', 'Boutique Intense Liquid Eyeliner Brown', '£3.00', '£3.00 / ea')
('https://www.sainsburys.co.uk/shop/gb/groceries/product/details/all-future-brands/boutique-eyebrow-kit-medium-to-dark', 'Boutique Eyebrow Kit Medium to Dark 7.5g', '£4.00', '£4.44 / 10g')
('https://www.sainsburys.co.uk/shop/gb/groceries/product/details/all-future-brands/boutique-long-lasting-dark-eyebrow-tattoo', 'Boutique Long Lasting Eyebrow Tattoo Dark', '£5.00', '£5.00 / ea')
('https://www.sainsburys.co.uk/shop/gb/groceries/product/details/all-future-brands/boutique-moisturising-lipstick-blush', 'Boutique Moisturising Lipstick Blush', '£3.00', '£3.00 / ea')
('https://www.sainsburys.co.uk/shop/gb/groceries/product/details/all-future-brands/verival-organic-crunchy-spelt-granola-cereal-375g', 'Verival Organic Crunchy Spelt Granola Cereal 375g', '£3.00', '80p / 100g')
('https://www.sainsburys.co.uk/shop/gb/groceries/product/details/all-future-brands/men-advance-3-blade-disposable-razor-x4', 'Men Advance 3 Blade Disposable Razor x4', '£2.50', '63p / bld')
('https://www.sainsburys.co.uk/shop/gb/groceries/product/details/all-future-brands/men-advance-multi-action-purifying-charcoal-face-wash-150ml', 'Men Advance Multi-Action Purifying Charcoal Face Wash 150ml', '£2.50', '£1.67 / 100ml')
('https://www.sainsburys.co.uk/shop/gb/groceries/product/details/all-future-brands/prism-dishwasher-tablets-lemon-x25', 'Prism All in 1 Dishwasher Tablets Citrus x25', '£4.00', '16p / ea')
('https://www.sainsburys.co.uk/shop/gb/groceries/product/details/all-future-brands/super-facialist-clay-mask-125ml', 'Super Facialist Pore Purifying Clay Mask 125ml', '£6.50', '£5.20 / 100ml')
('https://www.sainsburys.co.uk/shop/gb/groceries/product/details/all-future-brands/super-facialist-glow-boost-skin-serum-30ml', 'Super Facialist Glow Boost Skin Serum 30ml', '£17.00', '£56.67 / 100ml')
('https://www.sainsburys.co.uk/shop/gb/groceries/product/details/all-future-brands/sainsburys-antiage-eye-gel-15ml', 'My Skin Matters Anti-Age Eye Gel 15ml', '£4.00', '£13.33 / 50ml')
('https://www.sainsburys.co.uk/shop/gb/groceries/product/details/all-future-brands/phil-smith-gentle-tie-ponytailers', 'Phil Smith Be Gorgeous Hold Up Gentle Tie Hairbands', '£3.50', '70p / ea')
('https://www.sainsburys.co.uk/shop/gb/groceries/product/details/all-future-brands/dirty-works-toiletry-bag', 'Dirty Works Toiletry Bag', '£2.75', '£2.75 / ea')
('https://www.sainsburys.co.uk/shop/gb/groceries/product/details/all-future-brands/odysea-pine---fir-tree-honey-250g', 'Odysea Greek Pine & Fir Tree Raw Honey 250g', '£4.00', '£1.60 / 100g')
('https://www.sainsburys.co.uk/shop/gb/groceries/product/details/all-future-brands/phil-smith-be-gor-wow-brunette-s-p-350ml', 'Phil Smith Be Gorgeous Shampoo, Wow Brunette 350ml', '£3.50', '£1.00 / 100ml')
('https://www.sainsburys.co.uk/shop/gb/groceries/product/details/all-future-brands/phil-smith-be-gor-super-smooth-s-p-350ml', 'Phil Smith Be Gorgeous Shampoo, Super Smooth 350ml', '£3.50', '£1.00 / 100ml')
('https://www.sainsburys.co.uk/shop/gb/groceries/product/details/all-future-brands/phil-smith-be-gorgeous-conditioner--cocolicious-350ml', 'Phil Smith Be Gorgeous Conditioner, Cocolicious 350ml', '£3.50', '£1.40 / 100ml')
('https://www.sainsburys.co.uk/shop/gb/groceries/product/details/all-future-brands/dirty-works-high---dry-shower-cap', 'Dirty Works High & Dry Shower Cap', '£1.75', '£1.75 / ea')
('https://www.sainsburys.co.uk/shop/gb/groceries/product/details/all-future-brands/phil-smith-total-treat-argan-oil-cream-100ml', 'Phil Smith Be Gorgeous Total Treat Argan Oil Cream 100ml', '£4.00', '£4.00 / 100ml')
('https://www.sainsburys.co.uk/shop/gb/groceries/product/details/peas-beans-sweetcorn-asparagus/sainsburys-babycorn-175g', "Sainsbury's Babycorn 175g", '£1.60', '£9.14 / kg')
('https://www.sainsburys.co.uk/shop/gb/groceries/product/details/mushrooms/sainsburys-speciality-mushroom-mix-200g', "Sainsbury's Speciality Mushroom Mix 200g", '£1.80', '£9.00 / kg')
('https://www.sainsburys.co.uk/shop/gb/groceries/product/details/mushrooms/sainsburys-shiitake-mushrooms-120g', "Sainsbury's Shiitake Mushrooms 120g", '£1.35', '£11.25 / kg')
('https://www.sainsburys.co.uk/shop/gb/groceries/product/details/mushrooms/sainsburys-white-closed-cup-mushrooms--so-organic-300g', "Sainsbury's White Closed Cup Mushrooms, SO Organic 300g", '£1.20', '£4.00 / kg')
('https://www.sainsburys.co.uk/shop/gb/groceries/product/details/mushrooms/sainsburys-closed-cup-white-mushrooms-300g', "Sainsbury's Closed Cup White Mushrooms 300g", '75p', '£2.50 / kg')
('https://www.sainsburys.co.uk/shop/gb/groceries/product/details/mushrooms/sainsburys-large-flat-mushrooms-250g', "Sainsbury's Large Flat Mushrooms 250g", '80p', '£3.20 / kg')
('https://www.sainsburys.co.uk/shop/gb/groceries/product/details/mushrooms/sainsburys-baby-button-mushrooms-200g', "Sainsbury's Baby Button Mushrooms 200g", '£1.10', '£5.50 / kg')
('https://www.sainsburys.co.uk/shop/gb/groceries/product/details/mushrooms/sainsburys-yellow-pepper', "Sainsbury's Yellow Pepper", '45p', '45p / ea')
('https://www.sainsburys.co.uk/shop/gb/groceries/product/details/mushrooms/imperfectly-tasty-mushrooms-400g', 'Imperfectly Tasty Mushrooms 400g', '86p', '£2.15 / kg')
('https://www.sainsburys.co.uk/shop/gb/groceries/product/details/mushrooms/sainsburys-cheese---garlic-mushrooms-220g', "Sainsbury's Cheese & Garlic Mushrooms 220g", '£2.00', '£9.09 / kg')
('https://www.sainsburys.co.uk/shop/gb/groceries/product/details/mushrooms/sainsburys-cheese-stuffed-peppers-330g', "Sainsbury's Cheese Stuffed Peppers 330g", '£2.00', '£6.06 / kg')
('https://www.sainsburys.co.uk/shop/gb/groceries/product/details/mushrooms/sainsburys-mixed-peppers-x3', "Sainsbury's Mixed Peppers (Colours may vary) x3", '£1.35', '45p / ea')
('https://www.sainsburys.co.uk/shop/gb/groceries/product/details/chillies-herbs-ingredients/sainsburys-thai-herb-kit', "Sainsbury's Thai Style Herb Kit 80g", '£2.00', '25p / 10g')
('https://www.sainsburys.co.uk/shop/gb/groceries/product/details/chillies-herbs-ingredients/gourmet-garden-lightly-dried-basil', 'Gourmet Garden Lightly Dried Basil', '£2.00', '£2.00 / 10g')
('https://www.sainsburys.co.uk/shop/gb/groceries/product/details/chillies-herbs-ingredients/sainsburys-japanese-style-stir-fry-sauce-175ml', "Sainsbury's Katsu Curry Stir Fry Sauce 175ml", '50p', '29p / 100ml')
('https://www.sainsburys.co.uk/shop/gb/groceries/product/details/chillies-herbs-ingredients/chilli-green-jalapeno-loose', "Sainsbury's Chilli Green Jalapeno Loose", '£10.00 / kg', '£10.00 / kg')
('https://www.sainsburys.co.uk/shop/gb/groceries/product/details/chillies-herbs-ingredients/sainsburys-living-basil-small-pot', "Sainsbury's Living Basil Small Pot", '£1.00', '£1.00 / ea')
('https://www.sainsburys.co.uk/shop/gb/groceries/product/details/chillies-herbs-ingredients/sainsburys-fresh-packed-lime-leaves-x4', "Sainsbury's Fresh Packed Lime Leaves x4", '£1.20', '30p / ea')
('https://www.sainsburys.co.uk/shop/gb/groceries/product/details/chillies-herbs-ingredients/sainsburys-ginger-100g', "Sainsbury's Ginger 100g", '85p', '85p / 100g')
('https://www.sainsburys.co.uk/shop/gb/groceries/product/details/chillies-herbs-ingredients/sainsburys-fresh-living-greek-basil-pot', "Sainsbury's Fresh Living Greek Basil Pot", '£1.25', '£1.25 / ea')
('https://www.sainsburys.co.uk/shop/gb/groceries/product/details/chillies-herbs-ingredients/sainsburys-fresh-living-curly-parsley-pot', "Sainsbury's Fresh Living Curly Parsley Pot", '£1.25', '£1.25 / ea')
('https://www.sainsburys.co.uk/shop/gb/groceries/product/details/chillies-herbs-ingredients/sainsburys-fresh-flat-leaf-parsley-28g', "Sainsbury's Fresh Packed Flat Leaf Parsley 30g", '75p', '25p / 10g')
('https://www.sainsburys.co.uk/shop/gb/groceries/product/details/chillies-herbs-ingredients/sainsburys-fresh-chives-25g', "Sainsbury's Fresh Packed Chives 25g", '70p', '28p / 10g')
('https://www.sainsburys.co.uk/shop/gb/groceries/product/details/chillies-herbs-ingredients/sainsburys-fresh-thyme-15g', "Sainsbury's Fresh Packed Thyme 15g", '70p', '47p / 10g')
('https://www.sainsburys.co.uk/shop/gb/groceries/product/details/chillies-herbs-ingredients/sainsburys-bunched-chives-20g', "Sainsbury's Bunched Chives 20g", '75p', '£3.75 / 100g')
('https://www.sainsburys.co.uk/shop/gb/groceries/product/details/chillies-herbs-ingredients/sainsburys-edible-flower-blossoms', "Sainsbury's Edible Flower Blossoms", '£3.00', '£30.00 / 100g')
('https://www.sainsburys.co.uk/shop/gb/groceries/product/details/chillies-herbs-ingredients/gourmet-garden-lightly-dried-coriander', 'Gourmet Garden Lightly Dried Coriander', '£2.00', '£2.50 / 10g')
('https://www.sainsburys.co.uk/shop/gb/groceries/product/details/chillies-herbs-ingredients/sainsburys-living-dill-pot', "Sainsbury's Fresh Living Dill Pot", '£1.00', '£1.00 / ea')
('https://www.sainsburys.co.uk/shop/gb/groceries/product/details/chillies-herbs-ingredients/sainsburys-living-coriander-small-pot', "Sainsbury's Living Coriander Small Pot", '£1.00', '£1.00 / ea')
('https://www.sainsburys.co.uk/shop/gb/groceries/product/details/chillies-herbs-ingredients/sainsburys-fresh-bay-leaves', "Sainsbury's Fresh Packed Bay Leaves", '75p', '75p / ea')
('https://www.sainsburys.co.uk/shop/gb/groceries/product/details/chillies-herbs-ingredients/sainsburys-fresh-lemon-thyme-15g', "Sainsbury's Fresh Packed Lemon Thyme 15g", '70p', '47p / 10g')
('https://www.sainsburys.co.uk/shop/gb/groceries/product/details/chillies-herbs-ingredients/sainsburys-fresh-living-flat-leaf-parsley-pot-240g', "Sainsbury's Fresh Living Flat Leaf Parsley Pot", '£1.25', '£1.25 / ea')
('https://www.sainsburys.co.uk/shop/gb/groceries/product/details/chillies-herbs-ingredients/sainsburys-scotch-bonnet-hot-chilli-30', "Sainsbury's Scotch Bonnet Hot Chilli 30g", '70p', '£2.33 / 100g')
('https://www.sainsburys.co.uk/shop/gb/groceries/product/details/chillies-herbs-ingredients/sainsburys-fresh-sage-20g', "Sainsbury's Fresh Packed Sage 20g", '75p', '38p / 10g')
('https://www.sainsburys.co.uk/shop/gb/groceries/product/details/fresh-vegetables-world-exotic/sainsburys-jerusalem-artichokes-350g-167512-p-44', "Sainsbury's Jerusalem Artichokes 350g", '£1.50', '£4.29 / kg')
('https://www.sainsburys.co.uk/shop/gb/groceries/product/details/fresh-vegetables-world-exotic/sainsburys-fresh-galangal-100g', "Sainsbury's Fresh Galangal 100g", '£2.00', '£2.00 / 100g')
('https://www.sainsburys.co.uk/shop/gb/groceries/product/details/fresh-vegetables-world-exotic/sainsburys-scotch-bonnet-chillies-100g', "Sainsbury's Scotch Bonnet Chillies 100g", '£1.80', '£18.00 / kg')
('https://www.sainsburys.co.uk/shop/gb/groceries/product/details/fresh-vegetables-world-exotic/sainsburys-red-chillies-60g', "Sainsbury's Red Chillies 60g", '65p', '£1.08 / 100g')
('https://www.sainsburys.co.uk/shop/gb/groceries/product/details/fresh-vegetables-world-exotic/sainsburys-sweet-potatoes-125kg', "Sainsbury's Sweet Potato 1.25kg", '£1.50', '£1.20 / kg')
('https://www.sainsburys.co.uk/shop/gb/groceries/product/details/fresh-vegetables-world-exotic/sainsburys-choi-sum-200g', "Sainsbury's Choi Sum 200g", '£1.40', '70p / 100g')
('https://www.sainsburys.co.uk/shop/gb/groceries/product/details/fresh-vegetables-world-exotic/sainsburys-bird-eye-chillies-red-or-green-20g', "Sainsbury's Bird Eye Chillies (Red or Green) 20g", '70p', '£3.50 / 100g')
('https://www.sainsburys.co.uk/shop/gb/groceries/product/details/fresh-vegetables-world-exotic/sainsburys-garlic-x4', "Sainsbury's Garlic x4", '£1.00', '25p / ea')
('https://www.sainsburys.co.uk/shop/gb/groceries/product/details/fresh-vegetables-world-exotic/sainsburys-edamame-beans-200g', "Sainsbury's Edamame Beans 200g", '£1.50', '£7.50 / kg')
('https://www.sainsburys.co.uk/shop/gb/groceries/product/details/fresh-vegetables-world-exotic/sainsburys-living-japanese-greens', "Sainsbury's Living Japanese Greens", '£1.00', '£1.00 / ea')
('https://www.sainsburys.co.uk/shop/gb/groceries/product/details/no-alcohol-drink/nosecco-rosé-spumante-da-angelo-taurini-75cl', 'Nosecco Rosé Spumante Da Angelo Taurini 75cl', '£4.00', '£4.00 / 75cl')
('https://www.sainsburys.co.uk/shop/gb/groceries/product/details/no-alcohol-drink/mcguigan-zero-shiraz-alcohol-free-wine-75cl', 'McGuigan Zero Shiraz Alcohol Free Wine 75cl', '£5.00', '£5.00 / 75cl')
('https://www.sainsburys.co.uk/shop/gb/groceries/product/details/no-alcohol-drink/mcguigan-zero-sparkling-alcohol-free-wine-75cl', 'McGuigan Zero Sparkling Alcohol Free Wine 75cl', '£5.50', '£5.50 / 75cl')
('https://www.sainsburys.co.uk/shop/gb/groceries/product/details/no-alcohol-drink/lo-bros-living-drinks-organic-kombucha-ginger-lemon-330ml', 'Lo Bros Living Drinks Organic Kombucha Ginger & Lemon 330ml', '£2.00', '61p / 100ml')
('https://www.sainsburys.co.uk/shop/gb/groceries/product/details/no-alcohol-drink/sainsburys-alcohol-free-white-wine-75cl', "Sainsbury's Alcohol Free White Wine 75cl", '£2.75', '£2.75 / 75cl')
('https://www.sainsburys.co.uk/shop/gb/groceries/product/details/no-alcohol-drink/the-clean-liquor-co-clean-r-70cl', 'CleanCo Clean R 70cl', '£19.00', '£27.14 / ltr')
('https://www.sainsburys.co.uk/shop/gb/groceries/product/details/no-alcohol-drink/dalstons-rhubarb-g-t-flavoured-alcohol-free-sparkling-botanical-drink-250ml', "Dalston's Rhubarb G&T Flavoured Alcohol Free Sparkling Botanical Drink 250ml", '£1.75', '£7.00 / ltr')
('https://www.sainsburys.co.uk/shop/gb/groceries/product/details/no-alcohol-drink/seedlip-distilled-non-alcoholic-spirits-spice-94-grapefruit-tonic-250ml', 'Seedlip Distilled Non-Alcoholic Spirits Spice 94 & Grapefruit Tonic 250ml', '£2.00', '£8.00 / ltr')
('https://www.sainsburys.co.uk/shop/gb/groceries/product/details/no-alcohol-drink/brewdog-punk-af-330ml', 'Brewdog Punk AF Alcohol Free IPA 330ml', '£1.30', '£3.94 / ltr')
('https://www.sainsburys.co.uk/shop/gb/groceries/product/details/no-alcohol-drink/free-damn-6x330ml', 'Free Damm Premium Quality Non Alcoholic Lager 6x330ml', '£5.00', '£2.53 / ltr')
('https://www.sainsburys.co.uk/shop/gb/groceries/product/details/no-alcohol-drink/kopparberg-mixed-fruits-alcohol-free-cider-4x330ml', 'Kopparberg Mixed Fruits Alcohol Free Cider 4x330ml', '£3.50', '£2.65 / ltr')
('https://www.sainsburys.co.uk/shop/gb/groceries/product/details/no-alcohol-drink/seedlip-spice-92-70cl', 'Seedlip Distilled Non-Alcoholic Spirits Spice 94 70cl', '£26.00', '£37.14 / ltr')
('https://www.sainsburys.co.uk/shop/gb/groceries/product/details/no-alcohol-drink/seedlip-grove42-lemongrass-tonic-250ml', 'Seedlip Distilled Non-Alcoholic Spirits Grove 42 & Lemongrass Tonic 250ml', '£2.00', '£8.00 / ltr')
('https://www.sainsburys.co.uk/shop/gb/groceries/product/details/no-alcohol-drink/seedlip-distilled-non-alcoholic-spirits-grove-42-citrus-700ml', 'Seedlip Distilled Non-Alcoholic Spirits Grove 42 Citrus 700ml', '£26.00', '£37.14 / ltr')
('https://www.sainsburys.co.uk/shop/gb/groceries/product/details/no-alcohol-drink/ceders-crisp-non-alcoholic-spirit-50cl-7924878-p-44', "Ceder's Crisp Non-Alcoholic Spirit 50cl", '£20.00', '£40.00 / ltr')
('https://www.sainsburys.co.uk/shop/gb/groceries/product/details/no-alcohol-drink/kopparberg-mixed-fruit-alcohol-free-cider-500ml', 'Kopparberg Mixed Fruit Alcohol Free Cider 500ml', '£1.30', '£2.60 / ltr')
('https://www.sainsburys.co.uk/shop/gb/groceries/product/details/no-alcohol-drink/thatchers-zero-somerset-cider-500ml', 'Thatchers Zero 0.0% Alcohol Free Cider 500ml', '£1.80', '£3.60 / ltr')
('https://www.sainsburys.co.uk/shop/gb/groceries/product/details/no-alcohol-drink/doom-bar-zero-alcohol-free-amber-ale-500ml', 'Doom Bar Zero Alcohol Free Amber Ale 500ml', '£1.50', '£3.00 / ltr')
('https://www.sainsburys.co.uk/shop/gb/groceries/product/details/no-alcohol-drink/stella-artois-alcohol-free-lager-4x330ml', 'Stella Artois Alcohol Free Lager 4x330ml', '£3.50', '£2.65 / ltr')
('https://www.sainsburys.co.uk/shop/gb/groceries/product/details/no-alcohol-drink/ceders-rose-non-alcoholic-spirit-50cl', "Ceder's Pink Rose Non-Alcoholic Spirit 50cl", '£20.00', '£40.00 / ltr')
('https://www.sainsburys.co.uk/shop/gb/groceries/product/details/no-alcohol-drink/freixenet-00-alcohol-free-sparkling-rosé-75cl', 'Freixenet 0.0% Alcohol Free Sparkling Rosé 75cl', '£4.50', '£4.50 / 75cl')
('https://www.sainsburys.co.uk/shop/gb/groceries/product/details/no-alcohol-drink/sainsburys-alcohol-free-red-wine-75cl', "Sainsbury's Alcohol Free Red Wine 75cl", '£2.75', '£2.75 / 75cl')
('https://www.sainsburys.co.uk/shop/gb/groceries/product/details/natural-beauty-products/maui-moisture-color-protection--sea-minerals-conditioner-385ml-7954075-p', 'Maui Moisture Color Protection + Sea Minerals Conditioner 385ml', '£9.00', '£2.34 / 100ml')
('https://www.sainsburys.co.uk/shop/gb/groceries/product/details/natural-beauty-products/bulldog-skincare-vetiver-black-pepper-shower-gel-500ml', 'Bulldog Skincare Vetiver & Black Pepper Shower Gel 500ml', '£4.50', '90p / 100ml')
('https://www.sainsburys.co.uk/shop/gb/groceries/product/details/natural-beauty-products/hask-monoi-coconut-oil-nourishing-conditioner-355ml', 'Hask Monoi Coconut Oil Nourishing Conditioner 355ml', '£7.00', '£1.97 / 100ml')
('https://www.sainsburys.co.uk/shop/gb/groceries/product/details/natural-beauty-products/hask-keratin-protein-smoothing-shampoo-355ml', 'Hask Keratin Protein Smoothing Shampoo 355ml', '£7.00', '£1.97 / 100ml')
('https://www.sainsburys.co.uk/shop/gb/groceries/product/details/natural-beauty-products/natura-siberica-caviar-collagen-day-care-face-cream-30ml', 'Natura Siberica Caviar Collagen Day Care Face Cream 30ml', '£31.50', '£105.00 / 100ml')
('https://www.sainsburys.co.uk/shop/gb/groceries/product/details/natural-beauty-products/natura-siberica-the-northern-collection-black-cleansing-face-mask-80ml', 'Natura Siberica The Northern Collection Black Cleansing Face Mask 80ml', '£14.00', '£17.50 / 100ml')
('https://www.sainsburys.co.uk/shop/gb/groceries/product/details/natural-beauty-products/elifexir-natural-beauty-fitness-body-contouring-gel-150ml', "E'lifexir Natural Beauty Fitness Body Contouring Gel 150ml", '£2.00', '£1.33 / 100ml')
('https://www.sainsburys.co.uk/shop/gb/groceries/product/details/natural-beauty-products/urban-veda-turmeric-botanics-radiance-day-cream-50ml', 'Urban Veda Turmeric + Botanics Radiance Day Cream 50ml', '£19.00', '£38.00 / 100ml')
('https://www.sainsburys.co.uk/shop/gb/groceries/product/details/natural-beauty-products/urban-veda-neem-botanics-purifying-facial-oil-30ml', 'Urban Veda Neem + Botanics Purifying Facial Oil 30ml', '£30.00', '£100.00 / 100ml')
('https://www.sainsburys.co.uk/shop/gb/groceries/product/details/natural-beauty-products/urban-veda-rose-botanics-reviving-body-lotion-250ml', 'Urban Veda Rose + Botanics Reviving Body Lotion 250ml', '£8.50', '£3.40 / 100ml')
('https://www.sainsburys.co.uk/shop/gb/groceries/product/details/natural-beauty-products/urban-veda-rose-botanics-reviving-facial-oil-30ml', 'Urban Veda Rose + Botanics Reviving Facial Oil 30ml', '£19.50', '£65.00 / 100ml')
('https://www.sainsburys.co.uk/shop/gb/groceries/product/details/natural-beauty-products/urban-veda-rose-botanics-reviving-hydrating-toner-150ml', 'Urban Veda Rose + Botanics Reviving Hydrating Toner 150ml', '£8.50', '£5.67 / 100ml')
('https://www.sainsburys.co.uk/shop/gb/groceries/product/details/natural-beauty-products/burts-bees-micellar-cleansing-water-3548ml', "Burt's Bees Micellar Cleansing Water", '£5.00', '£1.41 / 100ml')
('https://www.sainsburys.co.uk/shop/gb/groceries/product/details/natural-beauty-products/balance-me-tinted-wonder-eye-cream-10ml', 'Balance Me Tinted Wonder Eye Cream 10ml', '£13.50', '£135.00 / 100ml')
('https://www.sainsburys.co.uk/shop/gb/groceries/product/details/natural-beauty-products/burts-bees-micellar-cleansing-towelettes-30-count', "Burt's Bees Micellar Cleansing Wipes", '£1.50', '5p / wipe')
('https://www.sainsburys.co.uk/shop/gb/groceries/product/details/natural-beauty-products/urban-veda-rose-botanics-reviving-renewal-night-cream-50ml', 'Urban Veda Rose + Botanics Reviving Renewal Night Cream 50ml', '£13.00', '£26.00 / 100ml')
('https://www.sainsburys.co.uk/shop/gb/groceries/product/details/fat-free-and-low-fat-yogurts/activia-no-added-sugar-0-fat-strawberry-yogurt-4x120g', 'Activia No Added Sugar 0% Fat Strawberry Yogurt 4x120g', '£1.00', '21p / 100g')
('https://www.sainsburys.co.uk/shop/gb/groceries/product/details/fat-free-and-low-fat-yogurts/danone-light---free-peach-4x115g', 'Light & Free Greek Style Peach & Passionfruit Yogurt 4x115g', '£2.50', '54p / 100g')
('https://www.sainsburys.co.uk/shop/gb/groceries/product/details/fat-free-and-low-fat-yogurts/arla-protein-blueberry-yogurt-200g', 'Arla Protein Blueberry 200g', '£1.15', '58p / 100g')
('https://www.sainsburys.co.uk/shop/gb/groceries/product/details/fat-free-and-low-fat-yogurts/yeo-valley-organic-0-fat-greek-style-yogurt-with-honey-4x120g', 'Yeo Valley Organic 0% Fat Greek Style Yogurt With Honey 4x120g', '£2.00', '42p / 100g')
('https://www.sainsburys.co.uk/shop/gb/groceries/product/details/fat-free-and-low-fat-yogurts/fage-total-0-fat-free-greek-recipe-strained-yogurt-with-raspberry-pomegranate-170g', 'FAGE Total 0% Fat Free Greek Recipe Strained Yogurt with Raspberry Pomegranate 170g', '55p', '33p / 100g')
('https://www.sainsburys.co.uk/shop/gb/groceries/product/details/fat-free-and-low-fat-yogurts/onken-fat-free-strawberry-yogurt-450g', 'Onken Fat Free Strawberry Yogurt 450g', '£1.75', '39p / 100g')
('https://www.sainsburys.co.uk/shop/gb/groceries/product/details/fat-free-and-low-fat-yogurts/muller-light-vanilla---chocolate-165g', 'Müller Light Fat Free Vanilla Yogurt with Chocolate Sprinkles 160g', '50p', '31p / 100g')
('https://www.sainsburys.co.uk/shop/gb/groceries/product/details/fat-free-and-low-fat-yogurts/rowan-glen-low-fat-strawberry-yogurt-4x125g', 'Rowan Glen Low Fat Strawberry Yogurt 4x125g', '£1.00', '20p / 100g')
('https://www.sainsburys.co.uk/shop/gb/groceries/product/details/fat-free-and-low-fat-yogurts/sainsburys-natural-greek-style-yogurt--be-good-to-yourself-500g', "Sainsbury's Greek Style Low Fat Natural Yogurt 500g", '85p', '17p / 100g')
('https://www.sainsburys.co.uk/shop/gb/groceries/product/details/fat-free-and-low-fat-yogurts/spelga-low-fat-assorted-fruit-yogurt-4x125g', 'Spelga Low Fat Assorted Fruit Yogurt 4x125g', '£1.00', '20p / 100g')
('https://www.sainsburys.co.uk/shop/gb/groceries/product/details/fat-free-and-low-fat-yogurts/spelga-strawberry-yogurt-4x125g', 'Spelga Strawberry Yogurt 4x125g', '£1.00', '20p / 100g')
('https://www.sainsburys.co.uk/shop/gb/groceries/product/details/fat-free-and-low-fat-yogurts/spelga-low-fat-peach-yogurt-125g', 'Spelga Low Fat Peach Yogurt 125g', '50p', '40p / 100g')
('https://www.sainsburys.co.uk/shop/gb/groceries/product/details/fat-free-and-low-fat-yogurts/yeo-valley-organic-natural-fat-free-yogurt-500g', 'Yeo Valley Organic 0% Fat Natural Yogurt 500g', '£1.65', '33p / 100g')
('https://www.sainsburys.co.uk/shop/gb/groceries/product/details/fat-free-and-low-fat-yogurts/yeo-valley-greek-style-natural-yog-950g', 'Yeo Valley Organic Greek Style Natural Yogurt 950g', '£3.00', '32p / 100g')
('https://www.sainsburys.co.uk/shop/gb/groceries/product/details/fat-free-and-low-fat-yogurts/yeo-valley-super-thick-5-natural-450g', 'Yeo Valley Super Thick 5% Natural Yoghurt 450g', '£2.75', '61p / 100g')
('https://www.sainsburys.co.uk/shop/gb/groceries/product/details/fat-free-and-low-fat-yogurts/grahams-skyr-pouch-raspberry-150g', "Graham's The Family Dairy Skyr Raspberry Icelondic Style Yogurt 150g", '£1.00', '67p / 100g')
('https://www.sainsburys.co.uk/shop/gb/groceries/product/details/fat-free-and-low-fat-yogurts/sainsburys-strawberry-light-yoghurts-4x100g', "Sainsbury's Strawberry Light Yoghurts 4x100g", '£1.00', '25p / 100g')
('https://www.sainsburys.co.uk/shop/gb/groceries/product/details/fat-free-and-low-fat-yogurts/lindahls-kvarg-raspberry-150g', 'Lindahls Kvarg Raspberry 150g', '95p', '63p / 100g')
('https://www.sainsburys.co.uk/shop/gb/groceries/product/details/fat-free-and-low-fat-yogurts/yeo-valley-family-farm-0-fat-greek-style-natural-450g', 'Yeo Valley Family Farm 0% Fat Greek Style Natural 450g', '£1.70', '38p / 100g')
('https://www.sainsburys.co.uk/shop/gb/groceries/product/details/fat-free-and-low-fat-yogurts/grahams-the-family-dairy-skyr-natural-icelandic-style-yogurt', "Graham's The Family Dairy Skyr Natural Icelandic Style Yogurt", '£1.20', '26p / 100g')
('https://www.sainsburys.co.uk/shop/gb/groceries/product/details/fat-free-and-low-fat-yogurts/glenisk-0-fat-protein-natural-yogurt-500g', 'Glenisk 0% Fat Protein Natural Yogurt 500g', '£2.20', '44p / 100g')
('https://www.sainsburys.co.uk/shop/gb/groceries/product/details/fat-free-and-low-fat-yogurts/liberte-greek-style-low-fat-mango-yogurt-4x100g', 'Liberte Fat Free Mango Yogurt 4x100g', '£1.00', '25p / 100g')
('https://www.sainsburys.co.uk/shop/gb/groceries/product/details/fat-free-and-low-fat-yogurts/activia-intensely-creamy-bluebrry-4x110g', 'Activia Intensely Creamy Blueberry Greek Style Yogurt 4x110g', '£2.00', '45p / 100g')
('https://www.sainsburys.co.uk/shop/gb/groceries/product/details/fat-free-and-low-fat-yogurts/activia-fat-free-vanilla-4x125g', 'Activia No Added Sugar 0% Fat Vanilla Yogurt 4x120g', '£1.00', '20p / 100g')
('https://www.sainsburys.co.uk/shop/gb/groceries/product/details/indulgent-yogurts-desserts/clandeboye-mango-nectarine-greek-style-yogurt-150g', 'Clandeboye Mango & Nectarine Greek Style Yogurt 150g', '90p', '60p / 100g')
('https://www.sainsburys.co.uk/shop/gb/groceries/product/details/indulgent-yogurts-desserts/sainsburys-hazelnut-yogurt--taste-the-difference-150g', "Sainsbury's Hazelnut Yogurt, Taste the Difference 150g", '70p', '47p / 100g')
('https://www.sainsburys.co.uk/shop/gb/groceries/product/details/indulgent-yogurts-desserts/muller-corner-toffee-yogurt-with-chocolate-hoops-130g-7553406-p', 'Muller Corner Toffee Yogurt with Chocolate Hoops 130g', '35p', '27p / 100g')
('https://www.sainsburys.co.uk/shop/gb/groceries/product/details/indulgent-yogurts-desserts/ski-lemon-meringue-mousse-4x60g', 'Ski Mousse Lemon Meringue 4x60g', '£1.40', '58p / 100g')
('https://www.sainsburys.co.uk/shop/gb/groceries/product/details/indulgent-yogurts-desserts/aero-finesse-milk-chocolate-mousse-4x57g', 'Aero Creations Mousse Milk Chocolate 4x57g', '£1.50', '66p / 100g')
('https://www.sainsburys.co.uk/shop/gb/groceries/product/details/indulgent-yogurts-desserts/rolo-dessert-twin-pack-2x70g', 'Rolo Dessert 2x70g', '£1.50', '£1.07 / 100g')
('https://www.sainsburys.co.uk/shop/gb/groceries/product/details/indulgent-yogurts-desserts/sainsburys-lavender-honey---ginger-west-country-yogurt--taste-the-difference-150g', "Sainsbury's West Country Spanish Honey & Ginger Yogurt, Taste the Difference 150g", '70p', '47p / 100g')
('https://www.sainsburys.co.uk/shop/gb/groceries/product/details/indulgent-yogurts-desserts/muller-rice-strawberry-190g', 'Müller Rice Strawberry Low Fat Pudding Desserts 180g', '50p', '28p / 100g')
('https://www.sainsburys.co.uk/shop/gb/groceries/product/details/indulgent-yogurts-desserts/muller-rice-vanilla-190g', 'Müller Rice Vanilla Custard Low Fat Pudding Dessert 180g', '50p', '28p / 100g')
('https://www.sainsburys.co.uk/shop/gb/groceries/product/details/indulgent-yogurts-desserts/yoplait-perle-de-lait-lemon-4x125g', 'Perle de Lait Lemon Yogurt 4x125g', '£1.00', '20p / 100g')
('https://www.sainsburys.co.uk/shop/gb/groceries/product/details/indulgent-yogurts-desserts/cadbury-twin-pot-buttons-90g', 'Cadbury Dairy Milk Buttons Chocolate Dessert 85g', '47p', '52p / 100g')
('https://www.sainsburys.co.uk/shop/gb/groceries/product/details/indulgent-yogurts-desserts/longley-farm-rhubarb-yogurt-150g', 'Longley Farm Rhubarb Yogurt 150g', '50p', '33p / 100g')
('https://www.sainsburys.co.uk/shop/gb/groceries/product/details/indulgent-yogurts-desserts/gü-free-from-spanish-lemon-cheesecake-desserts-2x92g', 'Gü Free From Spanish Lemon Cheesecake Vegan & Gluten Free Desserts 2x92g', '£3.50', '£1.90 / 100g')
('https://www.sainsburys.co.uk/shop/gb/groceries/product/details/indulgent-yogurts-desserts/yåar-nordic-quark-bar-cloudberry-40g', 'Yaar Nordic Yogurt Bar Cloudberry Bar 40g', '75p', '£1.88 / 100g')
('https://www.sainsburys.co.uk/shop/gb/groceries/product/details/indulgent-yogurts-desserts/bonne-maman-strawberry-mousse-2x70g', 'Bonne Maman Strawberry Mousse 2x70g', '£1.60', '£1.14 / 100g')
('https://www.sainsburys.co.uk/shop/gb/groceries/product/details/new-ready-meals/plant-pioneers-macaroni-bake-375g', 'Plant Pioneers Macaroni Bake 375g', '£2.75', '£7.33 / kg')
('https://www.sainsburys.co.uk/shop/gb/groceries/product/details/new-ready-meals/sainsburys-honey-mustard-parsnips-taste-the-difference-450g', "Sainsbury's Honey & Mustard Parsnips, Taste the Difference 450g", '£2.50', '£5.56 / kg')
('https://www.sainsburys.co.uk/shop/gb/groceries/product/details/new-ready-meals/sainsburys-smokey-bean-casserole-pot-400g', "Sainsbury's Smokey Bean One Pot 400g", '£3.00', '£7.50 / kg')
('https://www.sainsburys.co.uk/shop/gb/groceries/product/details/new-ready-meals/sainsburys-pesto-crusted-atlantic-cod-loins-taste-the-difference-x2-760g', "Sainsbury's Pesto Crusted Atlantic Cod Loins, Taste the Difference x2 760g", '£10.00', '£13.16 / kg')
('https://www.sainsburys.co.uk/shop/gb/groceries/product/details/new-ready-meals/sainsburys-my-goodness!-katsu-chicken-curry-380g', "Sainsbury's My Goodness! Katsu Chicken Curry 380g", '£3.00', '£7.89 / kg')
('https://www.sainsburys.co.uk/shop/gb/groceries/product/details/new-ready-meals/sainsburys-my-goodness!-roasted-vegetable-pasta-380g', "Sainsbury's My Goodness! Roasted Vegetable Pasta 380g", '£3.00', '£7.89 / kg')
('https://www.sainsburys.co.uk/shop/gb/groceries/product/details/new-ready-meals/sainsburys-my-goodness!-haddock-watercress-risotto-380g', "Sainsbury's My Goodness! Haddock & Watercress Risotto 380g", '£3.00', '£7.89 / kg')
('https://www.sainsburys.co.uk/shop/gb/groceries/product/details/new-ready-meals/plant-pioneers-cottage-pie-400g', 'Plant Pioneers Cottage Pie 400g', '£2.75', '£6.88 / kg')
('https://www.sainsburys.co.uk/shop/gb/groceries/product/details/new-ready-meals/plant-pioneers-roast-potatoes-450g', 'Plant Pioneers Roast Potatoes 450g', '£2.00', '£4.44 / kg')
('https://www.sainsburys.co.uk/shop/gb/groceries/product/details/new-ready-meals/sainsburys-vegetable-curry-pot-400g', "Sainsbury's Vegetable Curry One Pot 400g", '£3.00', '£7.50 / kg')
('https://www.sainsburys.co.uk/shop/gb/groceries/product/details/new-ready-meals/sainsburys-moroccan-cous-cous-pot-400g', "Sainsbury's Moroccan Chickpea & Couscous One Pot 400g", '£3.00', '£7.50 / kg')
('https://www.sainsburys.co.uk/shop/gb/groceries/product/details/new-ready-meals/sainsburys-slow-cooked-british-beef-shin-casserole-in-a-rich-beef-red-wine-gravy-1kg', "Sainsbury's Slow Cooked British Beef Shin Casserole in a Rich Beef & Red Wine Gravy 1kg", '£9.00', '£9.00 / kg')
('https://www.sainsburys.co.uk/shop/gb/groceries/product/details/new-ready-meals/danone-peach-no-added-sugar-yogurt-4x110g', 'Danone Peach No Added Sugar Yogurt 4x110g', '£1.25', '29p / 100g')
('https://www.sainsburys.co.uk/shop/gb/groceries/product/details/new-ready-meals/richmond-family-tomato-sausage-pasta-14kg', 'Richmond Family Sausage & Tomato Pasta 1.4kg (Serves 4)', '£4.00', '£2.86 / kg')
('https://www.sainsburys.co.uk/shop/gb/groceries/product/details/new-ready-meals/sainsburys-my-goodness!-prawn-linguine-380g', "Sainsbury's My Goodness! Prawn Linguine 380g", '£3.00', '£7.89 / kg')
('https://www.sainsburys.co.uk/shop/gb/groceries/product/details/new-ready-meals/plant-pioneers-lasagne-400g', 'Plant Pioneers Lasagne 400g', '£2.75', '£6.88 / kg')
('https://www.sainsburys.co.uk/shop/gb/groceries/product/details/new-ready-meals/sainsburys-vegetable-selection-taste-the-difference-240g', "Sainsbury's Vegetable Selection, Taste the Difference 240g", '£4.00', '£16.67 / kg')
('https://www.sainsburys.co.uk/shop/gb/groceries/product/details/new-ready-meals/sainsburys-classic-ham--cauliflower---cheese-bake-400g', "Sainsbury's Classic Ham, Cauliflower & Cheese Bake 400g (Serves 1)", '£3.00', '£7.50 / kg')
('https://www.sainsburys.co.uk/shop/gb/groceries/product/details/wasabi-44/wasabi-k-wings-soy-garlic-sauce-265g', 'Wasabi K-wings & Soy, Garlic Sauce 265g', '£2.75', '£13.41 / kg')
('https://www.sainsburys.co.uk/shop/gb/groceries/product/details/wasabi-44/wasabi-sushi-bento-chicken-gyoza-105g', 'Wasabi Sushi & Bento Chicken Gyoza 105g', '£2.50', '£25.00 / kg')
('https://www.sainsburys.co.uk/shop/gb/groceries/product/details/wasabi-44/wasabi-katsu-curry-meal-for-2-1220g', 'Wasabi Katsu Curry Meal For 2 1220g', '£10.00', '£8.53 / kg')
('https://www.sainsburys.co.uk/shop/gb/groceries/product/details/wasabi-44/wasabi-katsu-finger-sriricha-mayo-170g', 'Wasabi Chicken Katsu Fingers & Sriracha Mayo 170g', '£3.00', '£18.75 / kg')
('https://www.sainsburys.co.uk/shop/gb/groceries/product/details/wasabi-44/wasabi-vegetable-gyoza-100g', 'Wasabi Vegetable Gyoza 100g', '£2.50', '£25.00 / kg')
('https://www.sainsburys.co.uk/shop/gb/groceries/product/details/ready-meals-special-offers/sainsburys-spaghetti-carbonara-400g-serves-1-', "Sainsbury's Spaghetti Carbonara 400g (Serves 1)", '£2.00', '£5.00 / kg')
('https://www.sainsburys.co.uk/shop/gb/groceries/product/details/ready-meals-special-offers/sainsburys-slow-cook-smokey-bbq-pork-ribs-676g', "Sainsbury's Slow Cooked British Pork Ribs Smokey BBQ Sauce 676g (Serves 2)", '£4.50', '£6.66 / kg')
('https://www.sainsburys.co.uk/shop/gb/groceries/product/details/ready-meals-special-offers/sainsburys-plain-naan-260g', "Sainsbury's Indian Plain Naan x2 260g", '80p', '30p / 100g')
('https://www.sainsburys.co.uk/shop/gb/groceries/product/details/ready-meals-special-offers/sainsburys-garlic---coriander-naan-260g', "Sainsbury's Indian Garlic & Coriander Naan 260g", '80p', '30p / 100g')
('https://www.sainsburys.co.uk/shop/gb/groceries/product/details/ready-meals-special-offers/spar-sausages-mash-with-onion-gravy-450g', 'SPAR Sausages & Mash with Onion Gravy 450g', '£2.99', '£6.64 / kg')
('https://www.sainsburys.co.uk/shop/gb/groceries/product/details/ready-meals-special-offers/danone-peach-no-added-sugar-yogurt-4x110g', 'Danone Peach No Added Sugar Yogurt 4x110g', '£1.25', '29p / 100g')
('https://www.sainsburys.co.uk/shop/gb/groceries/product/details/ready-meals-special-offers/sainsburys-my-goodness!-prawn-linguine-380g', "Sainsbury's My Goodness! Prawn Linguine 380g", '£3.00', '£7.89 / kg')
('https://www.sainsburys.co.uk/shop/gb/groceries/product/details/ready-meals-special-offers/plant-pioneer-potato-dauphinoise-400g', 'Plant Pioneers Potato Dauphinoise 400g', '£2.25', '£5.63 / kg')
('https://www.sainsburys.co.uk/shop/gb/groceries/product/details/ready-meals-special-offers/little-dish-vegetable-chilli-200g', 'Little Dish Plant Based Veg Chilli & Rice 200g', '£1.80', '£9.00 / kg')
('https://www.sainsburys.co.uk/shop/gb/groceries/product/details/ready-meals-special-offers/sainsburys-chicken-vindaloo-rice-400g', "Sainsbury's Indian Chicken Vindaloo & Rice 400g", '£2.30', '£5.75 / kg')
('https://www.sainsburys.co.uk/shop/gb/groceries/product/details/ready-meals-special-offers/sainsburys-beef-lasagne-12kg', "Sainsbury's Beef Lasagne 1.2kg", '£4.50', '£3.75 / kg')
('https://www.sainsburys.co.uk/shop/gb/groceries/product/details/ready-meals-special-offers/sainsburys-meatball-pasta-bake-12kg', "Sainsbury's Meatball Pasta Bake 1.2kg", '£4.50', '£3.75 / kg')
('https://www.sainsburys.co.uk/shop/gb/groceries/product/details/ready-meals-special-offers/sainsburys-taste-the-difference-chicken-bacon-pasta-bake-375g', "Sainsbury's Taste the Difference Chicken & Bacon Pasta Bake 375g", '£3.00', '£8.00 / kg')
('https://www.sainsburys.co.uk/shop/gb/groceries/product/details/ready-meals-special-offers/sainsburys-vegetable-pakoras-x6-180g', "Sainsbury's Vegetable Pakoras x6 180g", '£1.25', '£6.94 / kg')
('https://www.sainsburys.co.uk/shop/gb/groceries/product/details/ready-meals-special-offers/sainsburys-just-cook-mini-chicken-roast-355g', "Sainsbury's Just Cook Mini Chicken Roast 355g (Serves 2)", '£3.25', '£9.15 / kg')
('https://www.sainsburys.co.uk/shop/gb/groceries/product/details/ready-meals-special-offers/sainsburys-bolognese-melt-400g-serves-1-', "Sainsbury's Bolognese Melt 400g (Serves 1)", '£2.00', '£5.00 / kg')
('https://www.sainsburys.co.uk/shop/gb/groceries/product/details/ready-meals-special-offers/sainsburys-chicken-breasts-with-red-pesto-427g', "Sainsbury's Just Cook Chicken Breasts with Red Pesto 427g (Serves 2)", '£3.25', '£7.61 / kg')
('https://www.sainsburys.co.uk/shop/gb/groceries/product/details/easter-special-offers/cadbury-white-oreo-peter-rabbit-hollow-bunny-100g', 'Cadbury White Oreo Peter Rabbit Hollow Bunny 100g', '£2.50', '£2.50 / 100g')
('https://www.sainsburys.co.uk/shop/gb/groceries/product/details/easter-special-offers/sainsburys-deliciously-free-from-strawberry-white-chocolate-bunny-bar-35g', "Sainsbury's Deliciously Free From Strawberry & White Chocolate Bunny Bar 35g", '£1.00', '£2.86 / 100g')
('https://www.sainsburys.co.uk/shop/gb/groceries/product/details/easter-special-offers/sainsburys-deliciously-free-from-white-chocolate-bunny-bar-35g', "Sainsbury's Deliciously Free From White Chocolate Bunny Bar 35g", '£1.00', '£2.86 / 100g')
('https://www.sainsburys.co.uk/shop/gb/groceries/product/details/easter-special-offers/kalanchoe-in-gift-bag', 'Kalanchoe In Gift Bag', '1p', '1p / ea')
('https://www.sainsburys.co.uk/shop/gb/groceries/product/details/easter-special-offers/walkers-max-strong-variety-crisps-6x27g', 'Walkers Max Strong Variety Multipack Crisps 6x27g', '£1.25', '77p / 100g')
('https://www.sainsburys.co.uk/shop/gb/groceries/product/details/easter-special-offers/sainsburys-home-easter-printed-hi-ball-assortment', "Sainsbury's Home Easter Printed Hi Ball Assortment", '£1.50', '£1.50 / ea')
('https://www.sainsburys.co.uk/shop/gb/groceries/product/details/easter-special-offers/galaxy-minstrels-large-egg-262g', 'Galaxy Minstrels Chocolate Large Easter Egg 262g', '£3.00', '£1.15 / 100g')
('https://www.sainsburys.co.uk/shop/gb/groceries/product/details/easter-special-offers/lindt-gold-bunny-flower-milk-100g', 'Lindt Special Edition Gold Bunny Milk 100g', '£3.00', '£3.00 / 100g')
('https://www.sainsburys.co.uk/shop/gb/groceries/product/details/easter-special-offers/smarties-giant-inclusion-egg-470g', 'Smarties Incredible Inclusion Milk Chocolate Giant Easter Egg 470g', '£1.00', '21p / 100g')
('https://www.sainsburys.co.uk/shop/gb/groceries/product/details/easter-special-offers/cadburys-dairy-milk-chunk-egg-71g', 'Cadbury Dairy Milk Chocolate Chunk & Easter Egg 71g', '£1.00', '£1.41 / 100g')
('https://www.sainsburys.co.uk/shop/gb/groceries/product/details/easter-special-offers/toffifee-x12-100g', 'Toffifee x12 100g', '£1.00', '£1.00 / 100g')
('https://www.sainsburys.co.uk/shop/gb/groceries/product/details/easter-special-offers/leon-pea-lentiful-dip-150g', 'Leon Vegan Pea-lentiful Dip 150g', '£2.00', '£1.33 / 100g')
('https://www.sainsburys.co.uk/shop/gb/groceries/product/details/easter-special-offers/lindt-nuxor-milk-165g', 'Lindt Nuxor with Milk Chocolate 165g', '£5.00', '£3.03 / 100g')
('https://www.sainsburys.co.uk/shop/gb/groceries/product/details/easter-special-offers/warburtons-brioche-burger-buns-x-4', 'Warburtons Brioche Burger Buns x 4', '£1.30', '33p / ea')
('https://www.sainsburys.co.uk/shop/gb/groceries/product/details/easter-special-offers/aunt-bessies-bramley-apple-pie-550g', "Aunt Bessie's Family Apple Pie 550g", '£1.50', '27p / 100g')
('https://www.sainsburys.co.uk/shop/gb/groceries/product/details/easter-special-offers/sh-20pk-scandi-floral-blue-lunch-napkin', "Sainsbury's Home 20pk Scandi Floral Blue Lunch Napkin", '£2.00', '£2.00 / ea')
('https://www.sainsburys.co.uk/shop/gb/groceries/product/details/easter-special-offers/fentimans-light-rose-lemonade-250ml', 'Fentimans Light Rose Lemonade 250ml', '£1.25', '50p / 100ml')
('https://www.sainsburys.co.uk/shop/gb/groceries/product/details/easter-special-offers/the-greengrocer-sweetcorn-950g', 'The Greengrocer Sweetcorn 950g', '89p', '94p / kg')
('https://www.sainsburys.co.uk/shop/gb/groceries/product/details/easter-special-offers/brew-city-cheesy-brew-bites-200g', 'Brew City Cheesy Brew Bites 200g', '£2.75', '£13.75 / kg')
('https://www.sainsburys.co.uk/shop/gb/groceries/product/details/easter-special-offers/sainsburys-meringue-nests--taste-the-difference-108g-x8', "Sainsbury's Meringue Nests, Taste the Difference 108g x8", '£1.60', '£1.48 / 100g')
('https://www.sainsburys.co.uk/shop/gb/groceries/product/details/easter-special-offers/sainsburys-chicken-gravy--taste-the-difference-320g', "Sainsbury's Chicken Gravy, Taste the Difference 320g", '£1.20', '35p / 100g')
('https://www.sainsburys.co.uk/shop/gb/groceries/product/details/easter-special-offers/captain-morgans-spiced-gold-70cl', 'Captain Morgan Spiced Gold Rum 70cl', '£15.50', '£22.14 / ltr')
('https://www.sainsburys.co.uk/shop/gb/groceries/product/details/easter-special-offers/gordons-dry-gin-1l', "Gordon's London Dry Gin 1L", '£17.00', '£17.00 / ltr')
('https://www.sainsburys.co.uk/shop/gb/groceries/product/details/easter-special-offers/croft-original-sherry--original-1l', 'Croft Original Sherry, Original 1L', '£12.50', '£9.38 / 75cl')
('https://www.sainsburys.co.uk/shop/gb/groceries/product/details/easter-special-offers/smirnoff-red-label-vodka-1l', 'Smirnoff Red Label Vodka 1L', '£17.00', '£17.00 / ltr')
('https://www.sainsburys.co.uk/shop/gb/groceries/product/details/easter-special-offers/bells-scotch-whisky-1l', "Bell's Blended Scotch Whisky 1L", '£16.00', '£16.00 / ltr')
('https://www.sainsburys.co.uk/shop/gb/groceries/product/details/easter-special-offers/sainsburys-tomato-ketchup-680g', "Sainsbury's Tomato Ketchup 680g", '80p', '12p / 100g')
('https://www.sainsburys.co.uk/shop/gb/groceries/product/details/easter-special-offers/sainsburys-tartare-sauce--taste-the-difference-180g', "Sainsbury's Tartare Sauce, Taste the Difference 175g", '£1.50', '86p / 100g')
('https://www.sainsburys.co.uk/shop/gb/groceries/product/details/easter-special-offers/sainsburys-madagascan-vanilla-extract--taste-the-difference-38ml', "Sainsbury's Madagascan Vanilla Extract, Taste the Difference 38ml", '£2.00', '53p / 10ml')
('https://www.sainsburys.co.uk/shop/gb/groceries/product/details/easter-special-offers/kinder-surprise-chocolate-egg-x3-60g', 'Kinder Surprise Eggs 3x20', '£1.89', '£3.15 / 100g')
('https://www.sainsburys.co.uk/shop/gb/groceries/product/details/easter-special-offers/nestle-cheerios-600g', 'Nestle Multigrain Cheerios Cereal 600g', '£2.50', '42p / 100g')
('https://www.sainsburys.co.uk/shop/gb/groceries/product/details/easter-special-offers/sainsburys-deliciously-free-from-strawberry-white-chocolate-egg-100g', "Sainsbury's Deliciously Free From Strawberry & White Chocolate Egg 100g", '£3.50', '£3.50 / 100g')
('https://www.sainsburys.co.uk/shop/gb/groceries/product/details/easter-special-offers/galaxy-chocolate-easter-hunt-mix-3064g', 'Galaxy Chocolate Easter Hunt Mix 306.4g', '£5.00', '£1.63 / 100g')
('https://www.sainsburys.co.uk/shop/gb/groceries/product/details/easter-special-offers/milkybar-white-chocolate-bunny-44g', 'Milkybar White Chocolate Bunny 44g', '£1.00', '£2.27 / 100g')
('https://www.sainsburys.co.uk/shop/gb/groceries/product/details/easter-special-offers/sainsburys-strawberry-cream-hot-cross-buns-taste-the-difference-290g', "Sainsbury's Strawberries & Cream Hot Cross Buns, Taste the Difference 280g", '£1.25', '0p / g')
('https://www.sainsburys.co.uk/shop/gb/groceries/product/details/easter-special-offers/cocoa-co-single-origin-dark-chocolate-shimmer-egg-260g', 'Cocoa & Co. Single Origin Dark Chocolate Shimmer Egg 260g', '£10.00', '£3.85 / 100g')
('https://www.sainsburys.co.uk/shop/gb/groceries/product/details/easter-special-offers/jord-oat-1l', 'Jörd Organic Oat Drink 1L', '£1.80', '£1.80 / ltr')
('https://www.sainsburys.co.uk/shop/gb/groceries/product/details/easter-special-offers/sainsburys-vegetable-spring-rolls-288g', "Sainsbury's Vegetable Spring Rolls x16 288g", '£1.80', '£6.25 / kg')
('https://www.sainsburys.co.uk/shop/gb/groceries/product/details/easter-special-offers/sainsburys-oriental-selection-312g', "Sainsbury's Oriental Mini Selection x18 312g", '£2.50', '£8.01 / kg')
('https://www.sainsburys.co.uk/shop/gb/groceries/product/details/easter-special-offers/leon-korean-style-mayo-245ml-7988372-p-44', 'Leon Korean Style Mayo 245ml', '£2.50', '£1.04 / 100ml')
('https://www.sainsburys.co.uk/shop/gb/groceries/product/details/easter-special-offers/cocoa-co-teardrop-box-220g', 'Cocoa & Co. The Ultimate Favourites Chocolate Collection 220g', '£8.00', '£3.64 / 100g')
('https://www.sainsburys.co.uk/shop/gb/groceries/product/details/all-price-lock/mcvities-mini-milk-chocolate-digestive-150g', "McVitie's Mini Milk Chocolate Digestive Biscuits 150g", '£1.00', '88p / 100g')
('https://www.sainsburys.co.uk/shop/gb/groceries/product/details/all-price-lock/whiskas-in-jelly-wet-adult-1-cat-food-pouches-fish-12x100g', 'Whiskas in Jelly Wet Adult 1+ Cat Food Pouches Fish 12x100g', '£3.50', '£2.92 / kg')
('https://www.sainsburys.co.uk/shop/gb/groceries/product/details/all-price-lock/felix-cat-food-poultry-selection-in-jelly-12-x-100g-4165217-p', 'Felix Cat Food Poultry Selection In Jelly 12 X 100g', '£3.00', '£2.50 / kg')
('https://www.sainsburys.co.uk/shop/gb/groceries/product/details/all-price-lock/whiskas-in-gravy-wet-senior-7-cat-food-pouches-poultry-12x100g', 'Whiskas in Gravy Wet Senior 7+ Cat Food Pouches Poultry 12x100g', '£3.50', '£2.92 / kg')
('https://www.sainsburys.co.uk/shop/gb/groceries/product/details/all-price-lock/sainsburys-olive-oil-500ml', "Sainsbury's Olive Oil 500ml", '£2.35', '47p / 100ml')
('https://www.sainsburys.co.uk/shop/gb/groceries/product/details/all-price-lock/camp-chicory---coffee-essence-liquid-241ml', 'Camp Chicory & Coffee Essence Liquid 241ml', '£1.70', '71p / 100ml')
('https://www.sainsburys.co.uk/shop/gb/groceries/product/details/all-price-lock/sainsburys-fairtrade-golden-granulated-sugar-1kg', "Sainsbury's Fairtrade Golden Granulated Sugar 1kg", '£1.60', '£1.60 / kg')
('https://www.sainsburys.co.uk/shop/gb/groceries/product/details/all-price-lock/sainsburys-ruby-port-75cl', "Sainsbury's Ruby Port 75cl", '£7.15', '£7.15 / 75cl')
('https://www.sainsburys.co.uk/shop/gb/groceries/product/details/all-price-lock/sainsburys-peach-dice-in-mango-jelly-480g', "Sainsbury's Peach Dice In Mango Jelly 480g", '£1.50', '31p / 100g')
('https://www.sainsburys.co.uk/shop/gb/groceries/product/details/all-price-lock/sainsburys-chicken-jalfrezi-400g', "Sainsbury's Chicken Jalfrezi 400g", '£1.50', '£3.75 / kg')
('https://www.sainsburys.co.uk/shop/gb/groceries/product/details/all-price-lock/sainsburys-chicken-korma-400g', "Sainsbury's Chicken Korma 400g", '£1.50', '£3.75 / kg')
('https://www.sainsburys.co.uk/shop/gb/groceries/product/details/all-price-lock/cow---gate-multigrain-banana-porridge-baby-cereal-200g--7484898-p', 'Cow & Gate Multigrain Banana Porridge Baby Cereal 200g', '£2.00', '£1.00 / 100g')
('https://www.sainsburys.co.uk/shop/gb/groceries/product/details/all-price-lock/ellas-cheesy-pie-with-veggies--stage-2-7-months-130g', "Ella's Kitchen Organic Cheesy Pie Baby Pouch 7+ Months 130g", '£1.30', '£1.00 / 100g')
('https://www.sainsburys.co.uk/shop/gb/groceries/product/details/all-price-lock/johnsons-make-up-gone-refreshing-facial-wipes--normal-skin-x25', "Johnson's Make Up Be Gone Facial Wipes, Refreshing x25", '£1.50', '6p / wipe')
('https://www.sainsburys.co.uk/shop/gb/groceries/product/details/all-price-lock/sma-3-toddler-milk--ready-to-use-200ml', 'SMA PRO Growing Up Milk 1-3 Years 800g', '70p', '35p / 100ml')
('https://www.sainsburys.co.uk/shop/gb/groceries/product/details/all-price-lock/ellas-kitchen-organic-mango-baby-brekkie-100g', "Ella's Kitchen Organic Mango Baby Brekkie Pouch 6+ Months 100g", '£1.00', '£1.00 / 100g')
('https://www.sainsburys.co.uk/shop/gb/groceries/product/details/all-price-lock/ellas-organic-peaches---bananas--stage-1-120g', "Ella's Kitchen Organic Peaches and Bananas Baby Pouch 4+ Months 120g", '£1.00', '83p / 100g')
('https://www.sainsburys.co.uk/shop/gb/groceries/product/details/all-price-lock/hipp-organic-scrumptious-lasagne-260g', 'HiPP Organic Scrumptious Lasagne Tray Meal 230g 12 Month+', '£1.75', '76p / 100g')
('https://www.sainsburys.co.uk/shop/gb/groceries/product/details/all-price-lock/oracare-kids-soft-toothbrush-3-6-years', 'OraCare+ Kids Soft Toothbrush 3-6 Years', '£1.00', '£1.00 / ea')
('https://www.sainsburys.co.uk/shop/gb/groceries/product/details/all-price-lock/bahlsen-pick-up!-minis-milk-chocolate-biscuit-bars-10x106g', 'Bahlsen PiCK UP! Minis Milk Chocolate Biscuit Bars 10x10.6g', '£1.00', '94p / 100g')
('https://www.sainsburys.co.uk/shop/gb/groceries/product/details/all-price-lock/chicken-tonight-leek-and-bacon-one-pan-cooking-sauce-500g', 'Chicken Tonight Leek and Bacon One Pan Cooking Sauce 500g', '£1.20', '24p / 100g')
('https://www.sainsburys.co.uk/shop/gb/groceries/product/details/all-price-lock/sainsburys-basics-single-blade-mens-disposable-razors-x5', "Sainsbury's Single Blade Mens Disposable Razors x5", '30p', '6p / bld')
('https://www.sainsburys.co.uk/shop/gb/groceries/product/details/all-price-lock/burgess-excel-guinea-pig-nuggets-15kg', 'Burgess Excel Guinea Pig Nuggets 1.5kg', '£4.00', '£2.67 / kg')
('https://www.sainsburys.co.uk/shop/gb/groceries/product/details/all-price-lock/oracare-battery-powered-toothbrush', 'OraCare+ Battery Powered Toothbrush', '£6.00', '£6.00 / ea')
('https://www.sainsburys.co.uk/shop/gb/groceries/product/details/all-price-lock/surf-golden-blossom-laundry-liquids-875ml', 'Surf Coconut Bliss Laundry Liquids 875ml', '£3.00', '£3.43 / ltr')
('https://www.sainsburys.co.uk/shop/gb/groceries/product/details/all-price-lock/sainsburys-no-added-sugar-pineapple--mango---passionfruit-juice-1l', "Sainsbury's Pineapple Mango & Passionfruit Juice Drink, No Added Sugar 1L", '90p', '9p / 100ml')
('https://www.sainsburys.co.uk/shop/gb/groceries/product/details/all-price-lock/maynards-bassetts-wine-gums-sweets-bag-400g', 'Maynards Bassetts Wine Gums Sweets Bag 400g', '£2.00', '50p / 100g')
('https://www.sainsburys.co.uk/shop/gb/groceries/product/details/all-price-lock/sainsburys-adult-complete-nutrition-with-chicken---crunchy-snack-pockets-1-years-2kg', "Sainsbury's Complete Nutrition 1+ Adult Cat Food with Chicken & Crunchy Snack Pockets 2kg", '£2.50', '£1.25 / kg')
('https://www.sainsburys.co.uk/shop/gb/groceries/product/details/all-price-lock/sainsburys-senior-complete-nutrition-with-chicken---rice-25kg', "Sainsbury's Complete Nutrition Senior Dog Food with Chicken & Rice 2.5kg", '£2.50', '£1.00 / kg')
('https://www.sainsburys.co.uk/shop/gb/groceries/product/details/all-price-lock/sainsburys-adult-complete-nutrition-small-dog-with-chicken---vegetables-25kg', "Sainsbury's Complete Nutrition Adult Small Dry Dog Food with Chicken & Vegetables 2.5kg", '£2.50', '£1.00 / kg')
('https://www.sainsburys.co.uk/shop/gb/groceries/product/details/all-price-lock/sainsburys-adult-complete-nutrition-in-gravy-7-years-12-x-100g', "Sainsbury's Complete Nutrition 7+ Senior Cat Food Meat Selection in Gravy 12 x 100g", '£2.25', '£1.88 / kg')
('https://www.sainsburys.co.uk/shop/gb/groceries/product/details/all-price-lock/sainsburys-complete-nutrition-adult-dog-food-meat-selection-in-jelly-12-x-100g', "Sainsbury's Complete Nutrition Adult Dog Food Meat Selection in Jelly 12 x 100g", '£2.40', '£2.00 / kg')
('https://www.sainsburys.co.uk/shop/gb/groceries/product/details/all-price-lock/sainsburys-whole-chicken-19kg', "Sainsbury's British Fresh Large Whole Chicken 1.9kg", '£3.90', '£2.05 / kg')
('https://www.sainsburys.co.uk/shop/gb/groceries/product/details/all-price-lock/sainsburys-variety-crisps-22x25g', "Sainsbury's Classic Variety Assorted Crisps 22x25g", '£2.50', '45p / 100g')
('https://www.sainsburys.co.uk/shop/gb/groceries/product/details/all-price-lock/oxo-vegetable-stock-cubes-x24-142g', 'Oxo Vegetable Stock Cubes x24 142g', '£2.00', '£1.41 / 100g')
('https://www.sainsburys.co.uk/shop/gb/groceries/product/details/all-price-lock/kelloggs-frosties-1kg', "Kellogg's Frosties 1kg", '£3.50', '35p / 100g')
('https://www.sainsburys.co.uk/shop/gb/groceries/product/details/all-price-lock/good-boy-pawsley---co-tender-beef-fillets-90g', 'Good Boy Pawsley & Co Tender Beef Fillets Dog Treats 90g', '£2.25', '£25.00 / kg')
('https://www.sainsburys.co.uk/shop/gb/groceries/product/details/all-price-lock/sainsburys-honey-bourbon-70cl', "Dixie Pete's Honey Bourbon Liqueur 70cl", '£14.35', '£20.50 / ltr')
('https://www.sainsburys.co.uk/shop/gb/groceries/product/details/all-price-lock/ghost-ship-5l-keg', 'Ghost Ship Pale Ale 5L Keg', '£15.00', '£3.00 / ltr')
('https://www.sainsburys.co.uk/shop/gb/groceries/product/details/all-price-lock/magners-irish-cider-original-4x440ml', 'Magners Irish Cider Original Cans 4x440ml', '£3.75', '£2.13 / ltr')
('https://www.sainsburys.co.uk/shop/gb/groceries/product/details/new-355373-44/sainsburys-home-santa-town-napkins-x20-133980621-p', "Sainsbury's Home Santa Town Napkins x20", '£2.00', '£2.00 / ea')
('https://www.sainsburys.co.uk/shop/gb/groceries/product/details/new-355373-44/sainsburys-home-border-gold-cluster-tree-tablecover-120x180cm-133980188-p', "Sainsbury's Home Border Gold Cluster Tree Tablecover 120x180cm", '£3.50', '£3.50 / ea')
('https://www.sainsburys.co.uk/shop/gb/groceries/product/details/new-355373-44/sainsburys-home-silver---pink-snowflake-tablecover-120x180cm-133980111-p', "Sainsbury's Home Silver & Pink Snowflake Tablecover 120x180cm", '£3.50', '£3.50 / ea')
('https://www.sainsburys.co.uk/shop/gb/groceries/product/details/new-355373-44/sainsburys-home-grey-mustard-geometric-shower-mat-133976710-p', "Sainsbury's Home Grey Mustard Geometric Shower Mat", '£10.00', '£10.00 / ea')
('https://www.sainsburys.co.uk/shop/gb/groceries/product/details/new-355373-44/sainsburys-home-midnight-opulence-nubuck-scallop-notebook-133968744-p', "Sainsbury's Home Midnight Opulence Nubuck Scallop Notebook", '£6.00', '£6.00 / ea')
('https://www.sainsburys.co.uk/shop/gb/groceries/product/details/new-355373-44/skin-deep-assorted-skin-tone-plasters-dark-x40', 'Skin Deep Assorted Skin Tone Plasters Dark x40', '£2.00', '£2.00 / ea')
('https://www.sainsburys.co.uk/shop/gb/groceries/product/details/new-355373-44/sainsburys-home-speckled-napkins-20pk', "Sainsbury's Home Speckled Napkins - 20pk", '£2.00', '£2.00 / ea')
('https://www.sainsburys.co.uk/shop/gb/groceries/product/details/new-355373-44/rude-health-low-sugar-granola-almond-hazelnut-400g', 'Rude Health Low Sugar Granola Almond & Hazelnut 400g', '£2.35', '59p / 100g')
('https://www.sainsburys.co.uk/shop/gb/groceries/product/details/new-355373-44/wilkinson-sword-quattro-titanium-sensitive-mens-razor-blades-x8', "Wilkinson Sword Quattro Titanium Sensitive Men's Razor Blades x8", '£12.00', '£1.50 / bld')
('https://www.sainsburys.co.uk/shop/gb/groceries/product/details/new-355373-44/imperfectly-tasty-red-onions-1kg', 'Imperfectly Tasty Red Onions 1kg', '59p', '59p / kg')
('https://www.sainsburys.co.uk/shop/gb/groceries/product/details/new-355373-44/mini-folding-book-light', 'Mini Folding Book Light', '£8.00', '£8.00 / ea')
('https://www.sainsburys.co.uk/shop/gb/groceries/product/details/new-355373-44/maybelline-super-stay-7-days-160-gel-nail-color-pink-10ml', 'Maybelline Super Stay 7 Days 160 Gel Nail Color Pink 10ml', '£3.50', '£3.50 / ea')
('https://www.sainsburys.co.uk/shop/gb/groceries/product/details/new-355373-44/maybelline-super-stay-active-wear-30hr-liquid-foundation-05-light-beige', 'Maybelline Super Stay Active Wear 30Hr Liquid Foundation 05 Light Beige', '£8.00', '£8.00 / ea')
('https://www.sainsburys.co.uk/shop/gb/groceries/product/details/new-355373-44/maybelline-super-stay-active-wear-30hr-liquid-foundation-30-sand', 'Maybelline Super Stay Active Wear 30Hr Liquid Foundation 30 Sand', '£8.00', '£8.00 / ea')
('https://www.sainsburys.co.uk/shop/gb/groceries/product/details/new-355373-44/maybelline-super-stay-active-wear-30hr-liquid-foundation-03-true-ivory', 'Maybelline Super Stay Active Wear 30Hr Liquid Foundation 03 True Ivory', '£8.00', '£8.00 / ea')
('https://www.sainsburys.co.uk/shop/gb/groceries/product/details/new-355373-44/maybelline-super-stay-active-wear-30hr-liquid-foundation-01-alabaster', 'Maybelline Super Stay Active Wear 30Hr Liquid Foundation 01 Alabaster', '£8.00', '£8.00 / ea')
('https://www.sainsburys.co.uk/shop/gb/groceries/product/details/new-355373-44/maybelline-tattoo-eyeliner-gel-pencil-deep-onyx', 'Maybelline Tattoo Eyeliner Gel Pencil Deep Onyx', '£5.00', '£5.00 / ea')
('https://www.sainsburys.co.uk/shop/gb/groceries/product/details/new-355373-44/nivea-protect-moisture-sun-lotion-spf50-200ml', 'Nivea Protect & Moisture Sun Lotion SPF50+ 200ml', '£5.00', '£2.50 / 100ml')
('https://www.sainsburys.co.uk/shop/gb/groceries/product/details/new-355373-44/benacort-adults-hayfever-relief-64-mg-nasal-sprays-x60', 'Benacort Adults Hayfever Relief 64 Mg Nasal Sprays x60', '£6.00', '£6.00 / ea')
('https://www.sainsburys.co.uk/shop/gb/groceries/product/details/new-355373-44/glade-sense-spray-holder-refill-tropical-blossoms-air-freshener-18ml', 'Glade Sense & Spray Holder & Refill Tropical Blossoms Air Freshener 18ml', '£8.00', '£8.00 / ea')
('https://www.sainsburys.co.uk/shop/gb/groceries/product/details/new-355373-44/oysters-x6-360g', 'Oysters x6 360g', '£3.00', '83p / 100g')
('https://www.sainsburys.co.uk/shop/gb/groceries/product/details/new-355373-44/glade-electric-holder-refill-mandarin-sunshine-essential-oil-diffuser-20ml', 'Glade Electric Holder & Refill Mandarin & Sunshine Essential Oil Diffuser 20ml', '£3.50', '£3.50 / ea')
('https://www.sainsburys.co.uk/shop/gb/groceries/product/details/new-355373-44/youngs-ocean-pie-375g', "Young's Ocean Pie 375g", '£2.20', '£5.87 / kg')
('https://www.sainsburys.co.uk/shop/gb/groceries/product/details/new-355373-44/the-collective-kefir-natural-cultured-yoghurt-400g', 'The Collective Kefir Natural Cultured Yoghurt 400g', '£2.00', '50p / 100g')
('https://www.sainsburys.co.uk/shop/gb/groceries/product/details/new-355373-44/harrys-shower-gel-redwood-for-men-250ml', "Harry's Shower Gel Redwood for Men 250ml", '£5.00', '£2.00 / 100ml')
('https://www.sainsburys.co.uk/shop/gb/groceries/product/details/new-355373-44/loma-linda-tuno-lemon-pepper-142g', 'Loma Linda Tuno Lemon Pepper 142g', '£1.00', '71p / 100g')
('https://www.sainsburys.co.uk/shop/gb/groceries/product/details/new-355373-44/zuru-mini-toy-brand-collectors-case', 'Zuru Mini Toy Brand Collectors Case', '£10.00', '£10.00 / ea')
('https://www.sainsburys.co.uk/shop/gb/groceries/product/details/new-355373-44/starbucks-by-nescafe-dolce-gusto-caffe-latte-coffee-x12-pods-12-drinks', 'Starbucks Dolce Gusto Caffe Latte Coffee Pods x12', '£4.00', '£3.30 / 100g')
('https://www.sainsburys.co.uk/shop/gb/groceries/product/details/new-355373-44/sainsburys-topside-joint-wrapped-in-bacon-taste-the-difference-165kg-7989003-p-44', "Sainsbury's Topside Joint Wrapped In Bacon, Taste the Difference 1.65kg", '£25.00', '£15.15 / kg')
('https://www.sainsburys.co.uk/shop/gb/groceries/product/details/new-355373-44/sainsburys-ham-hock-pate-taste-the-difference-175g', "Sainsbury's Ham Hock Pate, Taste the Difference 175g", '£5.00', '£28.57 / g')
('https://www.sainsburys.co.uk/shop/gb/groceries/product/details/new-355373-44/sainsburys-hot-cross-buns-x6-7730659-p-44', "Sainsbury's Hot Cross Buns x6", '75p', '12p / ea')
('https://www.sainsburys.co.uk/shop/gb/groceries/product/details/new-355373-44/tefal-jamie-20cm-frying-pan', 'Tefal Jamie 25cm Frying Pan', '£24.00', '£24.00 / ea')
('https://www.sainsburys.co.uk/shop/gb/groceries/product/details/new-355373-44/kopparberg-premium-cider-mixed-fruit-tropical-10x330ml', 'Kopparberg Premium Cider Mixed Fruit Tropical 10x330ml', '£12.00', '£3.64 / ltr')
('https://www.sainsburys.co.uk/shop/gb/groceries/product/details/new-355373-44/goojitzu-dc-superheroes-mini-asst', 'Goojitzu Dc Superheroes Mini Asst', '£3.00', '£3.00 / ea')
('https://www.sainsburys.co.uk/shop/gb/groceries/product/details/new-355373-44/batchelors-cup-a-soup-roast-chicken-grain-64g', 'Batchelors Cup a Soup Roast Chicken & Grain 64g', '£1.00', '£1.57 / 100g')
('https://www.sainsburys.co.uk/shop/gb/groceries/product/details/new-355373-44/dc-batman-mini-figures', 'Dc Batman Mini Figures', '£3.00', '£3.00 / ea')
('https://www.sainsburys.co.uk/shop/gb/groceries/product/details/new-355373-44/tefal-uks-longest-frying-pan-24cm', 'Tefal Uks Longest Frying Pan 24cm', '£19.00', '£19.00 / ea')
('https://www.sainsburys.co.uk/shop/gb/groceries/product/details/new-355373-44/cafepod-craft-coffee-daily-grind-nespresso-compatible-x18-99g', 'Cafepod Craft Coffee Daily Grind Nespresso Compatible x18 99g', '£5.00', '£5.05 / 100g')
('https://www.sainsburys.co.uk/shop/gb/groceries/product/details/new-355373-44/nomo-vegan-free-from-caramel-sea-salt-egg-bar-148g', 'Nomo Vegan & Free From Caramel & Sea Salt Egg & Bar 148g', '£6.00', '£4.05 / 100g')
('https://www.sainsburys.co.uk/shop/gb/groceries/product/details/new-355373-44/genius-gluten-free-pancakes-x6', 'Genius Gluten Free Pancakes x6', '£2.00', '£1.01 / 100g')
('https://www.sainsburys.co.uk/shop/gb/groceries/product/details/all-future-brands/sainsburys-mens-energy-shower-gel-250ml', 'Men Advance 2 in 1 Shower Gel, Energy 250ml', '85p', '34p / 100ml')
('https://www.sainsburys.co.uk/shop/gb/groceries/product/details/all-future-brands/sainsburys-men-anti-perspirant-deodorant--energy-250ml', 'Men Advanced Anti-Perspirant Deodorant, Energy 250ml', '£1.00', '40p / 100ml')
('https://www.sainsburys.co.uk/shop/gb/groceries/product/details/all-future-brands/phil-smith-be-gorgeous-curly-locks-perfecting-spray-200ml', 'Phil Smith Be Gorgeous Curly Locks Perfecting Spray 200ml', '£4.00', '£2.00 / 100ml')
('https://www.sainsburys.co.uk/shop/gb/groceries/product/details/all-future-brands/odysea-roasted-sweet-red-pepper-meze-220g', 'Odysea Roasted Sweet Red Pepper Meze 220g', '£2.50', '£1.14 / 100g')
('https://www.sainsburys.co.uk/shop/gb/groceries/product/details/all-future-brands/nucao-almond-sea-salt-choc-40g', 'Nu+cao Almond Sea Salt Choc 40g', '£2.00', '£5.00 / 100g')
('https://www.sainsburys.co.uk/shop/gb/groceries/product/details/all-future-brands/future-farm-mince-250g', 'Future Farm Plant Based Mince 250g', '£3.80', '£15.20 / kg')
('https://www.sainsburys.co.uk/shop/gb/groceries/product/details/all-future-brands/zizzis-rustica-jackfruit-pizza-419g', "Zizzi's Rustica Jackfruit Pizza 419g", '£4.50', '£10.74 / kg')
('https://www.sainsburys.co.uk/shop/gb/groceries/product/details/all-future-brands/provamel-organic-bio-almond-1l', 'Provamel Organic Almond No Sugars Drink 1L', '£2.50', '£2.50 / ltr')
('https://www.sainsburys.co.uk/shop/gb/groceries/product/details/all-future-brands/tariq-halal-skinless-fillet-2kg', 'Tariq Halal Fresh Skinless Chicken Breast Fillets 2kg', '£13.00', '£6.50 / kg')
('https://www.sainsburys.co.uk/shop/gb/groceries/product/details/all-future-brands/tandoori-spatchcock-chicken-900g', 'Tariq Halal Spatchcock Chicken with Tandoori Glaze 912g', '£4.00', '£4.44 / kg')
('https://www.sainsburys.co.uk/shop/gb/groceries/product/details/all-future-brands/guud-blueberry-4x80ml', 'Guuud Blueberry Greek Yoghurt Ice Cream 4x80ml', '£3.50', '£1.09 / 100ml')
('https://www.sainsburys.co.uk/shop/gb/groceries/product/details/all-future-brands/wuka-period-pants-medium-flow-size-small', 'Wuka Period Pants Medium Flow Size Small', '£18.00', '£18.00 / ea')
('https://www.sainsburys.co.uk/shop/gb/groceries/product/details/all-future-brands/mighty-pea-mlk-barista-1l', 'Mighty Pea Milk Barista 1L', '£2.00', '£2.00 / ltr')
('https://www.sainsburys.co.uk/shop/gb/groceries/product/details/all-future-brands/tonys-chocolonely-fairtrade-milk-chocolate-hazelnut-180g', "Tony's Chocolonely Fairtrade Milk Chocolate Hazelnut 180g", '£2.75', '£1.52 / 100g')
('https://www.sainsburys.co.uk/shop/gb/groceries/product/details/all-future-brands/fresh-touch-gift-box-toy', 'Sophie la Girafe Teether 0m+', '£15.00', '£15.00 / ea')
('https://www.sainsburys.co.uk/shop/gb/groceries/product/details/all-future-brands/sauce-shop-cherry-bourbon-bbq-sauce-255g', 'Sauce Shop Cherry Bourbon BBQ Sauce 255g', '£3.00', '£1.18 / 100g')
('https://www.sainsburys.co.uk/shop/gb/groceries/product/details/all-future-brands/the-good-tide-seafood-co-white-and-brown-crab-100g', 'The Good Tide Seafood Co. White and Brown Crab 100g', '£3.50', '£3.50 / 100g')
('https://www.sainsburys.co.uk/shop/gb/groceries/product/details/all-future-brands/the-good-tide-seafood-co-white-crab-100g', 'The Good Tide Seafood Co. White Crab 100g', '£4.00', '£4.00 / 100g')
('https://www.sainsburys.co.uk/shop/gb/groceries/product/details/all-future-brands/leon-picual-extra-virign-olive-oil-500ml', 'LEON Extra Virgin Olive Oil 500ml', '£6.25', '£1.25 / 100ml')
('https://www.sainsburys.co.uk/shop/gb/groceries/product/details/all-future-brands/leon-tamarind-brown-sauce-300g', 'LEON Brown Sauce 295g', '£2.50', '85p / 100g')
('https://www.sainsburys.co.uk/shop/gb/groceries/product/details/all-future-brands/leon-chilli-sauce-275g', 'LEON Chilli Sauce 275g', '£2.50', '93p / 100g')
('https://www.sainsburys.co.uk/shop/gb/groceries/product/details/all-future-brands/leon-mayonnaise-245ml', 'LEON The Original Vegan Mayo 240g', '£2.50', '£1.04 / 100g')
('https://www.sainsburys.co.uk/shop/gb/groceries/product/details/all-future-brands/sainsburys-peking-no-duck-jackfruit-150g', 'Plant Pioneers Peking No Duck Jackfruit 150g', '£1.50', '£10.00 / kg')
('https://www.sainsburys.co.uk/shop/gb/groceries/product/details/all-future-brands/tangle-teezer-wet-detangler-blk', 'Tangle Teezer The Wet Detangler Hairbrush Liquorice Black', '£12.00', '£12.00 / ea')
('https://www.sainsburys.co.uk/shop/gb/groceries/product/details/all-future-brands/super-facialist-retinol-anti-ageing-renewing-cleanser-150ml', 'Super Facialist Retinol+ Anti-Ageing Renewing Cleanser 150ml', '£7.50', '£5.00 / 100ml')
('https://www.sainsburys.co.uk/shop/gb/groceries/product/details/all-future-brands/lazy-vegan-tikka-masala-ready-meal-350g', 'Lazy Vegan Tikka Masala Ready Meal 350g', '£3.00', '£8.57 / kg')
('https://www.sainsburys.co.uk/shop/gb/groceries/product/details/all-future-brands/dirty-works-nailed-it-polish-set', 'Dirty Works Nailed It! Nail Polish Set', '£2.40', '£2.40 / ea')
('https://www.sainsburys.co.uk/shop/gb/groceries/product/details/all-future-brands/habitat-hand-duo-2x300ml', 'Habitat Hand Wash Duo 2x300ml', '£8.00', '£1.33 / 100ml')
('https://www.sainsburys.co.uk/shop/gb/groceries/product/details/all-future-brands/eco-warrior-exfoliating-bar-100g', 'Eco Warrior Moisturising & Cleansing Exfoliating Bar Citrus Essential Oils 100g', '£3.00', '£3.00 / 100g')
('https://www.sainsburys.co.uk/shop/gb/groceries/product/details/all-future-brands/boutique-nail-polish-champagne-gold-10ml', 'Boutique Nail Polish 10ml', '£3.00', '£3.00 / 10ml')
('https://www.sainsburys.co.uk/shop/gb/groceries/product/details/all-future-brands/mojo-hair-fibre-shaper-75ml', 'Mojo Hair Classic Pomade 75ml', '£10.00', '£13.33 / 100ml')
('https://www.sainsburys.co.uk/shop/gb/groceries/product/details/all-future-brands/sanctuary-rose-gold-rad-bath-salts-350g', 'Sanctuary Spa Exquisite Bath Salts 350g', '£16.00', '£4.57 / 100g')
('https://www.sainsburys.co.uk/shop/gb/groceries/product/details/all-future-brands/qnola-cacao-cashew-250g', 'Qnola Granola The Cacao + Cashew One 250g', '£6.00', '£2.40 / 100g')
('https://www.sainsburys.co.uk/shop/gb/groceries/product/details/all-future-brands/troo-granola-chocolate-orange-350g', 'Troo Granola Chocolate with Orange 350g', '£3.50', '£1.00 / 100g')
('https://www.sainsburys.co.uk/shop/gb/groceries/product/details/all-future-brands/btq-moisturising-lip-vlvet-berry-pie-5ml', 'Boutique Moisturising Lip Vlvet Berry Pie 5ml', '£4.00', '£4.00 / ea')
('https://www.sainsburys.co.uk/shop/gb/groceries/product/details/all-future-brands/boutique-metallic-eyeshadow-cream-3', 'Boutique Metallic Eye Cream Gunmetal 10ml', '£4.00', '£4.00 / ea')
('https://www.sainsburys.co.uk/shop/gb/groceries/product/details/all-future-brands/boutique-metallis-eyeshadow-cream-4', 'Boutique Metallic Eye Cream Copper Rose 10ml', '£4.00', '£4.00 / ea')
('https://www.sainsburys.co.uk/shop/gb/groceries/product/details/all-future-brands/boutique-ss19-eyeshadow-palette', 'Boutique Eyeshadow Palette Peaches & Cream 8.4g', '£6.00', '£6.00 / ea')
('https://www.sainsburys.co.uk/shop/gb/groceries/product/details/all-future-brands/sanctuary-spa-heel-balm-75ml-7968805-p', 'Sanctuary Spa Heel Balm 75ml', '£7.50', '£10.00 / 100ml')
('https://www.sainsburys.co.uk/shop/gb/groceries/product/details/all-future-brands/sanctuary-spa-complexion-perfecting-radiance-exfoliator-15ml', 'Sanctuary Spa Complexion Perfecting Radiance Exfoliator 15ml', '£5.00', '£5.00 / 100ml')
('https://www.sainsburys.co.uk/shop/gb/groceries/product/details/all-future-brands/sanctuary-spa-purifying-charcoal-bubble-sheet-mask-22g', 'Sanctuary Spa Purifying Charcoal Bubble Sheet Mask 22g', '£5.00', '£22.73 / 100g')
('https://www.sainsburys.co.uk/shop/gb/groceries/product/details/all-future-brands/sanctuary-spa-protect-illuminate-moisture-lotion-spf-15-75ml', 'Sanctuary Spa Protect & Illuminate Moisture Lotion SPF 15 75ml', '£8.00', '£10.67 / 100ml')
('https://www.sainsburys.co.uk/shop/gb/groceries/product/details/all-pork/cookstown-oval-gammon-steaks-150g', 'Cookstown Oval Gammon Steaks 150g', '£1.80', '£12.00 / kg')
('https://www.sainsburys.co.uk/shop/gb/groceries/product/details/all-pork/sainsburys-diced-pork-leg-460g', "Sainsbury's British Extra Lean Diced Pork Leg 425g", '£2.45', '£5.76 / kg')
('https://www.sainsburys.co.uk/shop/gb/groceries/product/details/all-pork/cookstown-ready-to-cook-gammon-joint-with-honey-glaze-450g', 'Cookstown Ready To Cook Gammon Joint With Honey Glaze 450g', '£4.00', '£8.89 / kg')
('https://www.sainsburys.co.uk/shop/gb/groceries/product/details/all-pork/cookstown-prime-gammon-joint-2kg', 'Cookstown Prime Gammon Joint 2kg', '£10.00', '£5.00 / kg')
('https://www.sainsburys.co.uk/shop/gb/groceries/product/details/pork-joints/cookstown-gammon-joint-honey---mustard-450g', 'Cookstown Gammon Joint Honey & Mustard 450g', '£4.00', '£8.89 / kg')
('https://www.sainsburys.co.uk/shop/gb/groceries/product/details/pork-joints/sainsburys-slow-cook-smokey-bbq-pork-ribs-676g', "Sainsbury's Slow Cooked British Pork Ribs Smokey BBQ Sauce 676g (Serves 2)", '£4.50', '£6.66 / kg')
('https://www.sainsburys.co.uk/shop/gb/groceries/product/details/pork-joints/sainsburys-smoked-gammon-joint-14kg', 'Sainsbury’s smoked British medium gammon joint 1.4g', '£7.50', '£5.36 / kg')
('https://www.sainsburys.co.uk/shop/gb/groceries/product/details/pork-joints/sainsburys-unsmoked-large-gammon-joint-23kg', "Sainsbury's Unsmoked Large Gammon Joint 2.3kg", '£10.00', '£4.35 / kg')
('https://www.sainsburys.co.uk/shop/gb/groceries/product/details/pork-joints/sainsburys-just-cook-british-gammon-joint-with-apple-blackberry-glaze-470g-serves-3-', "Sainsbury's Just Cook British Gammon Joint With Apple & Blackberry Glaze 470g (Serves 3)", '£3.75', '£7.98 / kg')
('https://www.sainsburys.co.uk/shop/gb/groceries/product/details/pork-joints/sainsburys-british-pork-leg-joint-vw-cw', "Sainsbury's British Pork Small Boneless Crackling Leg Joint (Approx. 1.4kg)", '£3.60', '29p / 100g')
('https://www.sainsburys.co.uk/shop/gb/groceries/product/details/pork-joints/just-cook-honey-gammon-joint-470g', "Sainsbury's Just Cook Honey Gammon Joint 470g (Serves 3)", '£4.00', '£8.51 / kg')
('https://www.sainsburys.co.uk/shop/gb/groceries/product/details/pork-joints/sainsburys-pork-loin-joint--taste-the-difference-1000g', "Sainsbury's Outdoor Bred British Pork Loin Joint, Taste the Difference", '£6.50', '£6.50 / kg')
('https://www.sainsburys.co.uk/shop/gb/groceries/product/details/pork-joints/sainsburys-german-brunswick-ham-joint-900g-6694708-p-44', "Sainsbury's Brunswick Ham 900g", '£10.00', '£1.11 / 100g')
('https://www.sainsburys.co.uk/shop/gb/groceries/product/details/all-fish-seafood/sainsburys-freefrom-breaded-cod-300g', "Sainsbury's Deliciously Free From Breaded Cod 300g", '£3.50', '£1.17 / 100g')
('https://www.sainsburys.co.uk/shop/gb/groceries/product/details/all-fish-seafood/sainsburys-canadian-peeled-prawns--taste-the-difference-150g', "Sainsbury's Canadian Peeled Prawns, Taste the Difference 150g", '£3.25', '£2.17 / 100g')
('https://www.sainsburys.co.uk/shop/gb/groceries/product/details/all-fish-seafood/sainsburys-harissa-smoked-mackerel-approx-250g-', "Sainsbury's Harissa Smoked Mackerel (approx. 250g)", '£3.50', '£1.40 / 100g')
('https://www.sainsburys.co.uk/shop/gb/groceries/product/details/all-fish-seafood/sainsburys-raw-patagonian-scallops-160g', "Sainsbury's Raw Patagonian Scallops 150g", '£3.85', '£25.67 / kg')
('https://www.sainsburys.co.uk/shop/gb/groceries/product/details/all-fish-seafood/silver-tide-marinated-herring---dill-380g', 'Silver Tide Marinated Herring & Dill 380g', '£2.25', '59p / 100g')
('https://www.sainsburys.co.uk/shop/gb/groceries/product/details/all-fish-seafood/h-forman---son-anchovies-with-garlic-212g', 'H. Forman & Son Anchovies with Garlic 200g', '£4.00', '£2.00 / 100g')
('https://www.sainsburys.co.uk/shop/gb/groceries/product/details/all-fish-seafood/hoffmans-salmon-salad-150g', "Hoffman's Salmon Salad 150g", '£2.00', '£1.33 / 100g')
('https://www.sainsburys.co.uk/shop/gb/groceries/product/details/all-fish-seafood/sainsburys-honey-roast-salmon-portions-180g', "Sainsbury's Honey Roast Salmon Portions 180g (Ready to eat)", '£4.75', '£2.64 / 100g')
('https://www.sainsburys.co.uk/shop/gb/groceries/product/details/all-fish-seafood/sainsburys-salmon-fillets-480g', "Sainsbury's Salmon Fillets 480g", '£6.25', '£13.02 / kg')
('https://www.sainsburys.co.uk/shop/gb/groceries/product/details/all-fish-seafood/sainsburys-garlic---parsley-king-prawns-150g', "Sainsbury's King Prawns in Garlic & Parsley 150g", '£3.50', '£2.33 / 100g')
('https://www.sainsburys.co.uk/shop/gb/groceries/product/details/all-fish-seafood/sainsburys-tuna-pate-100g', "Sainsbury's Tuna Pate 100g", '£1.30', '£1.30 / 100g')
('https://www.sainsburys.co.uk/shop/gb/groceries/product/details/all-fish-seafood/sainsburys-taste-the-difference-12-mini-scallop-bisque-shells-150g', "Sainsbury's Mini Scallop Bisque Shells 150g", '£5.50', '£36.67 / kg')
('https://www.sainsburys.co.uk/shop/gb/groceries/product/details/all-fish-seafood/sainsburys-undyed-smoked-cod-loins-taste-the-difference', 'Sainsburys Smoked Cod Loins, Taste the Difference (approx.300g)', '£8.00', '£2.00 / 100g')
('https://www.sainsburys.co.uk/shop/gb/groceries/product/details/all-fish-seafood/sainsburys-smoked-hebridean-salmon-taste-the-difference-200g', "Sainsbury's Smoked Hebridean Salmon, Taste the Difference 200g", '£7.50', '£3.75 / 100g')
('https://www.sainsburys.co.uk/shop/gb/groceries/product/details/all-fish-seafood/sainsburys-taste-the-difference-2-smkd-slmn-hiddn-avcdo-msse-150g', "Sainsbury's Smoked Scottish Salmon & Hidden Avocado Mousse, Taste the Difference 150g", '£4.00', '£2.67 / 100g')
('https://www.sainsburys.co.uk/shop/gb/groceries/product/details/all-fish-seafood/sainsburys-taste-the-difference-9-mini-smkd-slmn-terrine-slices-108g', "Sainsbury's Mini Smoked Scottish Salmon Terrine Slices, Taste the Difference 108g", '£3.50', '£3.24 / 100g')
('https://www.sainsburys.co.uk/shop/gb/groceries/product/details/all-fish-seafood/new-england-seafood-whole-sea-bass-570g', 'New England Seafood Whole Sea Bass 520g', '£6.50', '£12.50 / kg')
('https://www.sainsburys.co.uk/shop/gb/groceries/product/details/all-fish-seafood/sainsburys-hot-smoked-trout-fillets-180g', "Sainsbury's Hot Smoked Trout Fillets, Taste the Difference X2 180g", '£4.75', '£2.64 / 100g')
('https://www.sainsburys.co.uk/shop/gb/groceries/product/details/all-fish-seafood/the-good-tide-seafood-co-white-and-brown-crab-100g', 'The Good Tide Seafood Co. White and Brown Crab 100g', '£3.50', '£3.50 / 100g')
('https://www.sainsburys.co.uk/shop/gb/groceries/product/details/all-fish-seafood/harbour-salmon-fiillets-240g', 'Harbour Salmon Fiillets 240g', '£2.75', '£11.46 / kg')
('https://www.sainsburys.co.uk/shop/gb/groceries/product/details/all-fish-seafood/sainsburys-mild-smoked-salmon-300g', "Sainsbury's Mild Smoked Salmon 300g", '£6.00', '£2.00 / 100g')
('https://www.sainsburys.co.uk/shop/gb/groceries/product/details/all-fish-seafood/sainsburys-tilapia-fillets-250g', "Sainsbury's Skinless & Boneless Tilapia Fillets x2 250g", '£3.75', '£14.15 / kg')
('https://www.sainsburys.co.uk/shop/gb/groceries/product/details/all-fish-seafood/new-england-wild-sockeye-salmon-400g', 'Wild Fish Discovery Sockeye Salmon 400g', '£10.00', '£25.00 / kg')
('https://www.sainsburys.co.uk/shop/gb/groceries/product/details/all-fish-seafood/new-england-sea-bream-x-2-570g', 'New England Sea Bream x2 520g', '£6.50', '£12.50 / kg')
('https://www.sainsburys.co.uk/shop/gb/groceries/product/details/all-fish-seafood/sainsburys-cheddar-chive-butter-smoked-haddock-fillets-x2-240g', "Sainsbury's Cheddar & Chive Butter Smoked Haddock Fillets x2 240g", '£4.00', '£16.67 / kg')
('https://www.sainsburys.co.uk/shop/gb/groceries/product/details/all-fish-seafood/sainsburys-sweet-chilli-salmon-bites-100g', "Sainsbury's Sweet Chilli Salmon Bites 100g", '£2.75', '£2.75 / 100g')
('https://www.sainsburys.co.uk/shop/gb/groceries/product/details/all-fish-seafood/sainsburys-2-white-fish-kievs-with-garlic-butter-260g', "Sainsbury's 2 White Fish Kievs with Garlic Butter 260g", '£2.25', '£8.65 / kg')
('https://www.sainsburys.co.uk/shop/gb/groceries/product/details/gluten-free-biscuits-and-chocolates/dobsons-bonfire-toffee-200g', "Dobson's Bonfire Toffee 200g", '£1.00', '50p / 100g')
('https://www.sainsburys.co.uk/shop/gb/groceries/product/details/gluten-free-biscuits-and-chocolates/sainsburys-ff-choc-cherry-amaretto-cookie-taste-the-difference-150g-7979854-p-44', 'Sainsburys Free From Chocolate Cherry & Amaretto Cookies, Taste the Difference 150g', '20p', '13p / 100g')
('https://www.sainsburys.co.uk/shop/gb/groceries/product/details/gluten-free-biscuits-and-chocolates/kind-dark-chocolate-nuts-and-sea-salt-multipack-3-x-40g', 'Kind Dark Chocolate Nuts and Sea Salt Multipack 3x30g', '£3.00', '£3.33 / 100g')
('https://www.sainsburys.co.uk/shop/gb/groceries/product/details/gluten-free-biscuits-and-chocolates/lärabar-banana-choc-chip-fruit-nut-bar-3x45g', 'Lärabar Banana Choc Chip Fruit & Nut Bar 3x45g', '£3.00', '£2.22 / 100g')
('https://www.sainsburys.co.uk/shop/gb/groceries/product/details/gluten-free-biscuits-and-chocolates/freeist-sugar-free-gluten-free-cola-bottle-sweets-with-sweeteners-100g', "Free'ist Sugar Free & Gluten Free Cola Bottle Sweets with Sweeteners 100g", '£1.30', '£1.30 / 100g')
('https://www.sainsburys.co.uk/shop/gb/groceries/product/details/gluten-free-biscuits-and-chocolates/ape-chocolate-coconut-bites-26g', 'Ape Chocolate Coconut Bites 26g', '90p', '£3.47 / 100g')
('https://www.sainsburys.co.uk/shop/gb/groceries/product/details/gluten-free-biscuits-and-chocolates/fellows-free-from-pear-drops-70g', 'Fellows Free From Gluten & Sugar Free Pear Drop Sweets 70g', '£1.30', '£1.86 / 100g')
('https://www.sainsburys.co.uk/shop/gb/groceries/product/details/gluten-free-biscuits-and-chocolates/sainsburys-deliciously-freefrom-dark-choc-bar-100g', "Sainsbury's Deliciously Free From Dark Choc Bar 100g", '£1.10', '£1.10 / 100g')
('https://www.sainsburys.co.uk/shop/gb/groceries/product/details/gluten-free-biscuits-and-chocolates/sainsburys-freefrom-oat---sultana-cookies-150g', "Sainsbury's Deliciously Free From Oat & Sultana Cookies 150g", '£1.80', '£1.20 / 100g')
('https://www.sainsburys.co.uk/shop/gb/groceries/product/details/gluten-free-biscuits-and-chocolates/sainsburys-freefrom-ginger-crunch-cookies-150g', "Sainsbury's Deliciously Free From Ginger Crunch Cookies 150g", '£1.20', '80p / 100g')
('https://www.sainsburys.co.uk/shop/gb/groceries/product/details/gluten-free-biscuits-and-chocolates/booja-booja-hazelnut-chocolate-truffles-104g', 'Booja-booja Hazelnut Chocolate Truffles 104g', '£7.00', '£6.73 / 100g')
('https://www.sainsburys.co.uk/shop/gb/groceries/product/details/gluten-free-biscuits-and-chocolates/eat-natural-bar-dark-chocolate-with-cranberries-and-macadamias-45g', 'Eat Natural Fruit & Nut Bars Dark Chocolate with Cranberries & Macadamias 45g', '60p', '£1.33 / 100g')
('https://www.sainsburys.co.uk/shop/gb/groceries/product/details/gluten-free-biscuits-and-chocolates/nakd-salted-caramel-fruit---nut-nibbles-40g-7745561-p', 'Nakd Salted Caramel Fruit & Nut Nibbles 40g', '75p', '£1.88 / 100g')
('https://www.sainsburys.co.uk/shop/gb/groceries/product/details/gluten-free-biscuits-and-chocolates/lazy-day-foods-freefom-belgian-rocky-road-chocolate-150g', 'Lazy Day Foods Belgian Rocky Road Chocolate 150g', '£2.00', '£1.33 / 100g')
('https://www.sainsburys.co.uk/shop/gb/groceries/product/details/gluten-free-biscuits-and-chocolates/trek-cocoa-oat-protein-flapjack-50g-7648347-p', 'TREK Cocoa Oat Protein Flapjack 50g', '90p', '£1.80 / 100g')
('https://www.sainsburys.co.uk/shop/gb/groceries/product/details/gluten-free-biscuits-and-chocolates/lazy-day-foods-millionaires-shortbread-150g', "Lazy Day Foods Millionaire's Shortbread 150g", '£2.00', '£1.33 / 100g')
('https://www.sainsburys.co.uk/shop/gb/groceries/product/details/gluten-free-biscuits-and-chocolates/kinnerton-dairy-free-dark-chocolate-bar-85g', 'Kinnerton Just Chocolate Dairy Free Bar 85g', '£2.00', '£2.35 / 100g')
('https://www.sainsburys.co.uk/shop/gb/groceries/product/details/gluten-free-biscuits-and-chocolates/raw-halo-mylk-vanilla-organic-raw-chocolate-70g', 'Raw Halo Mylk & Vanilla Organic Raw Chocolate 70g', '£2.75', '£3.93 / 100g')
('https://www.sainsburys.co.uk/shop/gb/groceries/product/details/gluten-free-biscuits-and-chocolates/sainsburys-ff-choc-truffles-taste-the-difference-135g', "Sainsbury's Free From Vegan Chocolate Truffles, Taste the Difference 135g", '£5.00', '£3.70 / 100g')
('https://www.sainsburys.co.uk/shop/gb/groceries/product/details/gluten-free-biscuits-and-chocolates/fruittella-gelatine-free-koalas-120g', 'Fruittella Gelatine Free Koalas 120g', '£1.30', '£1.08 / 100g')
('https://www.sainsburys.co.uk/shop/gb/groceries/product/details/gluten-free-biscuits-and-chocolates/gü-free-from-salted-caramel-cheesecakes-desserts-2x83g', 'Gü Free From Salted Caramel Cheesecake Vegan & Gluten Free Desserts 2x83g', '£3.50', '£2.11 / 100g')
('https://www.sainsburys.co.uk/shop/gb/groceries/product/details/gluten-free-biscuits-and-chocolates/love-corn-salt-vinegar-45g', 'Love Corn Salt & Vinegar Crunchy Corn Snack 45g', '£1.00', '£2.22 / 100g')
('https://www.sainsburys.co.uk/shop/gb/groceries/product/details/gluten-free-biscuits-and-chocolates/nomo-free-from-choc-bar-85g', 'Nomo Deliciously Creamy Choc Bar 85g', '£2.00', '£2.35 / 100g')
('https://www.sainsburys.co.uk/shop/gb/groceries/product/details/gluten-free-biscuits-and-chocolates/rxbar-chocolate-sea-salt-protein-bar-52g', 'RXBAR Chocolate Sea Salt Protein Bar 52g', '£2.50', '£4.81 / 100g')
('https://www.sainsburys.co.uk/shop/gb/groceries/product/details/gluten-free-biscuits-and-chocolates/freedom-confectionery-vegantics-mallows-vanilla-150g', 'Freedom Confectionery Vegantics Mallows Vanilla 150g', '£2.00', '£1.90 / 100g')
('https://www.sainsburys.co.uk/shop/gb/groceries/product/details/gluten-free-biscuits-and-chocolates/del-ella-double-choc-caramel-cups-36g', 'Deliciously Ella Double Chocolate Caramel Cups 36g', '£1.50', '£4.17 / 100g')
('https://www.sainsburys.co.uk/shop/gb/groceries/product/details/gluten-free-biscuits-and-chocolates/rhythm-108-ooh-la-la-tea-biscuits-double-choco-hazelnut-sharing-bag-135g', 'Rhythm 108 Ooh-la-la Tea Biscuits Double Choco Hazelnut Sharing Bag 135g', '£3.20', '£2.37 / 100g')
('https://www.sainsburys.co.uk/shop/gb/groceries/product/details/gluten-free-biscuits-and-chocolates/sainsburys-deliciously-free-from-chocolate-egg-100g', "Sainsbury's Deliciously Free From Chocolate Egg 100g", '£3.50', '£3.50 / 100g')
('https://www.sainsburys.co.uk/shop/gb/groceries/product/details/gluten-free-biscuits-and-chocolates/freeist-marshmallows-with-sweeteners-75g', "Free'ist Marshmallows with Sweeteners 75g", '£1.30', '£1.73 / 100g')
('https://www.sainsburys.co.uk/shop/gb/groceries/product/details/gluten-free-biscuits-and-chocolates/lazy-day-foods-tiffin-bites-180g', 'Lazy Day Foods Tiffin Bites 180g', '£3.00', '£1.67 / 100g')
('https://www.sainsburys.co.uk/shop/gb/groceries/product/details/gluten-free-biscuits-and-chocolates/walkers-gluten-free-pure-butter-shortbread-140g', 'Walkers Gluten Free Pure Butter Shortbread 140g', '£2.50', '£1.79 / 100g')
('https://www.sainsburys.co.uk/shop/gb/groceries/product/details/gluten-free-biscuits-and-chocolates/mighty-fine-dark-chocolate-honeycomb-dips-90g', 'Mighty Fine Dark Chocolate Honeycomb Dips 90g', '£2.50', '£2.78 / 100g')
('https://www.sainsburys.co.uk/shop/gb/groceries/product/details/gluten-free-biscuits-and-chocolates/mcvities-gluten-free-chocolate-hobnobs-150g', "McVitie's Gluten Free Chocolate Hobnobs 150g", '£2.20', '£1.47 / 100g')
('https://www.sainsburys.co.uk/shop/gb/groceries/product/details/gluten-free-flour/pure-dairy-free-perfect-baking-spread-500g', 'Pure Dairy Free Vegan Perfect Baking Spread 500g', '£1.60', '£3.20 / kg')
('https://www.sainsburys.co.uk/shop/gb/groceries/product/details/gluten-free-flour/sweetpea-pantry-super-oat-flapjack-mix-230g', 'Sweetpea Pantry Gluten Free Super Oat Flapjack Mix 230g', '£2.70', '£1.17 / 100g')
('https://www.sainsburys.co.uk/shop/gb/groceries/product/details/gluten-free-gravy-and-stuffing/oxo-original-beef-stock-pots-x4-80g', 'Oxo Original Beef Stock Pots x4 80g', '£1.00', '£1.25 / 100g')
('https://www.sainsburys.co.uk/shop/gb/groceries/product/details/easter-special-offers/sf-chicken-straws-136g', "Sainsbury's Southern Fried Chicken Straws x13 132g", '£1.75', '£1.33 / 100g')
('https://www.sainsburys.co.uk/shop/gb/groceries/product/details/easter-special-offers/bisto-best-chicken-gravy-250g', 'Bisto Best Chicken Gravy 250g', '£2.90', '£1.16 / 100g')
('https://www.sainsburys.co.uk/shop/gb/groceries/product/details/easter-special-offers/walkers-max-variety-crisps-6x27g', 'Walkers Max Variety Multipack Crisps 6x27g', '£1.25', '77p / 100g')
('https://www.sainsburys.co.uk/shop/gb/groceries/product/details/easter-special-offers/sainsburys-apple-cinnamon-hot-cross-buns-taste-the-difference-x4', "Sainsbury's Apple & Cinnamon Hot Cross Buns, Taste the Difference x4", '£1.25', '31p / ea')
('https://www.sainsburys.co.uk/shop/gb/groceries/product/details/easter-special-offers/kit-kat-bunny-29g', 'Kit Kat Milk Chocolate Bunny 29g', '35p', '£1.20 / 100g')
('https://www.sainsburys.co.uk/shop/gb/groceries/product/details/easter-special-offers/lindt-lindor-white-egg-355g', 'Lindt Lindor White Egg 348g', '£1.20', '34p / 100g')
('https://www.sainsburys.co.uk/shop/gb/groceries/product/details/easter-special-offers/tonys-chocolonely-easter-eggs-155g', "Tony's Chocolonely Fairtrade Great Big Chocolate Eggs 155g", '£3.75', '£2.50 / 100g')
('https://www.sainsburys.co.uk/shop/gb/groceries/product/details/easter-special-offers/cadburys-dark-milk-egg-265g', 'Cadbury Darkmilk Chocolate Bar with Large Darkmilk Easter Egg 265g', '60p', '23p / 100g')
('https://www.sainsburys.co.uk/shop/gb/groceries/product/details/easter-special-offers/home-easter-wipe-clean', 'Home Easter Wipe Clean', '£16.00', '£16.00 / ea')
('https://www.sainsburys.co.uk/shop/gb/groceries/product/details/easter-special-offers/monty-bojangles-choccy-trinket-135g', 'Monty Bojangles Choccy Scoffy 135g', '£3.00', '£2.22 / 100g')
('https://www.sainsburys.co.uk/shop/gb/groceries/product/details/easter-special-offers/sh-20pk-photographic-rabbit-lunch-napkin', "Sainsbury's Home Photographic Rabbit Lunch Napkins 20pk", '£2.00', '£2.00 / ea')
('https://www.sainsburys.co.uk/shop/gb/groceries/product/details/easter-special-offers/sainsburys-billionaire-egg-210g', 'Billionaires Milk Chocolate Egg 210g', '£4.00', '£1.90 / 100g')
('https://www.sainsburys.co.uk/shop/gb/groceries/product/details/easter-special-offers/cocoa-et-co-beehive-egg-220g', 'Cocoa & Co. Belgian Chocolate Beehive Egg 220g', '£10.00', '£4.55 / 100g')
('https://www.sainsburys.co.uk/shop/gb/groceries/product/details/easter-special-offers/cocoa-et-co-teardrop-egg-220g', 'Cocoa et Co. Single Origin Dark Chocolate Teardrop 220g', '£1.00', '45p / 100g')
('https://www.sainsburys.co.uk/shop/gb/groceries/product/details/easter-special-offers/plant-pioneers-vegan-shroomballs-240g', 'Plant Pioneers Shroomballs', '£2.50', '£10.42 / kg')
('https://www.sainsburys.co.uk/shop/gb/groceries/product/details/easter-special-offers/sh-medium-gauge-20cm-non-stick-springform-cake-tin', "Sainsbury's Home Medium Gauge Non Stick Springform Cake Tin 20cm", '£5.50', '£5.50 / ea')
('https://www.sainsburys.co.uk/shop/gb/groceries/product/details/easter-special-offers/richmond-thick-frozen-pork-sausages-x20-907g', 'Richmond Thick Frozen Pork Sausages x20 907g', '£3.00', '£3.31 / kg')
('https://www.sainsburys.co.uk/shop/gb/groceries/product/details/easter-special-offers/birds-eye-breaded-haddock-large-fillets-x4-440g', 'Birds Eye Breaded Haddock Large Fillets x4 440g', '£3.50', '£7.96 / kg')
('https://www.sainsburys.co.uk/shop/gb/groceries/product/details/easter-special-offers/crosta-mollica-ready-to-top-pizza-base-with-tomato-sauce-270g', 'Crosta & Mollica Ready to Top Pizza Base with Tomato Sauce 270g', '£2.10', '78p / 100kg')
('https://www.sainsburys.co.uk/shop/gb/groceries/product/details/easter-special-offers/the-jolly-hog-jolly-dogs-extra-long-smokey-flavour-pork-hot-dogs-x4-400g', 'The Jolly Hog Jolly Dogs Extra Long Smokey Flavour Pork Hot Dogs x4 400g', '£2.25', '£5.63 / kg')
('https://www.sainsburys.co.uk/shop/gb/groceries/product/details/easter-special-offers/sainsburys-mushroom-kale-pecorino-taste-the-difference-435g', "Sainsbury's Mushroom Kale & Pecorino, Taste the Difference 435g", '£4.50', '£1.03 / 100g')
('https://www.sainsburys.co.uk/shop/gb/groceries/product/details/easter-special-offers/sainsburys-home-20cm-hard-anodised-saucepan', "Sainsbury's Home Hard Anodised Saucepan 20cm", '£27.00', '£27.00 / ea')
('https://www.sainsburys.co.uk/shop/gb/groceries/product/details/easter-special-offers/sainsburys-italian-chargrilled-artichokes-140g', "Sainsbury's Italian Chargrilled Artichokes 140g", '£3.00', '£2.14 / 100g')
('https://www.sainsburys.co.uk/shop/gb/groceries/product/details/easter-special-offers/sainsburys-sea-salt---cider-vinegar-crisps--taste-the-difference-150g', "Sainsbury's Sea Salt & Cider Vinegar Crisps, Taste the Difference 150g", '£1.00', '67p / 100g')
('https://www.sainsburys.co.uk/shop/gb/groceries/product/details/easter-special-offers/sainsburys-jam-tarts-x6', "Sainsbury's Jam Tarts x6", '90p', '15p / ea')
('https://www.sainsburys.co.uk/shop/gb/groceries/product/details/easter-special-offers/sainsburys-white-jumbo-hot-dog-rolls-x6', "Sainsbury's White Jumbo Hot Dog Rolls x6", '75p', '13p / ea')
('https://www.sainsburys.co.uk/shop/gb/groceries/product/details/easter-special-offers/lindt-lindor-milk-chocolate-200g', 'Lindt Lindor Milk Chocolate Truffles Box 200g', '£4.00', '£2.00 / 100g')
('https://www.sainsburys.co.uk/shop/gb/groceries/product/details/easter-special-offers/kettle-chips-sea-salt---cracked-black-pepper-150g', 'Kettle Chips Sea Salt & Crushed Black Peppercorns Sharing Crisps 150g', '£1.00', '67p / 100g')
('https://www.sainsburys.co.uk/shop/gb/groceries/product/details/easter-special-offers/mr-kipling-bakewell-slices-x6', 'Mr Kipling Bakewell Cake Slices x6', '£1.60', '27p / ea')
('https://www.sainsburys.co.uk/shop/gb/groceries/product/details/easter-special-offers/mr-kipling-cherry-bakewells-x6', 'Mr Kipling Cherry Bakewells x6', '£1.60', '27p / ea')
('https://www.sainsburys.co.uk/shop/gb/groceries/product/details/easter-special-offers/sainsburys-teacakes-x6', "Sainsbury's Teacakes x6", '£1.00', '17p / ea')
('https://www.sainsburys.co.uk/shop/gb/groceries/product/details/easter-special-offers/sainsburys-fairtrade-demerara-cane-sugar-500g', "Sainsbury's Fairtrade Demerara Cane Sugar 500g", '£1.20', '£2.40 / kg')
('https://www.sainsburys.co.uk/shop/gb/groceries/product/details/easter-special-offers/clearsprings-sauvignon-blanc-75cl', 'Clearsprings Sauvignon Blanc 75cl', '£5.50', '£5.50 / 75cl')
('https://www.sainsburys.co.uk/shop/gb/groceries/product/details/easter-special-offers/sainsburys-classic-cod-in-parsley-sauce-420g', "Sainsbury's Classic Cod In Parsley Sauce 400g (Serves 1)", '£3.50', '£8.75 / kg')
('https://www.sainsburys.co.uk/shop/gb/groceries/product/details/easter-special-offers/sainsburys-touraine-sauvignon-blanc--taste-the-difference-75cl', "Sainsbury's Touraine Sauvignon Blanc, Taste the Difference 75cl", '£7.00', '£7.00 / 75cl')
('https://www.sainsburys.co.uk/shop/gb/groceries/product/details/easter-special-offers/j2o-orange---passion-fruit-4x275ml', 'J2O Orange & Passion Fruit Juice Drink 4x275ml', '£3.50', '32p / 100ml')
('https://www.sainsburys.co.uk/shop/gb/groceries/product/details/easter-special-offers/j2o-apple---mango-4x275ml', 'J2O Apple & Mango Juice Drink 4x275ml', '£3.50', '32p / 100ml')
('https://www.sainsburys.co.uk/shop/gb/groceries/product/details/easter-special-offers/phantom-river-sauvignon-blanc-75cl', 'Phantom River Sauvignon Blanc 75cl', '£5.00', '£5.00 / 75cl')
('https://www.sainsburys.co.uk/shop/gb/groceries/product/details/easter-special-offers/sainsburys-cling-film-40m-350mm', "Sainsbury's Cling Film 350mm x40m", '£2.00', '5p / mtr')
('https://www.sainsburys.co.uk/shop/gb/groceries/product/details/easter-special-offers/knorr-vegetable-stock-pot-gel-8x224g', 'Knorr Stock Pot Vegetable 8x28g', '£2.50', '£1.12 / 100g')
('https://www.sainsburys.co.uk/shop/gb/groceries/product/details/easter-special-offers/sainsburys-strong-white-bread-flour--unbleached-15kg', "Sainsbury's Strong White Unbleached Bread Flour 1.5kg", '£1.05', '70p / kg')
('https://www.sainsburys.co.uk/shop/gb/groceries/product/details/natural-beauty-products/burts-bees-sensitive-facial-cleanser-170g', "Burt's Bees Sensitive Facial Cleanser", '£7.50', '£4.41 / 100ml')
('https://www.sainsburys.co.uk/shop/gb/groceries/product/details/natural-beauty-products/loreal-botanicals-ginger-coriander-fragile-hair-vegan-shampoo-400ml', "L'Oreal Botanicals Ginger & Coriander Fragile Hair Vegan Shampoo 400ml", '£8.00', '£2.00 / 100ml')
('https://www.sainsburys.co.uk/shop/gb/groceries/product/details/natural-beauty-products/maui-moisture-revive-hydrate-shea-butter-hair-mask-340g', 'Maui Moisture Revive & Hydrate + Shea Butter Hair Mask 340g', '£9.00', '£2.65 / 100ml')
('https://www.sainsburys.co.uk/shop/gb/groceries/product/details/natural-beauty-products/love-beauty-and-planet-volume-bounty-shampoo', 'Love Beauty And Planet Volume & Bounty Shampoo', '£6.00', '£1.50 / 100ml')
('https://www.sainsburys.co.uk/shop/gb/groceries/product/details/natural-beauty-products/happy-naturals-nourishing-body-scrub-argan-oil-sweet-orange-200ml', 'Happy Naturals Nourishing Body Scrub Argan Oil & Shea 200ml', '£3.00', '£1.50 / 100g')
('https://www.sainsburys.co.uk/shop/gb/groceries/product/details/natural-beauty-products/happy-naturals-sleek-smooth-conditioner-plant-keratin-plum-300ml', 'Happy Naturals Sleek + Smooth Conditioner Plant Keratin & Plum 300ml', '£4.00', '£1.33 / 100ml')
('https://www.sainsburys.co.uk/shop/gb/groceries/product/details/natural-beauty-products/korres-santorini-vine-showergel-250ml', 'Korres Santorini Vine Showergel 250ml', '£8.00', '£3.20 / 100ml')
('https://www.sainsburys.co.uk/shop/gb/groceries/product/details/natural-beauty-products/hawkins---brimble-nat-shave-cream-100ml', 'Hawkins & Brimble Shaving Cream 100ml', '£10.00', '£10.00 / 100ml')
('https://www.sainsburys.co.uk/shop/gb/groceries/product/details/natural-beauty-products/korres-fig-showergel-250ml', 'Korres Fig Showergel 250ml', '£8.00', '£3.20 / 100ml')
('https://www.sainsburys.co.uk/shop/gb/groceries/product/details/natural-beauty-products/balance-me-cleanse-and-smooth-face-balm-125ml', 'Balance Me Cleanse and Smooth Face Balm 125ml', '£13.50', '£10.80 / 100ml')
('https://www.sainsburys.co.uk/shop/gb/groceries/product/details/natural-beauty-products/balance-me-pure-skin-face-wash-125ml', 'Balance Me Pure Skin Face Wash 125ml', '£10.50', '£8.40 / 100ml')
('https://www.sainsburys.co.uk/shop/gb/groceries/product/details/natural-beauty-products/burts-bees-almond---milk-hand-cream-57g', "Burt's Bees Almond Milk Hand Cream", '£10.00', '£17.54 / 100g')
('https://www.sainsburys.co.uk/shop/gb/groceries/product/details/natural-beauty-products/origin-of-nature-anti-age-night-crm-50ml', 'Source of Nature Anti-Age Night Cream White Tea & Elderflower 50ml', '£4.50', '£9.00 / 100ml')
('https://www.sainsburys.co.uk/shop/gb/groceries/product/details/natural-beauty-products/herbal-bio-renew-grapefruit-vol-cd-400ml', 'Herbal Essences Bio:Renew Conditioner 400ml White Grapefruit & Mint', '£3.00', '75p / 100ml')
('https://www.sainsburys.co.uk/shop/gb/groceries/product/details/natural-beauty-products/herbal-bio-renew-sberry-mint-cond-400ml', 'Herbal Essences Bio:Renew Conditioner 400ml White Strawberry & Mint', '£3.00', '75p / 100ml')
('https://www.sainsburys.co.uk/shop/gb/groceries/product/details/natural-beauty-products/burts-bees-beeswax-lip-balm-425g', "Burt's Bees Beeswax Lip Balm Tube 4.25g", '£4.00', '£9.41 / 10g')
('https://www.sainsburys.co.uk/shop/gb/groceries/product/details/natural-beauty-products/bull-dog-skincare-for-men-original-beard-oil-30ml', 'Bulldog Skincare for Men Original Beard Oil 30ml', '£5.00', '£16.67 / 100ml')
('https://www.sainsburys.co.uk/shop/gb/groceries/product/details/natural-beauty-products/noughty-colour-bomb-colour-protecting-conditioner-250ml', 'Noughty Colour Bomb Colour Protecting Conditioner 250ml', '£7.00', '£2.80 / 100ml')
('https://www.sainsburys.co.uk/shop/gb/groceries/product/details/natural-beauty-products/akin-hydrating-mist-toner-150ml-7936241-p-44', "A'kin Hydrating Mist Toner 150ml", '£8.00', '£5.33 / 100ml')
('https://www.sainsburys.co.uk/shop/gb/groceries/product/details/natural-beauty-products/akin-cream-cleanser-toner-140ml', "A'kin Cream Cleanser & Toner 140ml", '£10.50', '£7.50 / 100ml')
('https://www.sainsburys.co.uk/shop/gb/groceries/product/details/natural-beauty-products/akin-daily-shine-conditioner-225ml', "A'kin Daily Shine Conditioner 225ml", '£6.00', '£2.67 / 100ml')
('https://www.sainsburys.co.uk/shop/gb/groceries/product/details/natural-beauty-products/akin-colour-protection-shampoo-225ml', "A'kin Colour Protection Shampoo 225ml", '£6.00', '£2.67 / 100ml')
('https://www.sainsburys.co.uk/shop/gb/groceries/product/details/natural-beauty-products/akin-intense-hydration-cream-50ml', "A'kin Intense Hydration Cream 50ml", '£16.00', '£32.00 / 100ml')
('https://www.sainsburys.co.uk/shop/gb/groceries/product/details/natural-beauty-products/korres-japanese-rose-hand-cream-vegan-75ml', 'Korres Japanese Rose Hand Cream, Vegan 75ml', '£4.50', '£6.00 / 100ml')
('https://www.sainsburys.co.uk/shop/gb/groceries/product/details/natural-beauty-products/fin-lavender-geranium-body-wash-400ml', 'Faith in Nature Lavender & Geranium Body Wash 400ml', '£5.50', '£1.38 / 100ml')
('https://www.sainsburys.co.uk/shop/gb/groceries/product/details/natural-beauty-products/hawkins-brimble-daily-energising-moisturiser-100ml', 'Hawkins & Brimble Daily Energising Moisturiser 100ml', '£15.00', '£15.00 / 100ml')
('https://www.sainsburys.co.uk/shop/gb/groceries/product/details/natural-beauty-products/natura-multi-grain-infused-sheet-mask-22ml', 'Natura Multi-Grain Infused Sheet Mask 22ml', '£5.00', '£5.00 / ea')
('https://www.sainsburys.co.uk/shop/gb/groceries/product/details/natural-beauty-products/natura-siberica-moisturizing-cleansing-milk-dry-and-sensitive-skin-200ml', 'Natura Siberica Moisturizing Cleansing Milk Dry and Sensitive Skin 200ml', '£5.75', '£2.88 / 100ml')
('https://www.sainsburys.co.uk/shop/gb/groceries/product/details/natural-beauty-products/natura-siberica-caviar-platinum-intensive-toning-eye-serum-30ml', 'Natura Siberica Caviar Platinum Intensive Toning Eye Serum 30ml', '£40.00', '£133.33 / 100ml')
('https://www.sainsburys.co.uk/shop/gb/groceries/product/details/natural-beauty-products/yes-to-grapefruit-peel-off-mask-single', 'Yes To Grapefruit Peel-off Mask Single', '£2.75', '£2.75 / ea')
('https://www.sainsburys.co.uk/shop/gb/groceries/product/details/natural-beauty-products/burts-bees-facial-cleansing-towelettes-pink-grapefruit-30-count', "Burt's Bees Pink Grapefruit Facial Wipes", '£3.00', '10p / wipe')
('https://www.sainsburys.co.uk/shop/gb/groceries/product/details/natural-beauty-products/yes-to-cucumbers-soothing-calming-paper-mask-20ml', 'Yes To Cucumbers Soothing Calming Paper Mask 20ml', '£2.00', '£2.00 / wipe')
('https://www.sainsburys.co.uk/shop/gb/groceries/product/details/natural-beauty-products/yes-to-tomatoes-clear-skin-detoxifying-charcoal-snapmask-stick-56g', 'Yes To Tomatoes Clear Skin Detoxifying Charcoal SnapMask Stick 56g', '£12.00', '£21.43 / 100g')
('https://www.sainsburys.co.uk/shop/gb/groceries/product/details/natural-beauty-products/urban-veda-sandalwood-botanics-soothing-day-cream-50ml', 'Urban Veda Sandalwood + Botanics Soothing Day Cream 50ml', '£19.00', '£38.00 / 100ml')
('https://www.sainsburys.co.uk/shop/gb/groceries/product/details/natural-beauty-products/urban-veda-neem-botanics-purifying-exfoliating-facial-polish-125ml', 'Urban Veda Neem + Botanics Purifying Exfoliating Facial Polish 125ml', '£13.00', '£10.40 / 100ml')
('https://www.sainsburys.co.uk/shop/gb/groceries/product/details/natural-beauty-products/burts-bees-natural-lip-mask', "Burt's Bees Natural Lip Mask", '£2.50', '£18.36 / 100g')
('https://www.sainsburys.co.uk/shop/gb/groceries/product/details/natural-beauty-products/burts-bees-hydrating-sheet-mask-single-use-1-count', "Burt's Bees Hydrating sheet mask", '£2.50', '£26.74 / 100g')
('https://www.sainsburys.co.uk/shop/gb/groceries/product/details/natural-beauty-products/burts-bees-lip-balm-strawberry-425g', "Burt's Bees Strawberry Lip Balm Tube 4.25g", '£4.00', '£4.00 / ea')
('https://www.sainsburys.co.uk/shop/gb/groceries/product/details/ready-meals-special-offers/sainsburys-slow-cook-beef-shin-casserole-550g', "Sainsbury's Slow Cook Beef Shin Casserole 550g (Serves 2)", '£4.25', '£7.73 / kg')
('https://www.sainsburys.co.uk/shop/gb/groceries/product/details/ready-meals-special-offers/sainsburys-vegetable-biryani-450g', "Sainsbury's Indian Vegetable Biryani with Basmati Rice 400g (Serves 1)", '£2.30', '£5.75 / kg')
('https://www.sainsburys.co.uk/shop/gb/groceries/product/details/ready-meals-special-offers/sainsburys-chicken-tikka-biryani-450g', "Sainsbury's Indian Chicken Tikka Biryani with Basmati Rice 400g (Serves 1)", '£2.30', '£5.75 / kg')
('https://www.sainsburys.co.uk/shop/gb/groceries/product/details/ready-meals-special-offers/sainsburys-chicken-jalfrezi---rice-450g', "Sainsbury's Indian Chicken Jalfrezi with Pilau Rice 400g (Serves 1)", '£2.30', '£5.75 / kg')
('https://www.sainsburys.co.uk/shop/gb/groceries/product/details/ready-meals-special-offers/steak-hash--taste-the-difference-400g-7802821-p', 'Beef Hash, Taste the Difference 400g', '£3.00', '£7.50 / kg')
('https://www.sainsburys.co.uk/shop/gb/groceries/product/details/ready-meals-special-offers/sainsburys-peshwari-naan-160g', "Sainsbury's Indian Peshwari Naan 160g", '80p', '50p / 100g')
('https://www.sainsburys.co.uk/shop/gb/groceries/product/details/fresh-soup/yorkshire-provender-tomato-red-pepper-soup-with-yorkshire-wensleydale-cheese-600g', 'Yorkshire Provender Tomato & Red Pepper Soup with Yorkshire Wensleydale Cheese 600g', '£2.00', '33p / 100g')
('https://www.sainsburys.co.uk/shop/gb/groceries/product/details/fresh-soup/glorious!-skinnylicious-soup-japanese-rainbow-miso-600g', 'Glorious! SkinnyLicious Soup Japanese Rainbow Miso 600g', '£1.50', '25p / 100g')
('https://www.sainsburys.co.uk/shop/gb/groceries/product/details/fresh-soup/tideford-organics-lentil-spinach-dhal-soup-600g', 'Tideford Organics Lentil & Spinach Dhal Soup 600g', '£2.75', '46p / 100g')
('https://www.sainsburys.co.uk/shop/gb/groceries/product/details/fresh-soup/bol-keralan-coconut-curry-veg-pot-345g', 'BOL Keralan Coconut Curry Veg Pot 345g', '£2.75', '£7.97 / kg')
('https://www.sainsburys.co.uk/shop/gb/groceries/product/details/fresh-soup/scottish-food-co-bacon---lentil-soup-550g', 'Scottish Food Co Bacon & Lentil Soup 550g', '£2.20', '40p / 100g')
('https://www.sainsburys.co.uk/shop/gb/groceries/product/details/fresh-pizza-and-pasta-and-garlic-bread/goodfellas-takeaway-big-cheese-555g', "Goodfella's Takeaway Classic Crust The Big Cheese 555g", '£2.00', '£3.61 / kg')
('https://www.sainsburys.co.uk/shop/gb/groceries/product/details/fresh-pizza-and-pasta-and-garlic-bread/goodfellas-deep-pan-baked-loaded-cheese-pizza-417g', "Goodfella's Deep Pan Baked Deliciously Cheesy 421g", '£2.20', '£5.28 / kg')
('https://www.sainsburys.co.uk/shop/gb/groceries/product/details/fresh-pizza-and-pasta-and-garlic-bread/goodfellas-stonebaked-thin-margherita-pizza-345g', "Goodfella's Stonebaked Thin Margherita Pizza 345g", '£1.25', '£3.62 / kg')
('https://www.sainsburys.co.uk/shop/gb/groceries/product/details/fresh-pizza-and-pasta-and-garlic-bread/dr-oetker-ristorante-pizza-hawaii-355g', 'Dr. Oetker Ristorante Hawaii Pizza 355g', '£2.50', '£7.04 / kg')
('https://www.sainsburys.co.uk/shop/gb/groceries/product/details/fresh-pizza-and-pasta-and-garlic-bread/dr-oetker-ristorante-pizza-mozzarella-335g', 'Dr. Oetker Ristorante Mozzarella Pizza 335g', '£2.50', '£7.46 / kg')
('https://www.sainsburys.co.uk/shop/gb/groceries/product/details/fresh-pizza-and-pasta-and-garlic-bread/sainsburys-hot-buffalo-dip-90g', "Sainsbury's Hot Buffalo Takeaway Dip 90g", '90p', '£1.00 / 100g')
('https://www.sainsburys.co.uk/shop/gb/groceries/product/details/fresh-pizza-and-pasta-and-garlic-bread/sainsburys-stonebaked-bbq-chicken-hand-stretched-pizza-300g', "Sainsbury's Stonebaked BBQ Chicken Hand Stretched Pizza 300g", '£3.00', '£10.00 / kg')
('https://www.sainsburys.co.uk/shop/gb/groceries/product/details/fresh-pizza-and-pasta-and-garlic-bread/sainsburys-classic-crust-meat-feast-pizza-520g', "Sainsbury's Classic Crust Meat Feast Pizza 520g", '£3.50', '£6.73 / kg')
('https://www.sainsburys.co.uk/shop/gb/groceries/product/details/fresh-pizza-and-pasta-and-garlic-bread/sainsburys-cheese-garlic-slices-x6-200g', "Sainsbury's Cheese & Garlic Slices x6 200g", '£1.00', '£5.00 / kg')
('https://www.sainsburys.co.uk/shop/gb/groceries/product/details/fresh-pizza-and-pasta-and-garlic-bread/sainsburys-12-mozzarella-sticks-180g', "Sainsbury's Mozzarella Sticks x12 180g", '£1.80', '£1.00 / 100g')
('https://www.sainsburys.co.uk/shop/gb/groceries/product/details/fresh-pizza-and-pasta-and-garlic-bread/sainsburys-stonebaked-spinach---ricotta-pizza-10', "Sainsbury's Stonebaked Spinach & Ricotta Hand Stretched Pizza 290g", '£3.00', '£10.34 / kg')
('https://www.sainsburys.co.uk/shop/gb/groceries/product/details/fresh-pizza-and-pasta-and-garlic-bread/pukka-all-steak-pie-233g', 'Pukka Pies All Steak Pie 209g', '£1.00', '48p / 100g')
('https://www.sainsburys.co.uk/shop/gb/groceries/product/details/fresh-pizza-and-pasta-and-garlic-bread/sainsburys-breaded-mushrooms-350g', "Sainsbury's Breaded Mushrooms Takeaway Sides 350g", '£2.50', '£7.14 / kg')
('https://www.sainsburys.co.uk/shop/gb/groceries/product/details/fresh-pizza-and-pasta-and-garlic-bread/sainsburys-classic-crust-supreme-pizza-520g', "Sainsbury's Classic Crust Supreme Pizza 520g", '£3.50', '£6.73 / kg')
('https://www.sainsburys.co.uk/shop/gb/groceries/product/details/fresh-pizza-and-pasta-and-garlic-bread/sainsburys-beef-dripping-chips--taste-the-difference-400g', "Sainsbury's Crispy Triple Cooked Chips, Taste the Difference 400g (Serves 2)", '£2.70', '£6.75 / kg')
('https://www.sainsburys.co.uk/shop/gb/groceries/product/details/fresh-pizza-and-pasta-and-garlic-bread/sainsburys-stonebaked-margherita-pizza-10', "Sainsbury's Stonebaked Margherita Hand Stretched Pizza 265g", '£3.00', '£11.32 / kg')
('https://www.sainsburys.co.uk/shop/gb/groceries/product/details/fresh-pizza-and-pasta-and-garlic-bread/dr-oetker-ristorante-pizza-speciale-330g', 'Dr. Oetker Ristorante Speciale Pizza 330g', '£2.50', '£7.58 / kg')
('https://www.sainsburys.co.uk/shop/gb/groceries/product/details/fresh-pizza-and-pasta-and-garlic-bread/dr-oetker-ristorante-pizza-pollo-355g', 'Dr. Oetker Ristorante Pollo Pizza 355g', '£2.50', '£7.04 / kg')
('https://www.sainsburys.co.uk/shop/gb/groceries/product/details/fresh-pizza-and-pasta-and-garlic-bread/sainsburys-spicy-potato-wedges-400g', "Sainsbury's Spicy Potato Wedges Takeaway Sides 400g", '£2.50', '£6.25 / kg')
('https://www.sainsburys.co.uk/shop/gb/groceries/product/details/fresh-pizza-and-pasta-and-garlic-bread/rustlers-cheese-burger-162g', 'Rustlers Cheese Burger 162g', '£1.00', '62p / 100g')
('https://www.sainsburys.co.uk/shop/gb/groceries/product/details/fresh-pizza-and-pasta-and-garlic-bread/diet-coke-4x330ml', 'Diet Coke 4x330ml', '£2.70', '20p / 100ml')
('https://www.sainsburys.co.uk/shop/gb/groceries/product/details/fresh-pizza-and-pasta-and-garlic-bread/sainsburys-stonebaked-chicken---pesto-pizza-10', "Sainsbury's Stonebaked Chicken & Pesto Hand Stretched Pizza 315g", '£3.00', '£9.52 / kg')
('https://www.sainsburys.co.uk/shop/gb/groceries/product/details/fresh-pizza-and-pasta-and-garlic-bread/dr-oetker-ristorante-pizza-funghi-365g', 'Dr. Oetker Ristorante Funghi Pizza 365g', '£2.50', '£6.85 / kg')
('https://www.sainsburys.co.uk/shop/gb/groceries/product/details/fresh-pizza-and-pasta-and-garlic-bread/pukka-pies-chicken---mushroom-pie-226g', 'Pukka Pies Chicken & Mushroom Pie 212g', '£1.00', '47p / 100g')
('https://www.sainsburys.co.uk/shop/gb/groceries/product/details/fresh-pizza-and-pasta-and-garlic-bread/sainsburys-not-zarella-sticks-x8-160g', "Sainsbury's Not Zarella Sticks x8 160g", '£2.50', '£15.63 / kg')
('https://www.sainsburys.co.uk/shop/gb/groceries/product/details/fresh-pizza-and-pasta-and-garlic-bread/crosta-mollica-pizza-positano-418g', 'Crosta & Mollica Positano Sourdough Pizza King Prawn & Red Pepper 478g', '£4.50', '£9.41 / kg')
('https://www.sainsburys.co.uk/shop/gb/groceries/product/details/fresh-pizza-and-pasta-and-garlic-bread/sainsburys-breaded-mushrooms-350g-8032606-p-44', "Sainsbury's Breaded Mushrooms 350g", '£2.50', '£7.14 / kg')
('https://www.sainsburys.co.uk/shop/gb/groceries/product/details/fresh-vegetables-world-exotic/sainsburys-fresh-turmeric-100g', "Sainsbury's Fresh Turmeric 100g", '£1.50', '£1.50 / 100g')
('https://www.sainsburys.co.uk/shop/gb/groceries/product/details/fresh-vegetables-world-exotic/sainsburys-finger-chillies-80g', "Sainsbury's Finger Chillies 80g", '90p', '£1.13 / 100g')
('https://www.sainsburys.co.uk/shop/gb/groceries/product/details/fresh-vegetables-world-exotic/sainsburys-sweet-potatoes-loose', "Sainsbury's Sweet Potatoes Loose", '£1.10 / kg', '£1.10 / kg')
('https://www.sainsburys.co.uk/shop/gb/groceries/product/details/fresh-vegetables-world-exotic/wealmoor-fresh-tamarind-500g-7684386-p-44', 'Wealmoor Fresh Tamarind 500g', '£2.50', '£5.00 / kg')
('https://www.sainsburys.co.uk/shop/gb/groceries/product/details/fresh-vegetables-world-exotic/sainsburys-dhudi', "Sainsbury's Dhudi", '£1.60', '£1.60 / ea')
('https://www.sainsburys.co.uk/shop/gb/groceries/product/details/fresh-vegetables-world-exotic/sainsburys-sweet-potatoes--so-organic-750g', "Sainsbury's Sweet Potato, SO Organic 750g", '£2.40', '£3.20 / kg')
('https://www.sainsburys.co.uk/shop/gb/groceries/product/details/fresh-vegetables-world-exotic/sainsburys-okra-loose', "Sainsbury's Okra Loose", '£4.95 / kg', '£4.95 / kg')
('https://www.sainsburys.co.uk/shop/gb/groceries/product/details/fresh-vegetables-world-exotic/sainsburys-garlic--so-organic-x3', "Sainsbury's Garlic, SO Organic x3", '£1.00', '33p / ea')
('https://www.sainsburys.co.uk/shop/gb/groceries/product/details/special-offers-279820-44/the-greengrocers-baby-corn-80g', "The Greengrocer's Baby Corn 80g", '£1.39', '£17.38 / kg')
('https://www.sainsburys.co.uk/shop/gb/groceries/product/details/special-offers-279820-44/the-greengrocers-tenderstem-broccoli-135g', "The Greengrocer's Tenderstem Broccoli 135g", '£1.59', '£11.78 / kg')
('https://www.sainsburys.co.uk/shop/gb/groceries/product/details/special-offers-279820-44/sainsburys-closed-cup-white-mushrooms-300g', "Sainsbury's Closed Cup White Mushrooms 300g", '75p', '£2.50 / kg')
('https://www.sainsburys.co.uk/shop/gb/groceries/product/details/special-offers-279820-44/sainsburys-plum-tomatoes-500g', "Sainsbury's Plum Tomatoes 500g", '£1.00', '£2.00 / kg')
('https://www.sainsburys.co.uk/shop/gb/groceries/product/details/special-offers-279820-44/sainsburys-large-flat-mushrooms-250g', "Sainsbury's Large Flat Mushrooms 250g", '80p', '£3.20 / kg')
('https://www.sainsburys.co.uk/shop/gb/groceries/product/details/special-offers-279820-44/sainsburys-kalettes-200g', "Sainsbury's Kalettes 200g", '£1.20', '£6.00 / kg')
('https://www.sainsburys.co.uk/shop/gb/groceries/product/details/special-offers-279820-44/sainsburys-avocado--so-organic-x2', 'SO Organic Medium Ripe & Ready Avocados x2', '£2.00', '£1.00 / ea')
('https://www.sainsburys.co.uk/shop/gb/groceries/product/details/all-salads/sainsburys-sweet---crunchy-large-bowl-340g', "Sainsbury's Sweet & Crunchy Large Bowl 340g", '£3.00', '88p / 100g')
('https://www.sainsburys.co.uk/shop/gb/groceries/product/details/all-salads/florette-baby-kale-60g', 'Florette Baby Kale 60g', '£1.00', '£1.67 / 100g')
('https://www.sainsburys.co.uk/shop/gb/groceries/product/details/all-salads/sainsburys-sweet-chilli---coriander-dressing-180ml', "Sainsbury's Sweet Chilli & Coriander Dressing 180ml", '£1.30', '72p / 100ml')
('https://www.sainsburys.co.uk/shop/gb/groceries/product/details/all-salads/sainsburys-mango---chilli-dressing--be-good-to-yourself-180ml', "Sainsbury's Mango & Chilli Dressing, Be Good To Yourself 180ml", '£1.25', '69p / 100ml')
('https://www.sainsburys.co.uk/shop/gb/groceries/product/details/all-salads/sainsburys-potato-salad--taste-the-difference-275g', "Sainsbury's Potato Salad, Taste the Difference 300g", '£2.10', '70p / 100g')
('https://www.sainsburys.co.uk/shop/gb/groceries/product/details/all-salads/sainsburys-coleslaw--taste-the-difference-635g', "Sainsbury's Coleslaw, Taste the Difference 600g", '£1.60', '27p / 100g')
('https://www.sainsburys.co.uk/shop/gb/groceries/product/details/all-salads/sainsburys-best-of-british-tomatoes--taste-the-difference-225g', "Sainsbury's Best Of British Tomatoes, Taste the Difference 225g", '£2.00', '£8.89 / kg')
('https://www.sainsburys.co.uk/shop/gb/groceries/product/details/all-salads/sainsburys-golden-pomodorino-tomatoes--taste-the-difference-225g', "Sainsbury's Golden Pomodorino Tomatoes, Taste the Difference 225g", '£1.75', '£7.78 / kg')
('https://www.sainsburys.co.uk/shop/gb/groceries/product/details/all-salads/sainsburys-iceberg-lettuce', "Sainsbury's Iceberg Lettuce", '43p', '43p / ea')
('https://www.sainsburys.co.uk/shop/gb/groceries/product/details/all-salads/sainsburys-lettuce--basics', "Sainsbury's Lettuce, Basics", '50p', '50p / ea')
('https://www.sainsburys.co.uk/shop/gb/groceries/product/details/all-salads/sainsburys-fresh-salad-cress-20g', "Sainsbury's Fresh Salad Cress 20g", '30p', '15p / 10g')
('https://www.sainsburys.co.uk/shop/gb/groceries/product/details/all-salads/sainsburys-red-pepper', "Sainsbury's Red Pepper", '45p', '45p / ea')
('https://www.sainsburys.co.uk/shop/gb/groceries/product/details/all-salads/sainsburys-beetroot-vacuum-pack-250g', "Sainsbury's Beetroot Vacuum Pack 250g", '80p', '32p / 100g')
('https://www.sainsburys.co.uk/shop/gb/groceries/product/details/all-salads/sainsburys-tabbouleh-salad--taste-the-difference-250g', "Sainsbury's Tabbouleh Salad, Taste the Difference 250g", '£2.00', '80p / 100g')
('https://www.sainsburys.co.uk/shop/gb/groceries/product/details/all-salads/the-greengrocers-little-gem-lettuce-x2', "The Greengrocer's Little Gem Lettuce x2", '85p', '43p / ea')
('https://www.sainsburys.co.uk/shop/gb/groceries/product/details/all-salads/so-spinach-organic-100g', 'So Spinach, Organic 100g', '£1.25', '£1.25 / 100g')
('https://www.sainsburys.co.uk/shop/gb/groceries/product/details/all-salads/sainsburys-sweet-pointed-peppers-x2', "Sainsbury's Sweet Pointed Peppers x2", '£1.20', '60p / ea')
('https://www.sainsburys.co.uk/shop/gb/groceries/product/details/all-salads/sainsburys-cherry-tomatoes-250g', "Sainsbury's Cherry Tomatoes 250g", '70p', '£2.80 / kg')
('https://www.sainsburys.co.uk/shop/gb/groceries/product/details/all-salads/florette-sweet-crispy-salad-135g', 'Florette Sweet Crispy Salad 135g', '£1.50', '£1.11 / 100g')
('https://www.sainsburys.co.uk/shop/gb/groceries/product/details/all-salads/sainsburys-sweet-chilli-cocktail-beetroot-taste-the-difference-200g', "Sainsbury's Sweet Chilli Beetroot 200g", '£1.50', '75p / 100g')
('https://www.sainsburys.co.uk/shop/gb/groceries/product/details/all-salads/sainsburys-wheatberries---kale-grains-300g', "Sainsbury's Wheatberries & Kale Grains 300g", '£2.00', '£6.67 / kg')
('https://www.sainsburys.co.uk/shop/gb/groceries/product/details/all-salads/sainsburys-ripe---ready-baby-avocado', 'By Sainsbury’s 3 Baby Ripe & Ready Avocados', '£1.75', '58p / ea')
('https://www.sainsburys.co.uk/shop/gb/groceries/product/details/all-salads/sainsburys-roasted-vegetable-cous-cous-200g', "Sainsbury's Roasted Vegetable Cous Cous 200g", '£1.50', '75p / 100g')
('https://www.sainsburys.co.uk/shop/gb/groceries/product/details/all-salads/country-kitchen-cheese-coleslaw-227g', 'Country Kitchen Cheese Coleslaw 227g', '£1.25', '55p / 100g')
('https://www.sainsburys.co.uk/shop/gb/groceries/product/details/all-salads/country-kitchen-chipotle-coleslaw-227g', 'Country Kitchen Chipotle Coleslaw 227g', '£1.25', '55p / 100g')
('https://www.sainsburys.co.uk/shop/gb/groceries/product/details/all-salads/sainsburys-roasting-pack-tomatoes--taste-the-difference-350g', "Sainsbury's Roasting Pack Tomatoes, Taste the Difference 350g", '£2.00', '£5.71 / kg')
('https://www.sainsburys.co.uk/shop/gb/groceries/product/details/all-salads/florette-mixed-salad-150g', 'Florette Mixed Salad 150g', '£1.00', '67p / 100g')
('https://www.sainsburys.co.uk/shop/gb/groceries/product/details/all-salads/sainsburys-cosmopolitan-salad-70g', "Sainsbury's Cosmopolitan Salad 70g", '£1.00', '£1.43 / 100g')
('https://www.sainsburys.co.uk/shop/gb/groceries/product/details/all-salads/sainsburys-lambs-lettuce-60g', "Sainsbury's Lambs Lettuce 60g", '£1.00', '£1.67 / 100g')
('https://www.sainsburys.co.uk/shop/gb/groceries/product/details/new-355373-44/nerf-elite-flash-strike-target', 'Nerf Elite Flash Strike Target', '£10.00', '£10.00 / ea')
('https://www.sainsburys.co.uk/shop/gb/groceries/product/details/new-355373-44/nzo-red-liquids-mixed-berry-re-fill-cartridge-salt-nicotine-20mg', 'NZO Red Liquids Mixed Berry Re-Fill Cartridge Salt Nicotine 20mg', '£7.50', '£1.47 / ml')
('https://www.sainsburys.co.uk/shop/gb/groceries/product/details/new-355373-44/pot-noodle-bbq-pulled-pork-instant-meal-114g', 'Pot Noodle BBQ Pulled Pork Instant Meal 114g', '£1.20', '£1.05 / 100g')
('https://www.sainsburys.co.uk/shop/gb/groceries/product/details/new-355373-44/my-fairy-garden-fairy-teacup-garden', 'My Fairy Garden Fairy Teacup Garden', '£8.00', '£8.00 / ea')
('https://www.sainsburys.co.uk/shop/gb/groceries/product/details/new-355373-44/sainsburys-sultana-loaf-cake-495g', "Sainsbury's Sultana Loaf Cake 495g", '£2.00', '£2.00 / ea')
('https://www.sainsburys.co.uk/shop/gb/groceries/product/details/new-355373-44/lego-dots-secret-holder-cat-room-décor-ideas-set-41924', 'LEGO DOTS Secret Holder Cat Room Décor Ideas Set 41924', '£18.00', '£18.00 / ea')
('https://www.sainsburys.co.uk/shop/gb/groceries/product/details/new-355373-44/kabuto-yellow-chicken-noodles-65g', 'Kabuto Yellow Chicken Noodles 65g', '£2.00', '£3.08 / 100g')
('https://www.sainsburys.co.uk/shop/gb/groceries/product/details/new-355373-44/escape-to-the-chateau-teaspoons-4pk', 'Escape To The Chateau Teaspoons 4pk', '£12.00', '£12.00 / ea')
('https://www.sainsburys.co.uk/shop/gb/groceries/product/details/new-355373-44/escape-to-the-chateau-cake-slice', 'Escape To The Chateau Cake Slice', '£12.00', '£12.00 / ea')
('https://www.sainsburys.co.uk/shop/gb/groceries/product/details/new-355373-44/lego-ninjago-legacy-epic-battle-set-–-kai-vs-skulkin-71730', 'Lego Ninjago Legacy Epic Battle Set – Kai Vs. Skulkin 71730', '£9.00', '£9.00 / ea')
('https://www.sainsburys.co.uk/shop/gb/groceries/product/details/new-355373-44/slogan-planter', 'Slogan Planter', '£15.00', '£15.00 / ea')
('https://www.sainsburys.co.uk/shop/gb/groceries/product/details/new-355373-44/bottle-bag-nordic-moorlands-foliage', 'Bottle Bag - Nordic - Moorlands Foliage', '£1.00', '£1.00 / ea')
('https://www.sainsburys.co.uk/shop/gb/groceries/product/details/new-355373-44/medium-bag-dear-santa-present', 'Medium Bag - Dear Santa - Present', '£1.50', '£1.50 / ea')
('https://www.sainsburys.co.uk/shop/gb/groceries/product/details/new-355373-44/xxl-bag-dear-santa-rudolph', 'XXL Bag - Dear Santa - Rudolph', '£3.00', '£3.00 / ea')
('https://www.sainsburys.co.uk/shop/gb/groceries/product/details/new-355373-44/winter-hibernation-ceramic-leaf-assortment', 'Winter Hibernation Ceramic Leaf Assortement', '£1.50', '£1.50 / ea')
('https://www.sainsburys.co.uk/shop/gb/groceries/product/details/new-355373-44/nordic-shaped-wooden-gold-foil-hanging-decorations', 'Nordic Shaped Wooden Gold Foil Hanging Decoration', '£1.00', '£1.00 / ea')
('https://www.sainsburys.co.uk/shop/gb/groceries/product/details/new-355373-44/winter-hibernation-embroidered-stocking', 'Winter Hibernation Embroidered Stocking', '£10.00', '£10.00 / ea')
('https://www.sainsburys.co.uk/shop/gb/groceries/product/details/new-355373-44/walkers-favourites-mix-multipack-snacks', 'Walkers Favourites Mix Multipack Snacks', '£3.50', '70p / 100g')
('https://www.sainsburys.co.uk/shop/gb/groceries/product/details/new-355373-44/strongbow-dark-fruit-05-4x330ml', 'Strongbow Dark Fruit Ultra Low Alcohol Cider Bottles x4 330ml', '£3.25', '£2.46 / ltr')
('https://www.sainsburys.co.uk/shop/gb/groceries/product/details/new-355373-44/trolls-iridescent-lunch-bag', 'Trolls Lunch Bag', '£8.00', '£8.00 / ea')
('https://www.sainsburys.co.uk/shop/gb/groceries/product/details/new-355373-44/teal-yoga-bottle', 'Teal Yoga Bottle', '£6.00', '£6.00 / ea')
('https://www.sainsburys.co.uk/shop/gb/groceries/product/details/new-355373-44/frozen-reversible-sequin-bag', 'Frozen II Sequin Lunch Bag', '£10.00', '£10.00 / ea')
('https://www.sainsburys.co.uk/shop/gb/groceries/product/details/new-355373-44/minions-2-pencil-case', 'Minions 2 Pencil Case', '£5.00', '£5.00 / ea')
('https://www.sainsburys.co.uk/shop/gb/groceries/product/details/new-355373-44/v-a-manicure-set', 'V&A Manicure Set', '£12.00', '£12.00 / ea')
('https://www.sainsburys.co.uk/shop/gb/groceries/product/details/new-355373-44/v-a-lip-balm-tin', 'V&A Lip Balm Tin', '£4.00', '£4.00 / ea')
('https://www.sainsburys.co.uk/shop/gb/groceries/product/details/new-355373-44/snickers-chocolate-low-calorie-snack-bars-multipack-x10-20g', 'Snickers 99 Calorie Chocolate Snack Bars 10 Pack 200G', '£2.50', '£1.25 / 100g')
('https://www.sainsburys.co.uk/shop/gb/groceries/product/details/new-355373-44/sainsburys-home-sahara-double-planter', "Sainsbury's Home Sahara Double Planter", '£22.00', '£22.00 / ea')
('https://www.sainsburys.co.uk/shop/gb/groceries/product/details/new-355373-44/sahara-cushion', 'Sahara Cushion', '£16.00', '£16.00 / ea')
('https://www.sainsburys.co.uk/shop/gb/groceries/product/details/new-355373-44/good-boy-mega-chkn-carrot-sticks-100g', 'Good Boy Pawsley & Co Mega Chewy Chicken with Carrot Stick Dog Treats 100g', '£2.00', '£20.00 / kg')
('https://www.sainsburys.co.uk/shop/gb/groceries/product/details/new-355373-44/home-silver-jacquard-geo-superking', "Sainsbury's Home Silver Jacquard Geometric Pattern", '£32.00', '£32.00 / ea')
('https://www.sainsburys.co.uk/shop/gb/groceries/product/details/new-355373-44/biomed-charcoal-100g', 'Biomed Charcoal Complete Care Natural Toothpaste 100g', '£3.50', '£3.50 / ea')
('https://www.sainsburys.co.uk/shop/gb/groceries/product/details/new-355373-44/reindeer-cup-with-straw', 'Reindeer Cup with Straw', '£5.00', '£5.00 / ea')
('https://www.sainsburys.co.uk/shop/gb/groceries/product/details/new-355373-44/10pk-snowy-scene-card', "Sainsbury's Home 10Pk Snowy Scene Card", '£2.50', '£2.50 / ea')
('https://www.sainsburys.co.uk/shop/gb/groceries/product/details/new-355373-44/2tv-12pk-a6-sketchy-scene-cards', "Sainsbury's Home 12pk A6 Sketchy Scene Cards", '£3.00', '£3.00 / ea')
('https://www.sainsburys.co.uk/shop/gb/groceries/product/details/new-355373-44/bottle-bag-green-trees', "Sainsbury's Home Bottle Bag - Green Trees", '£1.00', '£1.00 / ea')
('https://www.sainsburys.co.uk/shop/gb/groceries/product/details/new-355373-44/ale-glass-set', 'Ale & Glass Set', '£10.00', '£10.00 / ea')
('https://www.sainsburys.co.uk/shop/gb/groceries/product/details/new-355373-44/20pk-cube-rudolphs-day-off-cards', "Sainsbury's Home 20Pk Cube Rudolph'S Day Off Cards", '£2.00', '£2.00 / ea')
('https://www.sainsburys.co.uk/shop/gb/groceries/product/details/new-355373-44/wrap-4m-copper-foil', 'Wrap 4m - Copper Foil', '£2.50', '£2.50 / ea')
('https://www.sainsburys.co.uk/shop/gb/groceries/product/details/new-355373-44/ribbon-trio-christmas-noir-gold', 'Ribbon Trio - Gold', '£2.00', '£2.00 / ea')
('https://www.sainsburys.co.uk/shop/gb/groceries/product/details/new-355373-44/harry-potter-night-bus-money-box', 'Harry Potter Night Bus Money Box', '£15.00', '£15.00 / ea')
('https://www.sainsburys.co.uk/shop/gb/groceries/product/details/new-355373-44/shooting-star-snowglobe', 'Shooting Star Snowglobe', '£12.00', '£12.00 / ea')
('https://www.sainsburys.co.uk/shop/gb/groceries/product/details/new-355373-44/wrap-3m-foil-penguins', "Sainsbury's Home Wrap 3M - Foil Penguins", '£2.00', '£2.00 / ea')
('https://www.sainsburys.co.uk/shop/gb/groceries/product/details/new-355373-44/wrap-4m-yeti', "Sainsbury's Home Wrap 4M - Let It Snow Rainbow", '£1.50', '£1.50 / ea')
('https://www.sainsburys.co.uk/shop/gb/groceries/product/details/new-355373-44/large-bag-santa', "Sainsbury's Home Large Bag - Santa", '£2.00', '£2.00 / ea')
('https://www.sainsburys.co.uk/shop/gb/groceries/product/details/new-355373-44/the-emjoi-micro-pedi-manicure-pedicure-gift-set-133248616-p', 'The Emjoi MICRO Pedi Manicure Pedicure Gift Set', '£40.00', '£40.00 / ea')
('https://www.sainsburys.co.uk/shop/gb/groceries/product/details/new-355373-44/highway-rat-card-game-133178478-p', 'Highway Rat Card Game', '£4.00', '£4.00 / ea')
('https://www.sainsburys.co.uk/shop/gb/groceries/product/details/all-future-brands/my-skin-matters-dermacare-sensitive-bath-cream-500ml', 'My Skin Matters Dermacare Sensitive Bath Cream 500ml', '£1.50', '30p / 100ml')
('https://www.sainsburys.co.uk/shop/gb/groceries/product/details/all-future-brands/tonys-chocolonely-dark-milk-chocolate-pretzel-toffee-42-180g', "Tony's Chocolonely Dark Milk Chocolate Pretzel Toffee 42% 180g", '£2.75', '£1.52 / 100g')
('https://www.sainsburys.co.uk/shop/gb/groceries/product/details/all-future-brands/little-freddie-organic-grass-fed-beef-lasagne-with-a-pinch-of-parmesan-130g-7958107-p', 'Little Freddie Organic Grass Fed Beef Lasagne with a Pinch of Parmesan 130g', '£1.75', '£1.35 / 100g')
('https://www.sainsburys.co.uk/shop/gb/groceries/product/details/all-future-brands/willys-apple-cider-vinegar-50ml', "Willy's Apple Cider Vinegar 50ml", '£2.50', '£50.00 / ltr')
('https://www.sainsburys.co.uk/shop/gb/groceries/product/details/all-future-brands/wasabi-sushi-bento-chicken-katsu-yakisoba-450g', 'Wasabi Sushi & Bento Chicken Katsu Yakisoba 450g', '£4.00', '£8.89 / kg')
('https://www.sainsburys.co.uk/shop/gb/groceries/product/details/all-future-brands/smith-england-boost-lasting-volume-shampoo-250ml-7952350-p', 'Smith England Boost Lasting Volume Shampoo 250ml', '£8.00', '£3.20 / 100ml')
('https://www.sainsburys.co.uk/shop/gb/groceries/product/details/all-future-brands/smith-england-gloss-shine-expert-conditioner-250ml-7952225-p', 'Smith England Gloss Shine Expert Conditioner 250ml', '£8.00', '£3.20 / 100ml')
('https://www.sainsburys.co.uk/shop/gb/groceries/product/details/all-future-brands/smith-england-nourish-moisture-remedy-conditioner-250ml-7952200-p', 'Smith England Nourish Moisture Remedy Conditioner 250ml', '£8.00', '£3.20 / 100ml')
('https://www.sainsburys.co.uk/shop/gb/groceries/product/details/all-future-brands/smith-england-nourish-moisture-remedy-shampoo-250ml-7952118-p', 'Smith England Nourish Moisture Remedy Shampoo 250ml', '£8.00', '£3.20 / 100ml')
('https://www.sainsburys.co.uk/shop/gb/groceries/product/details/all-future-brands/smith-england-nourish-intensive-moisture-mask-200ml-7952112-p', 'Smith England Nourish Intensive Moisture Mask 200ml', '£8.00', '£4.00 / 100ml')
('https://www.sainsburys.co.uk/shop/gb/groceries/product/details/all-future-brands/super-facialist-for-men-firming-eye-cream-15ml', 'Super Facialist for Men Firming Eye Cream 15ml', '£10.00', '£66.67 / 100ml')
('https://www.sainsburys.co.uk/shop/gb/groceries/product/details/all-future-brands/union-hand-roasted-coffee-house-roast-cafetière-grind-200g', 'Union Hand-Roasted Coffee House Roast Cafetière Grind 200g', '£5.00', '£2.50 / 100g')
('https://www.sainsburys.co.uk/shop/gb/groceries/product/details/all-future-brands/union-cafet-decaf-coffee-200g', 'Union Hand-Roasted Rich Decaf Ground Coffee 200g', '£5.50', '£2.75 / 100g')
('https://www.sainsburys.co.uk/shop/gb/groceries/product/details/all-future-brands/yoni-organic-cotton-pads-normal-x10', 'Yoni Organic Cotton Sanitary Towels Medium With Wings x10', '£3.50', '35p / ea')
('https://www.sainsburys.co.uk/shop/gb/groceries/product/details/all-future-brands/kevita-master-brew-kombucha-ginger-450ml', 'KeVita Master Brew Kombucha Ginger 450ml', '£3.00', '67p / 100ml')
('https://www.sainsburys.co.uk/shop/gb/groceries/product/details/all-future-brands/the-collection-radiant-blossom-anti-perspirant-for-women-250ml', 'The Collection Radiant Blossom Anti-Perspirant for Women 250ml', '£1.00', '40p / 100ml')
('https://www.sainsburys.co.uk/shop/gb/groceries/product/details/all-future-brands/super-facialist-pure-sensitive-micellar-cleansing-gel-150ml', 'Super Facialist Pure Sensitive Micellar Cleansing Gel 150ml', '£6.00', '£4.00 / 100ml')
('https://www.sainsburys.co.uk/shop/gb/groceries/product/details/all-future-brands/super-facialist-pure-sensitive-overnight-skin-recovery-cream-75ml', 'Super Facialist Pure Sensitive Overnight Skin Recovery Cream 75ml', '£10.00', '£13.33 / 100ml')
('https://www.sainsburys.co.uk/shop/gb/groceries/product/details/all-future-brands/landric-champagne-brut-75cl', 'Landric Champagne Brut 75cl', '£20.00', '£20.00 / 75cl')
('https://www.sainsburys.co.uk/shop/gb/groceries/product/details/all-future-brands/dirty-works-bath-bomb-trio', 'Dirty Works Bath Bomb Trio', '£1.50', '50p / ea')
('https://www.sainsburys.co.uk/shop/gb/groceries/product/details/all-future-brands/kent-fraser-chocolate-fudge-brownie-55g', 'Kent & Fraser Chocolate Fudge Brownie 55g', '£1.00', '£1.82 / 100g')
('https://www.sainsburys.co.uk/shop/gb/groceries/product/details/all-future-brands/happy-naturals-revitalising-foot-scrub-sea-minerals-ginger-root-100ml', 'Happy Naturals Revitalising Foot Scrub Sea Minerals & Ginger Root 100ml', '£2.50', '£1.25 / 100ml')
('https://www.sainsburys.co.uk/shop/gb/groceries/product/details/all-future-brands/happy-naturals-nourishing-body-wash-argan-oil-sweet-orange-250ml', 'Happy Naturals Nourishing Body Wash Argan Oil & Shea 250ml', '£2.75', '£1.10 / 100ml')
('https://www.sainsburys.co.uk/shop/gb/groceries/product/details/all-future-brands/the-collection-stress-away-bath-soak-500ml', 'The Collection Stress Away Bath Soak 500ml', '90p', '18p / 100ml')
('https://www.sainsburys.co.uk/shop/gb/groceries/product/details/all-future-brands/the-collection-moisture-handwash-refill-500ml', 'The Collection Moisture Handwash Refill 500ml', '£1.00', '20p / 100ml')
('https://www.sainsburys.co.uk/shop/gb/groceries/product/details/all-future-brands/the-collection-mango-bodywash-250ml', 'The Collection Mango Bodywash 250ml', '85p', '34p / 100ml')
('https://www.sainsburys.co.uk/shop/gb/groceries/product/details/all-future-brands/the-collection-feel-soft-nourishing-shower-crème-250ml', 'The Collection Feel Soft Nourishing Shower Crème 250ml', '85p', '34p / 100ml')
('https://www.sainsburys.co.uk/shop/gb/groceries/product/details/all-future-brands/boutique-cuticle-pusher-cleaner', 'Boutique Cuticle Pusher & Cleaner', '£2.00', '£2.00 / ea')
('https://www.sainsburys.co.uk/shop/gb/groceries/product/details/all-future-brands/boutique-powder-brush', 'Boutique Powder Brush', '£4.00', '£4.00 / ea')
('https://www.sainsburys.co.uk/shop/gb/groceries/product/details/all-future-brands/boutique-dual-ended-eyeshadow-brush', 'Boutique Dual-Ended Eyeshadow Brush', '£2.50', '£2.50 / ea')
('https://www.sainsburys.co.uk/shop/gb/groceries/product/details/all-future-brands/tariq-halal-lamb-mince-450g', 'Tariq Halal Lamb Mince 450g', '£5.00', '£10.00 / kg')
('https://www.sainsburys.co.uk/shop/gb/groceries/product/details/all-future-brands/tariq-halal-diced-beef-400g', 'Tariq Halal Diced Beef 400g', '£4.00', '£10.00 / kg')
('https://www.sainsburys.co.uk/shop/gb/groceries/product/details/all-future-brands/tariq-halal-diced-lamb-300g', 'Tariq Halal Diced Lamb 300g', '£4.50', '£15.00 / kg')
('https://www.sainsburys.co.uk/shop/gb/groceries/product/details/all-future-brands/tariq-halal-fresh-grade-a-chicken-drumsticks-with-piri-piri-glaze-1kg', 'Tariq Halal Fresh Grade A Chicken Drumsticks with Piri Piri Glaze 1kg', '£3.50', '£3.50 / kg')
('https://www.sainsburys.co.uk/shop/gb/groceries/product/details/all-future-brands/happy-naturals-colour-care-shampoo-coconut-rooibos-300ml', 'Happy Naturals Colour Care Shampoo Coconut & Rooibos 300ml', '£4.00', '£1.33 / 100ml')
('https://www.sainsburys.co.uk/shop/gb/groceries/product/details/all-future-brands/no1-kombucha-raspberry-pomegranate-hibiscus-275ml', 'No.1 Kombucha Raspberry, Pomegranate & Hibiscus 275ml', '£1.50', '55p / 100ml')
('https://www.sainsburys.co.uk/shop/gb/groceries/product/details/all-future-brands/boutique-blusher-palette-romantica-18g', 'Boutique Blusher Palette Romantica 18g', '£5.00', '£2.78 / 10g')
('https://www.sainsburys.co.uk/shop/gb/groceries/product/details/all-future-brands/boutique-highlight-contour-stick-light-medium-96g', 'Boutique Highlight & Contour Stick Light/Medium 9.6g', '£2.00', '£2.08 / 10g')
('https://www.sainsburys.co.uk/shop/gb/groceries/product/details/all-future-brands/boutique-foundation-colour-adjusting-drops-light-12ml', 'Boutique Foundation Colour Adjusting Drops Light 12ml', '£4.50', '£3.75 / 10ml')
('https://www.sainsburys.co.uk/shop/gb/groceries/product/details/all-price-lock/bud-light-lager-4x440ml', 'Bud Light Lager Beer cans 4x440ml', '£3.50', '£1.99 / ltr')
('https://www.sainsburys.co.uk/shop/gb/groceries/product/details/all-price-lock/sainsburys-fragrant-tikka-curry-paste-200g', "Sainsbury's Fragrant Tikka Curry Paste 200g", '£1.35', '68p / 100g')
('https://www.sainsburys.co.uk/shop/gb/groceries/product/details/all-price-lock/tassimo-kenco-americano-decaff-coffee-16x65g', 'Tassimo Kenco Americano Decaff Coffee Pods x16', '£3.50', '£3.37 / 100g')
('https://www.sainsburys.co.uk/shop/gb/groceries/product/details/all-price-lock/batchelors-super-noodles--bbq-beef-75g', 'Batchelors Super Noodles Pot, BBQ Beef 75g', '50p', '£6.67 / kg')
('https://www.sainsburys.co.uk/shop/gb/groceries/product/details/all-price-lock/tommtctn-fun-soother-18-36-months-x-2', 'Tommee Tippee Closer to Nature Fun Style x2 Orthodontic Soothers 18-36m', '£4.00', '£2.00 / ea')
('https://www.sainsburys.co.uk/shop/gb/groceries/product/details/all-price-lock/drynites-pants-ep-boy-4-7-16', 'DryNites Boys Pyjama Pants Age 4-7 Years 16 Pants', '£6.50', '41p / ea')
('https://www.sainsburys.co.uk/shop/gb/groceries/product/details/all-price-lock/air-wick-pure-aerosol-soft-cotton-250ml', 'Air Wick Pure Soft Cotton Air Freshener 250ml', '£2.00', '£8.00 / ltr')
('https://www.sainsburys.co.uk/shop/gb/groceries/product/details/all-price-lock/sainsburys-broccoli-rice-300g', "Sainsbury's Broccoli Rice 300g", '£1.25', '£4.17 / kg')
('https://www.sainsburys.co.uk/shop/gb/groceries/product/details/all-price-lock/sainsburys-little-ones-dry-fit-size-4-jumbo-84-nappies', "Sainsbury's Little Ones Dry Fit Size 4 Jumbo 84 Nappies", '£4.75', '6p / ea')
('https://www.sainsburys.co.uk/shop/gb/groceries/product/details/all-price-lock/always-ultra-secure-night-sanitary-towels-wings-x9', 'Always Ultra Secure Night (Size 4) Sanitary Towels Wings x9', '£1.50', '17p / ea')
('https://www.sainsburys.co.uk/shop/gb/groceries/product/details/all-price-lock/felix-as-good-as-it-looks-kitten-cat-food-fish-in-selection-12x100g-7383901-p', 'Felix As Good As It Looks Kitten Cat Food Fish In Selection 12X100g', '£3.50', '£2.92 / kg')
('https://www.sainsburys.co.uk/shop/gb/groceries/product/details/all-price-lock/sainsburys-infusions-lemon---ginger-tea-bags-x20', "Sainsbury's Infusions Lemon & Ginger Tea Bags x20", '75p', '£1.88 / 100g')
('https://www.sainsburys.co.uk/shop/gb/groceries/product/details/all-price-lock/blossom-hill-rose-75cl', 'Blossom Hill Rose 75cl', '£5.00', '£5.00 / 75cl')
('https://www.sainsburys.co.uk/shop/gb/groceries/product/details/all-price-lock/sainsburys-low-calorie-instant-fairtrade-hot-chocolate-250g', "Sainsbury's Low Calorie Instant Fairtrade Hot Chocolate 250g", '£1.60', '64p / 100g')
('https://www.sainsburys.co.uk/shop/gb/groceries/product/details/all-price-lock/sainsburys-olive-oil--extra-virgin-250ml', "Sainsbury's Olive Oil, Extra Virgin 250ml", '£1.35', '54p / 100ml')
('https://www.sainsburys.co.uk/shop/gb/groceries/product/details/all-price-lock/pedigree-original-loaf-can-400g', 'Pedigree Dog Tin Original in Loaf 400g', '65p', '£1.63 / kg')
('https://www.sainsburys.co.uk/shop/gb/groceries/product/details/all-price-lock/sainsburys-mellow-roast-instant-coffee-200g', "Sainsbury's Mellow Roast Instant Coffee 200g", '£2.50', '£1.25 / 100g')
('https://www.sainsburys.co.uk/shop/gb/groceries/product/details/all-price-lock/sainsburys-gold-roast-instant-coffee-500g', "Sainsbury's Gold Roast Instant Coffee 500g", '£6.75', '£1.35 / 100g')
('https://www.sainsburys.co.uk/shop/gb/groceries/product/details/all-price-lock/sainsburys-gold-roast-decaffeinated-instant-coffee-granules-100g', "Sainsbury's Gold Roast Decaffeinated Instant Coffee Granules 100g", '£2.00', '£2.00 / 100g')
('https://www.sainsburys.co.uk/shop/gb/groceries/product/details/all-price-lock/sainsburys-complete-dog-food--chicken---vegetable-3kg', "Sainsbury's Complete Nutrition Adult Dog Food with Chicken & Vegetables 2.5kg", '£2.50', '£1.00 / kg')
('https://www.sainsburys.co.uk/shop/gb/groceries/product/details/all-price-lock/phantom-river-sauvignon-blanc-75cl', 'Phantom River Sauvignon Blanc 75cl', '£5.00', '£5.00 / 75cl')
('https://www.sainsburys.co.uk/shop/gb/groceries/product/details/all-price-lock/ellas-red-peppers--swt-pot-appl-s1-120g', "Ella's Kitchen Organic Apples, Sweet Potatoes and Peppers Baby Pouch 4+ Months 120g", '£1.00', '83p / 100g')
('https://www.sainsburys.co.uk/shop/gb/groceries/product/details/all-price-lock/ellas-mangoes--pears---papaya-stage-1-120g', "Ella's Kitchen Organic Mangoes Pears + Papayas from 4 Months 120g", '£1.00', '83p / 100g')
('https://www.sainsburys.co.uk/shop/gb/groceries/product/details/all-price-lock/ellas-kitchen-peaches--pears---baby-rice--stage-1-120g', "Ella's Kitchen Organic Pear & Peach Baby Rice Baby Pouch 4+ Months 120g", '£1.00', '83p / 100g')
('https://www.sainsburys.co.uk/shop/gb/groceries/product/details/all-price-lock/shield-soap-aqua-4x115g', 'Shield Soap Aqua 4x115g', '£1.50', '33p / 100g')
('https://www.sainsburys.co.uk/shop/gb/groceries/product/details/all-price-lock/ellas-chick-chick-chicken-casserole-with-rice-stage-2-from-7-months-130g', "Ella's Kitchen Organic Chicken and Rice Casserole Baby Pouch 7+ Months 130g", '£1.30', '£1.00 / 100g')
('https://www.sainsburys.co.uk/shop/gb/groceries/product/details/all-price-lock/sainsburys-beef-bolognese-400g', "Sainsbury's Beef Bolognese 400g", '£1.50', '£3.75 / kg')
('https://www.sainsburys.co.uk/shop/gb/groceries/product/details/all-price-lock/dove-beauty-cream-bar-soap-6x100g', 'Dove Original Beauty Cream Bar 6x100g', '£2.50', '42p / 100g')
('https://www.sainsburys.co.uk/shop/gb/groceries/product/details/all-price-lock/sainsburys-extra-fine-sponge-flour--taste-the-difference-1kg', "Sainsbury's Extra Fine Sponge Flour, Taste the Difference 1kg", '£1.10', '£1.10 / kg')
('https://www.sainsburys.co.uk/shop/gb/groceries/product/details/all-price-lock/hipp-organic-wholesome-vegetable---chicken-risotto-260g', 'HiPP Organic Wholesome Vegetable & Chicken Risotto Tray Meal 230g 12 Month+', '£1.75', '76p / 100g')
('https://www.sainsburys.co.uk/shop/gb/groceries/product/details/all-price-lock/carex-aloe-hand-gel--instant-drying-50ml', 'Carex Aloe Hand Gel, Instant Drying 50ml', '£1.00', '£2.00 / 100ml')
('https://www.sainsburys.co.uk/shop/gb/groceries/product/details/all-price-lock/sainsburys-vodka-70cl', 'Triple Distilled Vodka 70cl', '£11.50', '£16.43 / ltr')
('https://www.sainsburys.co.uk/shop/gb/groceries/product/details/all-price-lock/verival-organic-crunchy-chocolate-granola-cereal-375g', 'Verival Organic Crunchy Chocolate Granola Cereal 375g', '£3.00', '80p / 100g')
('https://www.sainsburys.co.uk/shop/gb/groceries/product/details/all-price-lock/always-sensitive-size-3-night-sanitary-towels-x10', 'Always Sensitive Night Ultra (Size 3) Sanitary Towels Wings x10', '95p', '10p / ea')
('https://www.sainsburys.co.uk/shop/gb/groceries/product/details/all-price-lock/oracare-kids-soft-toothbrush-6-years', 'OraCare+ Kids Soft Toothbrush 6+ Years', '£1.00', '£1.00 / ea')
('https://www.sainsburys.co.uk/shop/gb/groceries/product/details/all-price-lock/oracare-dental-floss-waxed-coating-mint-flavour-50m', 'OraCare Dental Floss Waxed Coating Mint Flavour 50m', '£1.00', '2p / mtr')
('https://www.sainsburys.co.uk/shop/gb/groceries/product/details/all-price-lock/good-boy-pawsley---co-succulent-pigs-in-blankets-80g', 'Good Boy Pawsley & Co Succulent Pigs in Blankets Dog Treats 80g', '£2.00', '£25.00 / kg')
('https://www.sainsburys.co.uk/shop/gb/groceries/product/details/all-price-lock/sainsburys-fruit-slurps-summer-fruit-no-added-sugar-4x250ml', "Sainsbury's Fruit Slurps Summer Fruit, No Added Sugar 4x250ml", '£1.00', '10p / 100ml')
('https://www.sainsburys.co.uk/shop/gb/groceries/product/details/all-price-lock/good-boy-pawsley---co-chewy-chicken-variety-pack-320g', 'Good Boy Pawsley & Co Chewy Chicken Variety Pack Dog Treats 320g', '£7.50', '£23.44 / kg')
('https://www.sainsburys.co.uk/shop/gb/groceries/product/details/all-price-lock/good-boy-pawsley---co-chewy-lamb-strips-80g', 'Good Boy Pawsley & Co Chewy Lamb Strips Dog Treats 80g', '£2.00', '£25.00 / kg')
('https://www.sainsburys.co.uk/shop/gb/groceries/product/details/indulgent-yogurts-desserts/sainsburys-mango---yuzu-yogurt--taste-the-difference-150g', "Sainsbury's West Country Mango & Yuzu Yogurt, Taste the Difference 150g", '70p', '47p / 100g')
('https://www.sainsburys.co.uk/shop/gb/groceries/product/details/indulgent-yogurts-desserts/muller-corner-chocolate-digestive-and-strawberry-shortcake-yogurts-6x130g-7553579-p', 'Muller Corner Chocolate Digestive and Strawberry Shortcake Yogurts 6x130g', '£3.00', '38p / 100g')
('https://www.sainsburys.co.uk/shop/gb/groceries/product/details/indulgent-yogurts-desserts/muller-corner-vanilla-yogurt-with-chocolate-digestive-biscuits-130g-7553428-p', 'Muller Corner Vanilla Yogurt with Chocolate Digestive Biscuits 130g', '35p', '27p / 100g')
('https://www.sainsburys.co.uk/shop/gb/groceries/product/details/indulgent-yogurts-desserts/cadbury-twin-pot-limited-edition-90g', 'Cadbury Limited Edition Chocolate Dessert 85g', '47p', '55p / 100g')
('https://www.sainsburys.co.uk/shop/gb/groceries/product/details/indulgent-yogurts-desserts/longley-farm-hazlenut-yogurt-150g', 'Longley Farm Hazlenut Yogurt 150g', '50p', '33p / 100g')
('https://www.sainsburys.co.uk/shop/gb/groceries/product/details/indulgent-yogurts-desserts/longley-farm-vanilla-yogurt-150g', 'Longley Farm Vanilla Yogurt 150g', '50p', '33p / 100g')
('https://www.sainsburys.co.uk/shop/gb/groceries/product/details/indulgent-yogurts-desserts/rachels-organic-traditional-divine-rice-puddings-2x150g', "Rachel's Organic Divine Rice Puddings 2x150g", '£1.60', '53p / 100g')
('https://www.sainsburys.co.uk/shop/gb/groceries/product/details/muller-yogurt/muller-corner-strawberry-and-peach-apricot-yogurts-6-x-143g-7553561-p', 'Muller Corner Strawberry and Peach Apricot Yogurts 6 x 143g', '£3.00', '35p / 100g')
('https://www.sainsburys.co.uk/shop/gb/groceries/product/details/muller-yogurt/muller-corner-peach-and-apricot-yogurt-143g-7553557-p', 'Muller Corner Peach and Apricot Yogurt 143g', '35p', '25p / 100g')
('https://www.sainsburys.co.uk/shop/gb/groceries/product/details/muller-yogurt/muller-corner-red-cherry-yogurt-143g-7553444-p', 'Muller Corner Red Cherry Yogurt 143g', '35p', '23p / 100g')
('https://www.sainsburys.co.uk/shop/gb/groceries/product/details/muller-yogurt/muller-rice-original-190g', 'Müller Rice Original Low Fat Pudding Dessert 180g', '50p', '28p / 100g')
('https://www.sainsburys.co.uk/shop/gb/groceries/product/details/muller-yogurt/muller-rice-apple-190g', 'Müller Rice Apple Low Fat Pudding Dessert 180g', '50p', '28p / 100g')
('https://www.sainsburys.co.uk/shop/gb/groceries/product/details/muller-yogurt/muller-corner-skyr-choc-balls-180g', 'Muller Skyr Corner Icelandic Style Nuts & Chocolate Coated Balls Granola Yogurt 180g', '£1.40', '78p / 100g')
('https://www.sainsburys.co.uk/shop/gb/groceries/product/details/muller-yogurt/muller-corner-vanilla---banana-yogurts-with-chocolate-balls-6-x-130g-7553576-p', 'Muller Corner Vanilla & Banana Yogurts with Chocolate Balls 6 x 130g', '£3.00', '38p / 100g')
('https://www.sainsburys.co.uk/shop/gb/groceries/product/details/muller-yogurt/muller-corner-blackberry-raspberry-143g-7553547-p', 'Muller Corner Blackberry Raspberry 143g', '35p', '25p / 100g')
('https://www.sainsburys.co.uk/shop/gb/groceries/product/details/muller-yogurt/mullerlight-vanilla-175g', 'Müller Light Fat Free Smooth Vanilla Yogurt 160g', '50p', '31p / 100g')
('https://www.sainsburys.co.uk/shop/gb/groceries/product/details/muller-yogurt/mullerlight-toffee---vanilla-6x175g', 'Müller Light Fat Free Toffee & Vanilla Yogurt Variety Pack 6x160g', '£2.00', '21p / 100g')
('https://www.sainsburys.co.uk/shop/gb/groceries/product/details/yogurts-special-offers-/danone-raspberry-no-added-sugar-yogurt-4x110g', 'Danone Raspberry No Added Sugar Yogurt 4x110g', '£1.25', '29p / 100g')
('https://www.sainsburys.co.uk/shop/gb/groceries/product/details/yogurts-special-offers-/glenisk-go20-fruit-seed-nat-yogurt-170g', 'Glenisk Go20 Fruit & Seed Natural Yogurt 170g', '£1.20', '71p / 100g')
('https://www.sainsburys.co.uk/shop/gb/groceries/product/details/yogurts-special-offers-/glenisk-go20-mixed-seed-nat-yogurt-170g', 'Glenisk Go20 Mixed Seed Natural Yogurt 170g', '£1.20', '71p / 100g')
('https://www.sainsburys.co.uk/shop/gb/groceries/product/details/yogurts-special-offers-/yåar-nordic-quark-bar-vanilla-40g', 'Yaar Nordic Yogurt Vanilla Quark Bar 40g', '75p', '£1.88 / 100g')
('https://www.sainsburys.co.uk/shop/gb/groceries/product/details/yogurts-special-offers-/liberte-greek-style-blueberry-yog-4x100g', 'Liberte Fat Free Blueberry Yogurt 4x100g', '£1.00', '25p / 100g')
('https://www.sainsburys.co.uk/shop/gb/groceries/product/details/yogurts-special-offers-/muller-corner-toffee-yogurt-with-chocolate-hoops-130g-7553406-p', 'Muller Corner Toffee Yogurt with Chocolate Hoops 130g', '35p', '27p / 100g')
('https://www.sainsburys.co.uk/shop/gb/groceries/product/details/yogurts-special-offers-/fage-total-0-fat-greek-yogurt-split-pot-with-honey-170g', 'FAGE Total 0% Fat Greek Yogurt Split Pot With Honey 170g', '55p', '33p / 100g')
('https://www.sainsburys.co.uk/shop/gb/groceries/product/details/yogurts-special-offers-/yoplait-perle-de-lait-lemon-4x125g', 'Perle de Lait Lemon Yogurt 4x125g', '£1.00', '20p / 100g')
('https://www.sainsburys.co.uk/shop/gb/groceries/product/details/yogurts-special-offers-/cadbury-twin-pot-buttons-90g', 'Cadbury Dairy Milk Buttons Chocolate Dessert 85g', '47p', '52p / 100g')
('https://www.sainsburys.co.uk/shop/gb/groceries/product/details/yogurts-special-offers-/munch-bunch-seasonal-squashums-6x60g', 'Munch Bunch Seasonal Squashums Yogurt 6x60g', '£1.50', '42p / 100g')
('https://www.sainsburys.co.uk/shop/gb/groceries/product/details/yogurts-special-offers-/spelga-yogurt-toffee-4x125g', 'Spelga Low Fat Toffee Yogurt 4x125g', '£1.00', '20p / 100g')
('https://www.sainsburys.co.uk/shop/gb/groceries/product/details/all-butter-spreads/anchor-spreadable-1kg', 'Anchor Spreadable 1kg', '£6.75', '£6.75 / kg')
('https://www.sainsburys.co.uk/shop/gb/groceries/product/details/all-butter-spreads/sainsburys-freefrom-spread-500g', "Sainsbury's Deliciously Free From Spread 500g", '£1.20', '24p / 100g')
('https://www.sainsburys.co.uk/shop/gb/groceries/product/details/all-butter-spreads/grahams-spreadable-butter--organic-500g', "Graham's Spreadable Butter, Organic 500g", '£3.50', '£7.00 / kg')
('https://www.sainsburys.co.uk/shop/gb/groceries/product/details/all-butter-spreads/president-slightly-salted-spreadable-butter-250g', 'President Spreadable Slightly Salted Butter 250g', '£2.00', '£8.00 / kg')
('https://www.sainsburys.co.uk/shop/gb/groceries/product/details/all-butter-spreads/dromona-churn-450g', 'Dromona Country Churn 450g', '£1.00', '£2.22 / kg')
('https://www.sainsburys.co.uk/shop/gb/groceries/product/details/all-butter-spreads/lurpak-lightest-spreadable-500g', 'Lurpak Lightest Spreadable 500g', '£2.75', '£5.50 / kg')
('https://www.sainsburys.co.uk/shop/gb/groceries/product/details/all-butter-spreads/flora-cuisine-500ml', 'Flora Cuisine Cooking Liquid 500ml', '£2.00', '£4.00 / ltr')
('https://www.sainsburys.co.uk/shop/gb/groceries/product/details/all-butter-spreads/lurpak-unsalted-spreadable-500g', 'Lurpak Unsalted Spreadable 500g', '£2.75', '£5.50 / kg')
('https://www.sainsburys.co.uk/shop/gb/groceries/product/details/all-butter-spreads/sainsburys-butterlicious-light-500g', "Sainsbury's Butterlicious Light Spread 500g", '£1.00', '£2.00 / kg')
('https://www.sainsburys.co.uk/shop/gb/groceries/product/details/all-butter-spreads/sainsburys-olive-spread-1kg', "Sainsbury's Olive Spread 1kg", '£2.00', '£2.00 / kg')
('https://www.sainsburys.co.uk/shop/gb/groceries/product/details/all-butter-spreads/sainsburys-olive-spread-500g', "Sainsbury's Olive Spread 500g", '£1.10', '£2.20 / kg')
('https://www.sainsburys.co.uk/shop/gb/groceries/product/details/all-butter-spreads/benecol-spread--light-500g', 'Benecol Light Spread 500g', '£3.00', '£6.00 / kg')
('https://www.sainsburys.co.uk/shop/gb/groceries/product/details/all-butter-spreads/dromona-spreadeasy-pure-butter-250g', 'Dromona Pure Butter 250g', '£2.30', '£9.20 / kg')
('https://www.sainsburys.co.uk/shop/gb/groceries/product/details/natural-beauty-products/yes-to-tomatoes-clear-skin-detoxifying-charcoal-2-in-1-scrub-cleanser-stick-70g', 'Yes To Tomatoes Clear Skin Detoxifying Charcoal 2-in-1 Scrub & Cleanser Stick 70g', '£10.00', '£13.70 / 100g')
('https://www.sainsburys.co.uk/shop/gb/groceries/product/details/natural-beauty-products/loreal-botanicals-argan-safflower-dry-hair-vegan-conditioner-200ml', "L'Oreal Botanicals Argan & Safflower Dry Hair Vegan Conditioner 200ml", '£8.00', '£4.00 / 100ml')
('https://www.sainsburys.co.uk/shop/gb/groceries/product/details/natural-beauty-products/korres-natural-3d-black-pine-sculpting-lifting-eye-cream-vegan-15ml', 'Korres Natural 3D Black Pine Sculpting & Lifting Eye Cream, Vegan 15ml', '£5.00', '£33.33 / 100ml')
('https://www.sainsburys.co.uk/shop/gb/groceries/product/details/natural-beauty-products/korres-pomegranate-toner-vegan-200ml', 'Korres Pomegranate Toner, Vegan 200ml', '£2.50', '£1.25 / 100ml')
('https://www.sainsburys.co.uk/shop/gb/groceries/product/details/natural-beauty-products/korres-natural-white-tea-fluid-gel-cleanser-vegan-200ml', 'Korres Natural White Tea Fluid Gel Cleanser, Vegan 200ml', '£2.50', '63p / 100ml')
('https://www.sainsburys.co.uk/shop/gb/groceries/product/details/natural-beauty-products/lb-p-luscious-hydration-gel-250ml', 'Love Beauty & Planet Coconut Water & Mimosa Flower Hydro Gel 250 ml', '£9.50', '£3.80 / 100ml')
('https://www.sainsburys.co.uk/shop/gb/groceries/product/details/natural-beauty-products/herbal-essences-bio:renew-flower-rice-milk-nourish-conditioner-400ml', 'Herbal Essences Bio:Renew Flower & Rice Milk Nourish Conditioner 400ml', '£3.00', '75p / 100ml')
('https://www.sainsburys.co.uk/shop/gb/groceries/product/details/natural-beauty-products/hawkins---brimble-nat-bodywash-250ml', 'Hawkins & Brimble Elemi & Ginseng Body Wash 250ml', '£7.00', '£2.80 / 100ml')
('https://www.sainsburys.co.uk/shop/gb/groceries/product/details/natural-beauty-products/balance-me-congested-skin-serum-15ml', 'Balance Me Congested Skin Serum 15ml', '£10.50', '£70.00 / 100ml')
('https://www.sainsburys.co.uk/shop/gb/groceries/product/details/natural-beauty-products/origin-of-nature-facial-wash-150ml', 'Source of Nature Facial Wash 150ml', '£2.00', '£1.33 / 100ml')
('https://www.sainsburys.co.uk/shop/gb/groceries/product/details/natural-beauty-products/origin-of-nature-eye-mup-125ml', 'Source of Nature Eye Make-Up Remover White Tea & Buriti Oil 125ml', '£2.00', '£1.60 / 100ml')
('https://www.sainsburys.co.uk/shop/gb/groceries/product/details/natural-beauty-products/origin-of-nature-hand-cream-75ml', 'Source of Nature Hand Cream 75ml', '£2.00', '£2.67 / 100ml')
('https://www.sainsburys.co.uk/shop/gb/groceries/product/details/vitamins-and-supplements-/sambucol-black-elderberry-immuno-forte-liquid-120ml', 'Sambucol Black Elderberry Immuno Forte Liquid 120ml', '£10.00', '£8.33 / 100ml')
('https://www.sainsburys.co.uk/shop/gb/groceries/product/details/vitamins-and-supplements-/vitabiotics-visionace-plus-tablets-capsules-x56', 'Vitabiotics Visionace Plus Tablets/Capsules x56', '£7.00', '13p / tblt')
('https://www.sainsburys.co.uk/shop/gb/groceries/product/details/vitamins-and-supplements-/vitabiotics-neurozan-original-tablets-x30', 'Vitabiotics Neurozan Original Tablets x30', '£9.50', '32p / tblt')
('https://www.sainsburys.co.uk/shop/gb/groceries/product/details/vitamins-and-supplements-/vitabiotics-immunace-original-tablets-x30', 'Vitabiotics Immunace Original Tablets x30', '£6.50', '22p / tblt')
('https://www.sainsburys.co.uk/shop/gb/groceries/product/details/vitamins-and-supplements-/vitabiotics-feroglobin-liquid-original-200ml', 'Vitabiotics Feroglobin Liquid Original 200ml', '£4.50', '£2.25 / 100ml')
('https://www.sainsburys.co.uk/shop/gb/groceries/product/details/vitamins-and-supplements-/avogel-echin-echinacea-drops-50ml', 'A.vogel Echin Echinacea Drops 50ml', '£11.90', '£23.80 / 100ml')
('https://www.sainsburys.co.uk/shop/gb/groceries/product/details/vitamins-and-supplements-/avogel-echinaforce-drops-100ml', 'A.vogel Echinaforce Drops 100ml', '£15.00', '£15.00 / 100ml')
('https://www.sainsburys.co.uk/shop/gb/groceries/product/details/vitamins-and-supplements-/centrum-multigummies-for-adults-orange-30-gummies', 'Centrum MultiGummies for Adults Orange 30 Gummies', '£6.50', '22p / ea')
('https://www.sainsburys.co.uk/shop/gb/groceries/product/details/vitamins-and-supplements-/sainsburys-a-z-multivitamins---minerals-x-60', "Sainsbury's A-Z Multivitamins & Minerals Tablets 1 a Day x60", '£3.00', '5p / ea')
('https://www.sainsburys.co.uk/shop/gb/groceries/product/details/vitamins-and-supplements-/sainsburys-vitamin-d-25ug-x-180', "Sainsbury's Bones Vitamin D 25µg One A Day x180 Tablets", '£6.00', '3p / ea')
('https://www.sainsburys.co.uk/shop/gb/groceries/product/details/vitamins-and-supplements-/sainsburys-chewable-vitamin-c-500mg-x-180', "Sainsbury's Immune Chewable Vitamin C 500mg One-Two A Day x180 Tablets", '£6.00', '3p / ea')
('https://www.sainsburys.co.uk/shop/gb/groceries/product/details/vitamins-and-supplements-/nytol-one-a-night-tabletsx20', 'Nytol One A Night Tablets x20', '£4.50', '23p / ea')
('https://www.sainsburys.co.uk/shop/gb/groceries/product/details/vitamins-and-supplements-/berocca--mixed-berries-x45', 'Berocca Mixed Berries Energy Vitamin Tablets x45', '£9.50', '21p / ea')
('https://www.sainsburys.co.uk/shop/gb/groceries/product/details/vitamins-and-supplements-/vitabiotics-perfectil-plus-hair-extra-support-tablets-x60', 'Vitabiotics Perfectil Plus Hair Extra Support Tablets x60', '£15.00', '25p / ea')
('https://www.sainsburys.co.uk/shop/gb/groceries/product/details/vitamins-and-supplements-/seven-seas-jointcare-active-glucosamine-plus-omega-3---chondroitin-x60', 'Seven Seas Jointcare Active with Glucosamine & Chondroitin Capsules x60', '£12.50', '21p / tblt')
('https://www.sainsburys.co.uk/shop/gb/groceries/product/details/vitamins-and-supplements-/bassetts-multvitamin--strawberry-3-6-years-30', 'Bassetts Vitamins Multivitamins Strawberry Flavour One A Day 3-6 Years Soft & Chewies x30', '£3.50', '12p / ea')
('https://www.sainsburys.co.uk/shop/gb/groceries/product/details/vitamins-and-supplements-/wellwomen-tablets-70-years-x30', 'Vitabiotics Wellwomen Tablets 70+ Years x30', '£7.50', '25p / ea')
('https://www.sainsburys.co.uk/shop/gb/groceries/product/details/vitamins-and-supplements-/vitabiotics-wellman-plus-x56', 'Vitabiotics Wellman Plus x56', '£12.00', '21p / ea')
('https://www.sainsburys.co.uk/shop/gb/groceries/product/details/vitamins-and-supplements-/vitabiotics-wellkid-calcium-liquid-150ml', 'Vitabiotics Wellkid Calcium Liquid 150ml', '£1.75', '1p / ea')
('https://www.sainsburys.co.uk/shop/gb/groceries/product/details/vitamins-and-supplements-/ultra-vitamin-d-tablets-x96', 'Ultra Vitamin D Tablets x96', '£4.50', '5p / ea')
('https://www.sainsburys.co.uk/shop/gb/groceries/product/details/vitamins-and-supplements-/pregnacare-max-x84', 'Vitabiotics Pregnacare Max x84', '£15.00', '18p / ea')
('https://www.sainsburys.co.uk/shop/gb/groceries/product/details/vitamins-and-supplements-/sainsburys-ginkgo-biloba-extract-40mg-x60', "Sainsbury's Ginkgo Biloba Extract 40mg x60", '£2.50', '4p / ea')
('https://www.sainsburys.co.uk/shop/gb/groceries/product/details/vitamins-and-supplements-/wellman-sport-tablets-x30', 'Vitabiotics Wellman Sport Tablets x30', '£8.50', '28p / ea')
('https://www.sainsburys.co.uk/shop/gb/groceries/product/details/vitamins-and-supplements-/multibionta-x90', 'Multibionta Vitality Multivitamin with Biotic Cultures Tablets x28', '£12.00', '13p / tblt')
('https://www.sainsburys.co.uk/shop/gb/groceries/product/details/vitamins-and-supplements-/sanatogen-mother-to-be-x30', 'Sanatogen Mother To Be Multivitamin Tablets x30', '£5.00', '17p / tblt')
('https://www.sainsburys.co.uk/shop/gb/groceries/product/details/vitamins-and-supplements-/wellman-x30', 'Vitabiotics Wellman x30', '£5.50', '18p / tblt')
('https://www.sainsburys.co.uk/shop/gb/groceries/product/details/vitamins-and-supplements-/seven-seas-extra-high-cod-liver-oil-300ml', 'Seven Seas Cod Liver Oil Max Strength Liquid 300ml', '£7.50', '£2.50 / 100ml')
('https://www.sainsburys.co.uk/shop/gb/groceries/product/details/all-fish-seafood/sainsburys-oak-smoked-salmon-taste-the-difference-200g', "Sainsbury's Oak Smoked Salmon, Taste the Difference 200g", '£7.50', '£3.75 / 100g')
('https://www.sainsburys.co.uk/shop/gb/groceries/product/details/all-fish-seafood/sainsburys-british-hot-smoked-mackerel-fillets-140g', "Sainsbury's British Hot Smoked Mackerel Fillets 140g", '£1.50', '£1.07 / 100g')
('https://www.sainsburys.co.uk/shop/gb/groceries/product/details/all-fish-seafood/sainsburys-salmon-joint-600g', "Sainsbury's Boneless Scottish Salmon Fillet 600g", '£8.00', '£13.33 / kg')
('https://www.sainsburys.co.uk/shop/gb/groceries/product/details/all-fish-seafood/sainsburys-prawn-cocktail-taste-the-difference-170g', "Sainsbury's Prawn Cocktail, Taste the Difference 170g", '£2.80', '£1.65 / 100g')
('https://www.sainsburys.co.uk/shop/gb/groceries/product/details/all-fish-seafood/sainsburys-prawn-cocktail-be-good-to-yourself-170g', "Sainsbury's Prawn Cocktail, Be Good To Yourself 170g", '£2.50', '£1.47 / 100g')
('https://www.sainsburys.co.uk/shop/gb/groceries/product/details/all-fish-seafood/sainsburys--taste-the-difference-12-king-prawn-selection-180g', "Sainsbury's King Prawn Selection, Taste the Difference x10 188g", '£4.00', '£21.28 / kg')
('https://www.sainsburys.co.uk/shop/gb/groceries/product/details/all-fish-seafood/sainsburys-beer-battered-haddock-goujons-200g', "Sainsbury's Beer Battered Haddock Goujons 200g", '£2.95', '£14.75 / kg')
('https://www.sainsburys.co.uk/shop/gb/groceries/product/details/all-fish-seafood/sainsburys-butterflied-seabass-255g', "Sainsbury's Butterflied Sea Bass 255g", '£4.75', '£18.63 / kg')
('https://www.sainsburys.co.uk/shop/gb/groceries/product/details/all-fish-seafood/formans-smoked-salmon-pellicle-100g', 'Formans Smoked Salmon Pellicle 100g', '£3.75', '£3.75 / 100g')
('https://www.sainsburys.co.uk/shop/gb/groceries/product/details/all-fish-seafood/sainsburys-lightly-smoked-mackerel-170g', "Sainsbury's Lightly Smoked Mackerel 170g", '£2.50', '£14.71 / kg')
('https://www.sainsburys.co.uk/shop/gb/groceries/product/details/all-fish-seafood/sainsburys-smoked-haddock-with-cheese---chive-400g', "Sainsbury's Smoked Haddock Fillets with Cheese & Breadcrumb Topping x2 400g", '£3.75', '£9.87 / kg')
('https://www.sainsburys.co.uk/shop/gb/groceries/product/details/all-fish-seafood/sainsburys-sweet-chilli-breaded-prawns-180g', "Sainsbury's Sweet Chilli Breaded Prawns 180g", '£2.75', '£1.53 / 100g')
('https://www.sainsburys.co.uk/shop/gb/groceries/product/details/all-fish-seafood/sainsburys-raw-prawns-with-garlic---parsley-butter-220g', "Sainsbury's King Prawns in Garlic & Parsley 200g", '£3.50', '£17.50 / kg')
('https://www.sainsburys.co.uk/shop/gb/groceries/product/details/all-fish-seafood/h-forman---son-smoked-salmon-pate-240g', 'H. Forman & Son Smoked Salmon Pate 225g', '£4.00', '£1.78 / 100g')
('https://www.sainsburys.co.uk/shop/gb/groceries/product/details/all-fish-seafood/sainsburys-cod-fillet-fish-fingers-x6-300g', "Sainsbury's Cod Fillet Fish Fingers x6 300g", '£2.60', '£8.67 / kg')
('https://www.sainsburys.co.uk/shop/gb/groceries/product/details/all-fish-seafood/sainsburys-hot-smoked-sweet-chilli-salmon-180g', "Sainsbury's Sweet Chilli Roast Salmon Fillets x2 180g (Ready to eat)", '£4.75', '£2.64 / 100g')
('https://www.sainsburys.co.uk/shop/gb/groceries/product/details/all-fish-seafood/sainsburys-scottish-salmon-fishcakes-x2-270g', "Sainsbury's Fishcakes Scottish Salmon x2 270g", '£1.45', '£5.37 / kg')
('https://www.sainsburys.co.uk/shop/gb/groceries/product/details/all-fish-seafood/sainsburys-sea-bass-fillets-with-ginger---lime-butter-230g', "Sainsbury's Sea Bass Fillets With Ginger & Lime Butter x2 210g", '£4.00', '£20.00 / kg')
('https://www.sainsburys.co.uk/shop/gb/groceries/product/details/all-fish-seafood/john-ross-scottish-smoked-salmon-pâté', 'John Ross Scottish Smoked Salmon Pâté', '£2.25', '£1.96 / 100g')
('https://www.sainsburys.co.uk/shop/gb/groceries/product/details/all-fish-seafood/john-ross-smoked-salmon-with-balvenie-whisky', 'John Ross Jr Smoked Salmon with Balvenie Whisky 100g', '£3.50', '£3.50 / 100g')
('https://www.sainsburys.co.uk/shop/gb/groceries/product/details/all-fish-seafood/john-ross-jr-scottish-smoked-salmon-100g', 'John Ross Jr Scottish Smoked Salmon 100g', '£3.50', '£3.50 / 100g')
('https://www.sainsburys.co.uk/shop/gb/groceries/product/details/all-fish-seafood/onuga-herring-roe-50g', 'Onuga Reformed Herring Product 50g', '£4.00', '£8.00 / 100g')
('https://www.sainsburys.co.uk/shop/gb/groceries/product/details/all-fish-seafood/sainsburys-kippers-boil-in-the-bag-with-butter-not-boneless-220g', "Sainsbury's Kippers Boil In The Bag With Butter (Not Boneless) 220g", '£1.40', '£6.36 / kg')
('https://www.sainsburys.co.uk/shop/gb/groceries/product/details/all-fish-seafood/mussel-shack-live-mussels-1kg', 'The Mussel Shack Fresh Live Scottish Mussels 1kg', '£3.50', '£3.50 / kg')
('https://www.sainsburys.co.uk/shop/gb/groceries/product/details/all-fish-seafood/sainsburys-king-prawn-cocktail-taste-the-difference-452g-7988668-p-44', "Sainsbury's King Prawn Cocktail, Taste the Difference 452g", '£10.00', '£2.21 / 100g')
('https://www.sainsburys.co.uk/shop/gb/groceries/product/details/prawns---seafood-44/bradleys-jellied-eel-pots-200g', "Bradley's Jellied Eel Pots 200g", '£2.75', '£1.38 / 100g')
('https://www.sainsburys.co.uk/shop/gb/groceries/product/details/cod---white-fish/keohanes-of-bantry-seabass-fillets-180g', "Keohane's of Bantry Seabass Fillets 180g", '£4.39', '£24.39 / kg')
('https://www.sainsburys.co.uk/shop/gb/groceries/product/details/cod---white-fish/sound-seafood-plaice-fillets-cw', 'Sound Seafood Plaice Fillets (approx. 225g)', '£12.00 / kg', '£1.20 / 100g')
('https://www.sainsburys.co.uk/shop/gb/groceries/product/details/cod---white-fish/sainsburys-beer-battered-cod-taste-the-difference-385g', "Sainsbury's Beer Battered Cod Fillets, Taste the Difference x2 385g", '£4.50', '£11.69 / kg')
('https://www.sainsburys.co.uk/shop/gb/groceries/product/details/cod---white-fish/cawoods-dry-salted-skinless-boneless-saltfish-200g', 'Cawoods Dry Salted Skinless & Boneless Saltfish 200g', '£2.00', '£1.00 / 100g')
('https://www.sainsburys.co.uk/shop/gb/groceries/product/details/cod---white-fish/sainsburys-cod-loins-taste-the-difference-approx-300g-', "Sainsbury's Cod Loins, Taste the Difference (approx. 300g)", '£7.60', '£1.90 / 100g')
('https://www.sainsburys.co.uk/shop/gb/groceries/product/details/cod---white-fish/sainsburys-cod---minted-pea-crush-370g', "Sainsbury's Cod & Minted Pea Crush x2 370g", '£3.75', '£10.14 / kg')
('https://www.sainsburys.co.uk/shop/gb/groceries/product/details/cod---white-fish/sainsburys-cajun-hake-fillets-230g', "Sainsbury's Cape Hake Fillets Cajun x2 230g", '£4.00', '£17.39 / kg')
('https://www.sainsburys.co.uk/shop/gb/groceries/product/details/cod---white-fish/sainsburys-smoked-river-cobbler-240g', "Sainsbury's Smoked Basa Fillets 240g", '£2.39', '£9.96 / kg')
('https://www.sainsburys.co.uk/shop/gb/groceries/product/details/cod---white-fish/sainsburys-sea-bass-fillets-180g', "Sainsbury's Sea Bass Fillets 180g", '£3.00', '£16.67 / kg')
('https://www.sainsburys.co.uk/shop/gb/groceries/product/details/cod---white-fish/keohanes-hake-fillets-285g', "Keohane's Hake Fillets 285g", '£4.39', '£15.40 / kg')
('https://www.sainsburys.co.uk/shop/gb/groceries/product/details/cod---white-fish/jjames-pollock-fishcakes-340g', 'J.James Pollock Fishcakes x4 340g', '£1.60', '£4.71 / kg')
('https://www.sainsburys.co.uk/shop/gb/groceries/product/details/cod---white-fish/cawoods-dry-salted-skinless-boneless-cod-fillets-200g', 'Cawoods Dry Salted Skinless & Boneless Cod Fillets 200g', '£3.75', '£1.88 / 100g')
('https://www.sainsburys.co.uk/shop/gb/groceries/product/details/cod---white-fish/sainsburys-breaded-plaice-fillets-x2-300g', "Sainsbury's Breaded Plaice Fillets x2 300g", '£3.00', '£10.00 / kg')
('https://www.sainsburys.co.uk/shop/gb/groceries/product/details/cod---white-fish/sainsburys-freefrom-breaded-cod-300g', "Sainsbury's Deliciously Free From Breaded Cod 300g", '£3.50', '£1.17 / 100g')
('https://www.sainsburys.co.uk/shop/gb/groceries/product/details/easter-special-offers/tanqueray-gin-1l', 'Tanqueray London Dry Gin 1L', '£20.00', '£20.00 / ltr')
('https://www.sainsburys.co.uk/shop/gb/groceries/product/details/easter-special-offers/sainsburys-plain-flour-15kg', "Sainsbury's Plain Flour 1.5kg", '45p', '30p / kg')
('https://www.sainsburys.co.uk/shop/gb/groceries/product/details/easter-special-offers/chivas-regal-12-year-old-scotch-whisky-70cl', 'Chivas Regal 12 Year Old Blended Scotch Whisky 70cl', '£20.00', '£28.57 / ltr')
('https://www.sainsburys.co.uk/shop/gb/groceries/product/details/easter-special-offers/the-famous-grouse-whisky-70cl', 'The Famous Grouse Whisky 70cl', '£14.00', '£20.00 / ltr')
('https://www.sainsburys.co.uk/shop/gb/groceries/product/details/easter-special-offers/jack-daniels-70cl', "Jack Daniel's Whiskey 70cl", '£18.00', '£25.71 / ltr')
('https://www.sainsburys.co.uk/shop/gb/groceries/product/details/easter-special-offers/sainsburys-scottish-porridge-oats-1kg', "Sainsbury's Scottish Porridge Oats 1kg", '£1.10', '11p / 100g')
('https://www.sainsburys.co.uk/shop/gb/groceries/product/details/easter-special-offers/sainsburys-mixed-dried-fruit-500g', "Sainsbury's Mixed Dried Fruit 500g", '£1.70', '£3.40 / kg')
('https://www.sainsburys.co.uk/shop/gb/groceries/product/details/easter-special-offers/marmite-250g', 'Marmite Yeast Extract Spread 250g', '£2.69', '£1.08 / 100g')
('https://www.sainsburys.co.uk/shop/gb/groceries/product/details/easter-special-offers/sainsburys-hot-cross-bun-flavour-infusion-40g', "Sainsbury's Hot Cross Bun Flavour Infusion 40g", '£1.00', '£2.50 / 100g')
('https://www.sainsburys.co.uk/shop/gb/groceries/product/details/easter-special-offers/by-sainsburys-easter-vegan-cupcakes-x2', "Sainsbury's Easter Cupcakes 118g x2", '£1.50', '£1.15 / 100g')
('https://www.sainsburys.co.uk/shop/gb/groceries/product/details/easter-special-offers/by-sainsburys-easter-cupcakes-x6-358g', "Sainsbury's Easter Cupcakes 320g x6", '£3.50', '98p / 100g')
('https://www.sainsburys.co.uk/shop/gb/groceries/product/details/easter-special-offers/cadbury-wispa-gold-large-easter-egg-248g', 'Cadbury Wispa Gold Large Easter Egg 248g', '£3.00', '£1.21 / 100g')
('https://www.sainsburys.co.uk/shop/gb/groceries/product/details/easter-special-offers/sainsburys-pesto-crusted-atlantic-cod-loins-taste-the-difference-x2-760g', "Sainsbury's Pesto Crusted Atlantic Cod Loins, Taste the Difference x2 760g", '£10.00', '£13.16 / kg')
('https://www.sainsburys.co.uk/shop/gb/groceries/product/details/easter-special-offers/sainsburys-salmon-hollandaise-mim-fishcake-taste-the-difference-290g', "Sainsbury's Salmon Hollandaise Melting Middle Fishcake, Taste the Difference 290g", '£2.50', '£8.62 / kg')
('https://www.sainsburys.co.uk/shop/gb/groceries/product/details/easter-special-offers/cocoa-co-belgian-milk-chocolate-egg-150g', 'Cocoa & Co. Belgian Milk Chocolate Egg 150g', '£5.00', '£3.33 / 100g')
('https://www.sainsburys.co.uk/shop/gb/groceries/product/details/easter-special-offers/raffaello-230g', 'Raffaello Coconut and Almond Pralines Gift Box 230g', '£4.00', '£1.74 / 100g')
('https://www.sainsburys.co.uk/shop/gb/groceries/product/details/easter-special-offers/sainsburys-luxury-sourdough-crumpets-taste-the-difference-x6', "Sainsbury's Luxury Sourdough Crumpets, Taste the Difference x6", '£1.00', '17p / ea')
('https://www.sainsburys.co.uk/shop/gb/groceries/product/details/easter-special-offers/new-england-sea-bream-x-2-570g', 'New England Sea Bream x2 520g', '£6.50', '£12.50 / kg')
('https://www.sainsburys.co.uk/shop/gb/groceries/product/details/easter-special-offers/sainsburys-apple---oat-crumble--taste-the-difference-600g', "Sainsbury's Apple & Oat Crumble Dessert, Taste the Difference 600g", '£4.00', '67p / 100g')
('https://www.sainsburys.co.uk/shop/gb/groceries/product/details/easter-special-offers/guylian-belgian-seahorses-46g', 'Guylian Belgian Seahorses 42g', '£1.00', '£2.38 / 100g')
('https://www.sainsburys.co.uk/shop/gb/groceries/product/details/easter-special-offers/wolf-blass-yellow-label-cabernet-75cl', 'Wolf Blass Yellow Label Cabernet 75cl', '£7.00', '£7.00 / 75cl')
('https://www.sainsburys.co.uk/shop/gb/groceries/product/details/easter-special-offers/sainsburys-sticky-toffee-pudding-400g', "Sainsbury's Sticky Toffee Pudding Dessert 400g", '£2.80', '70p / 100g')
('https://www.sainsburys.co.uk/shop/gb/groceries/product/details/easter-special-offers/sainsburys-bramley-apple-crumble-500g', "Sainsbury's Bramley Apple Crumble Dessert 500g", '£2.80', '56p / 100g')
('https://www.sainsburys.co.uk/shop/gb/groceries/product/details/easter-special-offers/tyrrells-cheddar-cheese---chive-crisps-150g', 'Tyrrells Cheddar Cheese & Chive Sharing Crisps 150g', '£2.30', '£1.53 / 100g')
('https://www.sainsburys.co.uk/shop/gb/groceries/product/details/easter-special-offers/lindt-lindor-white-200g', 'Lindt Lindor White Chocolate Truffles Box 200g', '£4.00', '£2.00 / 100g')
('https://www.sainsburys.co.uk/shop/gb/groceries/product/details/easter-special-offers/birds-eye-x4-original-beef-burgers-227g', 'Birds Eye Original Beef Burgers x4 227g', '£1.80', '£7.93 / kg')
('https://www.sainsburys.co.uk/shop/gb/groceries/product/details/easter-special-offers/cadbury-chocolate-milk-tray-360g', 'Cadbury Milk Tray Chocolate Box 360g', '£6.00', '£1.67 / 100g')
('https://www.sainsburys.co.uk/shop/gb/groceries/product/details/easter-special-offers/corona-extra-12x330ml', 'Corona Extra Premium Lager Beer Bottles 12x330ml', '£13.00', '£3.28 / ltr')
('https://www.sainsburys.co.uk/shop/gb/groceries/product/details/easter-special-offers/febreze-mist---refresh-spray--cotton-fresh-300ml', 'Febreze Cotton Fresh Air Freshener 300ml', '£2.00', '£6.67 / ltr')
('https://www.sainsburys.co.uk/shop/gb/groceries/product/details/easter-special-offers/sainsburys-madeira-cake', "Sainsbury's Madeira Cake 275g (Serves 8)", '£1.25', '45p / 100g')
('https://www.sainsburys.co.uk/shop/gb/groceries/product/details/easter-special-offers/lindt-lindor-milk-chocolate-50g', 'Lindt Lindor Milk Chocolate Truffles Box 37g', '£1.00', '£2.70 / 100g')
('https://www.sainsburys.co.uk/shop/gb/groceries/product/details/easter-special-offers/quality-street--matchmakers-zingy-orange-chocolate-box-130g-6000483-p', 'Quality Street Matchmakers Zingy Orange Chocolate Box 120g', '£1.75', '£1.46 / 100g')
('https://www.sainsburys.co.uk/shop/gb/groceries/product/details/easter-special-offers/sainsburys-beef-burgers-with-onion-x8-454g', "Sainsbury's Beef Burgers With Onion x8 454g", '£2.50', '£5.51 / kg')
('https://www.sainsburys.co.uk/shop/gb/groceries/product/details/easter-special-offers/sainsburys-quiche-lorraine-400g', "Sainsbury's Quiche Lorraine 400g", '£2.00', '50p / 100g')
('https://www.sainsburys.co.uk/shop/gb/groceries/product/details/easter-special-offers/warburtons-fruit-loaf-with-orange-400g', 'Warburtons Fruit Loaf With Orange 400g', '£1.50', '38p / 100g')
('https://www.sainsburys.co.uk/shop/gb/groceries/product/details/easter-special-offers/bottlegreen-elderflower-cordial-500ml', 'Bottlegreen Elderflower Cordial 500ml', '£2.50', '50p / 100ml')
('https://www.sainsburys.co.uk/shop/gb/groceries/product/details/easter-special-offers/sainsburys-bramley-apple-pies-x6-355g', "Sainsbury's Bramley Apple Pies x6 355g", '81p', '14p / ea')
('https://www.sainsburys.co.uk/shop/gb/groceries/product/details/easter-special-offers/mr-kipling-mini-battenburgs-x5', 'Mr Kipling Mini Battenberg Cakes x5', '£1.00', '20p / ea')
('https://www.sainsburys.co.uk/shop/gb/groceries/product/details/easter-special-offers/cadbury-caramel-cake-bars-x5', 'Cadbury Caramel Chocolate Cake Bars x5', '£1.60', '32p / ea')
('https://www.sainsburys.co.uk/shop/gb/groceries/product/details/easter-special-offers/robinsons-squash-orange--no-added-sugar-1l', 'Robinsons Orange Squash No Added Sugar 1L', '£1.65', '17p / 100ml')
('https://www.sainsburys.co.uk/shop/gb/groceries/product/details/easter-special-offers/mr-kipling-apple-pies-x6-432g', 'Mr Kipling Bramley Apple Pies x6', '£1.00', '17p / ea')
('https://www.sainsburys.co.uk/shop/gb/groceries/product/details/easter-special-offers/sainsburys-white-burger-buns-x6', "Sainsbury's White Burger Buns x6", '75p', '13p / ea')
('https://www.sainsburys.co.uk/shop/gb/groceries/product/details/fresh-pizza-and-pasta-and-garlic-bread/sainsburys-takeaway-stuffed-crust-four-cheese-pizza-445g', "Sainsbury's Takeaway Stuffed Crust Four Cheese Pizza 445g", '£2.25', '£5.06 / kg')
('https://www.sainsburys.co.uk/shop/gb/groceries/product/details/fresh-pizza-and-pasta-and-garlic-bread/sainsburys-tomato---mozzarella-arancini-bites-x12-240g', "Sainsbury's Tomato & Mozzarella Arancini Bites x12 240g", '£2.00', '83p / 100g')
('https://www.sainsburys.co.uk/shop/gb/groceries/product/details/fresh-pizza-and-pasta-and-garlic-bread/sainsburys-classic-crust-bbq-chicken-pizza-530g', "Sainsbury's Classic Crust BBQ Chicken Pizza 530g", '£3.50', '£6.60 / kg')
('https://www.sainsburys.co.uk/shop/gb/groceries/product/details/fresh-pizza-and-pasta-and-garlic-bread/dr-oetker-ristorante-pizza-pepperoni-salame-320g', 'Dr. Oetker Ristorante Pepperoni-Salame Pizza 320g', '£2.50', '£7.81 / kg')
('https://www.sainsburys.co.uk/shop/gb/groceries/product/details/fresh-pizza-and-pasta-and-garlic-bread/sainsburys-hot-spicy-chicken-bites-180g', "Sainsbury's Hot & Spicy Chicken Bites 180g", '£1.80', '£10.00 / kg')
('https://www.sainsburys.co.uk/shop/gb/groceries/product/details/fresh-pizza-and-pasta-and-garlic-bread/sainsburys-takeaway-fully-loaded-bbq-pulled-pork-pizza-547g', "Sainsbury's Takeaway Fully Loaded BBQ Pulled Pork Pizza 550g", '£2.00', '£3.64 / kg')
('https://www.sainsburys.co.uk/shop/gb/groceries/product/details/fresh-pizza-and-pasta-and-garlic-bread/sainsburys-bacon-macaroni---cheese-bites-x12-240g', "Sainsbury's Bacon Macaroni & Cheese Bites x12 240g", '£1.80', '75p / 100g')
('https://www.sainsburys.co.uk/shop/gb/groceries/product/details/fresh-pizza-and-pasta-and-garlic-bread/coke-zero-4x330ml', 'Coca-Cola Zero Sugar 4x330ml', '£2.70', '20p / 100ml')
('https://www.sainsburys.co.uk/shop/gb/groceries/product/details/fresh-pasta/sainsburys-fresh-tagliatelle-verdi-500g', "Sainsbury's Fresh Egg Tagliatelle Verdi 500g", '£1.65', '£3.30 / kg')
('https://www.sainsburys.co.uk/shop/gb/groceries/product/details/fresh-pasta/sainsburys-fresh-egg-fusilli-500g', "Sainsbury's Fresh Egg Fusilli 500g", '£1.75', '£3.50 / kg')
('https://www.sainsburys.co.uk/shop/gb/groceries/product/details/fresh-pasta/virtu-russian-pierogi-400g', 'Virtu Pierogi Dumplings with Cottage Cheese and Potatoes 400g', '£1.75', '44p / 100g')
('https://www.sainsburys.co.uk/shop/gb/groceries/product/details/fresh-pasta/sainsburys-spinach-ricotta-tortelloni-300g', "Sainsbury's Spinach & Ricotta Tortelloni 300g", '£1.50', '£5.00 / kg')
('https://www.sainsburys.co.uk/shop/gb/groceries/product/details/fresh-pasta/la-famiglia-rana-prosciutto-cotto-mozzarella-fresh-tortelloni-250g', 'La Famiglia Rana Prosciutto Cotto & Mozzarella Fresh Tortelloni 250g', '£2.00', '£8.00 / kg')
('https://www.sainsburys.co.uk/shop/gb/groceries/product/details/fresh-pasta/sainsburys-spicy-italian-sausage-ravioli-250g', 'Pastaio Spicy Italian Sausage & Sage Ravioli 250g', '£1.85', '£7.40 / kg')
('https://www.sainsburys.co.uk/shop/gb/groceries/product/details/fresh-pasta/sainsburys-fresh-penne-pasta-500g', "Sainsbury's Fresh Egg Penne 500g", '£1.75', '£3.50 / kg')
('https://www.sainsburys.co.uk/shop/gb/groceries/product/details/fresh-pasta/spar-tagliatelle-500g', 'Spar Tagliatelle 500g', '£2.09', '£4.18 / kg')
('https://www.sainsburys.co.uk/shop/gb/groceries/product/details/fresh-pasta/rana-tomato-mozzarella-gnocchi-280g', 'Rana Tomato & Mozzarella Gnocchi 280g', '£2.50', '£8.93 / kg')
('https://www.sainsburys.co.uk/shop/gb/groceries/product/details/fresh-pasta/rana-4-cheese-filled-gnocchi-280g', 'Rana 4 Cheese Filled Gnocchi 280g', '£2.50', '£8.93 / kg')
('https://www.sainsburys.co.uk/shop/gb/groceries/product/details/fresh-pasta/sainsburys-prosciutto-cappelletti-300g', "Sainsbury's Prosciutto Cappelletti 300g", '£1.50', '£5.00 / kg')
('https://www.sainsburys.co.uk/shop/gb/groceries/product/details/fresh-pasta/sainsburys-tomato---smoked-mozzarella-ravioli--taste-the-difference-250g', "Sainsbury's Tomato & Smoked Mozzarella Ravioli, Taste the Difference 250g", '£3.00', '£12.00 / kg')
('https://www.sainsburys.co.uk/shop/gb/groceries/product/details/fresh-pasta/sainsburys-basil---pinenuts-margherite--taste-the-difference-250g', "Sainsbury's Basil & Pine Nut Margherite, Taste the Difference 250g", '£3.00', '£12.00 / kg')
('https://www.sainsburys.co.uk/shop/gb/groceries/product/details/fresh-pasta/rana-org-spinach-ricotta-burrata-250g', 'La Famiglia Rana Organic Spinach, Ricotta & Burrata Whole Wheat Fresh Ravioli 250g', '£2.50', '£10.00 / kg')
('https://www.sainsburys.co.uk/shop/gb/groceries/product/details/fresh-pasta/scoiattolo-grilled-vegetables-organic-ravioli-250g', 'Scoiattolo Grilled Vegetables Organic Ravioli 250g', '£2.25', '£9.00 / kg')
('https://www.sainsburys.co.uk/shop/gb/groceries/product/details/fresh-pasta/la-famiglia-rana-spicy-nduja-sausage-ricotta-fresh-tortelloni-250g', "La Famiglia Rana Spicy 'Nduja, Sausage & Ricotta Fresh Tortelloni 250g", '£2.00', '80p / 100kg')
('https://www.sainsburys.co.uk/shop/gb/groceries/product/details/fresh-pasta/john-west-steam-pot-sweet-sour-noodles-with-soy-ginger-tuna-140g', 'John West Steam Pot Sweet & Sour Noodles with Soy & Ginger Tuna 140g', '£1.75', '£1.25 / 100g')
('https://www.sainsburys.co.uk/shop/gb/groceries/product/details/fresh-pasta/john-west-steam-pot-rich-tomato-pasta-with-sundried-tomato-tuna-140g', 'John West Steam Pot Rich Tomato Pasta with Sundried Tomato Tuna 140g', '£1.75', '£1.25 / 100g')
('https://www.sainsburys.co.uk/shop/gb/groceries/product/details/fresh-pasta/sainsburys-ham-cheese-tortelloni-300g', "Sainsbury's Ham & Cheese Tortelloni 300g", '£1.50', '£5.00 / kg')
('https://www.sainsburys.co.uk/shop/gb/groceries/product/details/fresh-pasta/sainsburys-spinach---ricotta-ravioli-250g', 'Pastaio Spinach & Ricotta Ravioli 250g', '£1.85', '£7.40 / kg')
('https://www.sainsburys.co.uk/shop/gb/groceries/product/details/fresh-pasta/sainsburys-chicken-mozzarella---pancetta-ravioli-250g', 'Pastaio Chicken Mozzarella & Pancetta Ravioli 250g', '£1.85', '£7.40 / kg')
('https://www.sainsburys.co.uk/shop/gb/groceries/product/details/fresh-pasta/sainsburys-multi-grain-tagliatelle--be-good-to-yourself-500g', "Sainsbury's Fresh Egg Multigrain Tagliatelle 500g", '£1.75', '£3.50 / kg')
('https://www.sainsburys.co.uk/shop/gb/groceries/product/details/fresh-pasta/spar-chicken-pancetta-tortelloni-250g', 'SPAR Chicken & Pancetta Tortelloni 250g', '£1.79', '£7.16 / kg')
('https://www.sainsburys.co.uk/shop/gb/groceries/product/details/fresh-pasta/spar-spin-ricotta-tortelloni-250g', 'Spar Spin & Ricotta Tortelloni 250g', '£1.79', '£7.16 / kg')
('https://www.sainsburys.co.uk/shop/gb/groceries/product/details/fresh-pasta/la-famiglia-rana-prosciutto-crudo-fresh-cappelletti-400g', 'La Famiglia Rana Prosciutto Crudo Fresh Cappelletti 400g', '£2.50', '£6.25 / kg')
('https://www.sainsburys.co.uk/shop/gb/groceries/product/details/fresh-pasta/napolina-egg-fettuccine-250g', 'Napolina Egg Fettuccine 250g', '£2.00', '£8.00 / kg')
('https://www.sainsburys.co.uk/shop/gb/groceries/product/details/fresh-pasta/sainsburys-deliciously-free-from-fresh-egg-tagliatelle-250g', "Sainsbury's Deliciously Free From Fresh Egg Tagliatelle 250g", '£2.20', '88p / 100g')
('https://www.sainsburys.co.uk/shop/gb/groceries/product/details/fresh-pasta/sainsburys-deliciously-free-from-fresh-prosciutto-cappelletti-250g', "Sainsbury's Deliciously Free From Fresh Prosciutto Cappelletti 250g", '£2.50', '£1.00 / 100g')
('https://www.sainsburys.co.uk/shop/gb/groceries/product/details/fresh-pasta/sainsburys-prosciutto---porcini-ravioli-250g', 'Pastaio Prosciutto & Porcini Ravioli 250g', '£1.85', '£7.40 / kg')
('https://www.sainsburys.co.uk/shop/gb/groceries/product/details/fresh-pasta/sainsburys-fresh-pappardelle-500g', "Sainsbury's Fresh Egg Pappardelle 500g", '£1.75', '£3.50 / kg')
('https://www.sainsburys.co.uk/shop/gb/groceries/product/details/fresh-pasta/sainsburys-fresh-tagliatelle-500g', "Sainsbury's Fresh Egg Tagliatelle 500g", '£1.75', '£3.50 / kg')
('https://www.sainsburys.co.uk/shop/gb/groceries/product/details/pizza-pasta-garlic-bread-special-offers/crosta-mollica-pizza-positano-418g', 'Crosta & Mollica Positano Sourdough Pizza King Prawn & Red Pepper 478g', '£4.50', '£9.41 / kg')
('https://www.sainsburys.co.uk/shop/gb/groceries/product/details/gluten-free-gravy-and-stuffing/knorr-rich-beef-concentrated-liquid-stock-150ml', 'Knorr Rich Beef Concentrated Liquid Stock 150ml', '£2.00', '£1.33 / 100ml')
('https://www.sainsburys.co.uk/shop/gb/groceries/product/details/gluten-free-gravy-and-stuffing/oxo-garden-vegetables-with-parsley---bay-stock-pots-x8-160g', 'Oxo Garden Vegetables with Parsley & Bay Stock Pots x8 160g', '£1.95', '£1.22 / 100g')
('https://www.sainsburys.co.uk/shop/gb/groceries/product/details/gluten-free-gravy-and-stuffing/oxo-stock-pots-chicken-x8', 'Oxo Chicken with Garlic & Thyme Stock Pots x8 160g', '£1.95', '£1.22 / 100g')
('https://www.sainsburys.co.uk/shop/gb/groceries/product/details/gluten-free-gravy-and-stuffing/knorr-stock-cubes--ham-x8-76g', 'Knorr Stock Cubes Ham 8x10g', '£1.25', '£1.56 / 100g')
('https://www.sainsburys.co.uk/shop/gb/groceries/product/details/gluten-free-gravy-and-stuffing/goodfellas-bisto-favourites-gravy-175g', 'Bisto Gluten Free Gravy Granules 175g', '£3.00', '£1.71 / 100g')
('https://www.sainsburys.co.uk/shop/gb/groceries/product/details/gluten-free-gravy-and-stuffing/kallo-yeast-free-vegetable-stock-cubes-66g', 'Kallo Yeast Free Vegetable Stock Cubes 6x11g', '£1.00', '£1.52 / 100g')
('https://www.sainsburys.co.uk/shop/gb/groceries/product/details/gluten-free-gravy-and-stuffing/knorr-stock-fish-cubes-80g', 'Knorr Stock Cubes Fish 8x10g', '£1.25', '£1.56 / 100g')
('https://www.sainsburys.co.uk/shop/gb/groceries/product/details/gluten-free-gravy-and-stuffing/kallo-very-low-salt-organic-vegetable-stock-cubes--gluten-free-x6-60g', 'Kallo Very Low Salt Vegetable Stock Cubes 6x10g', '£1.00', '£1.67 / 100g')
('https://www.sainsburys.co.uk/shop/gb/groceries/product/details/gluten-free-gravy-and-stuffing/oxo-stock-pots-garden-vegetables-with-parsley---bay-4x20g', 'Oxo Garden Vegetables with Parsley & Bay Stock Pots x4 80g', '£1.00', '£1.25 / 100g')
('https://www.sainsburys.co.uk/shop/gb/groceries/product/details/gluten-free-gravy-and-stuffing/oxo-stock-pot-beef-80g', 'Oxo Beef with Onion & Rosemary Stock Pots x4 80g', '£1.00', '£1.25 / 100g')
('https://www.sainsburys.co.uk/shop/gb/groceries/product/details/gluten-free-gravy-and-stuffing/kallo-organic-beef-stock-cubes-88g', 'Kallo Organic Beef Stock Cubes 8x11g', '£1.20', '£1.37 / 100g')
('https://www.sainsburys.co.uk/shop/gb/groceries/product/details/gluten-free-gravy-and-stuffing/knorr-vegetable-stock-cubes-20x10g', 'Knorr Vegetable Stock Cubes 20x10g', '£3.00', '£1.50 / 100g')
('https://www.sainsburys.co.uk/shop/gb/groceries/product/details/gluten-free-gravy-and-stuffing/marigold-swiss-vegetable-bouillon-150g', 'Marigold Swiss Vegetable Bouillon 150g', '£2.00', '£1.33 / 100g')
('https://www.sainsburys.co.uk/shop/gb/groceries/product/details/gluten-free-gravy-and-stuffing/oxo-stock-pots-reduced-salt--chicken-4x20g', 'Oxo Reduced Salt Chicken with Garlic & Thyme Stock Pots x4 80g', '£1.00', '£1.25 / 100g')
('https://www.sainsburys.co.uk/shop/gb/groceries/product/details/gluten-free-gravy-and-stuffing/mrs-crimbles-sage---onion-stuffing-170g', "Mrs. Crimble's Gluten Free Sage & Onion Stuffing Mix 150g", '£2.00', '£1.33 / 100g')
('https://www.sainsburys.co.uk/shop/gb/groceries/product/details/gluten-free-gravy-and-stuffing/marigold-reduced-salt-organic-bouillon-powder-140g', 'Marigold Reduced Salt Organic Bouillon Powder 140g', '£2.00', '£1.43 / 100g')
('https://www.sainsburys.co.uk/shop/gb/groceries/product/details/gluten-free-frozen-foods/calippo-cola-525ml', 'Calippo Cola 525ml', '£2.20', '42p / 100ml')
('https://www.sainsburys.co.uk/shop/gb/groceries/product/details/gluten-free-frozen-foods/amys-kitchen-breakfast-scramble-vegetable-scramble-hash-browns-255g', "Amy's Kitchen Breakfast Scramble Vegetable Scramble & Hash Browns 255g", '£3.70', '£3.70 / kg')
('https://www.sainsburys.co.uk/shop/gb/groceries/product/details/gluten-free-frozen-foods/nuii-dark-chocolate-nordic-berry-3x90ml', 'Nuii Dark Chocolate & Nordic Berry 3x90ml', '£2.50', '92p / 100ml')
('https://www.sainsburys.co.uk/shop/gb/groceries/product/details/gluten-free-frozen-foods/amys-kitchen-gluten-free-chinese-noodles-veggies-in-a-cashew-cream-sauce-270g', "Amy's Kitchen Gluten Free Chinese Noodles & Veggies in a Cashew Cream Sauce 270g", '£3.50', '£1.30 / 100g')
('https://www.sainsburys.co.uk/shop/gb/groceries/product/details/gluten-free-frozen-foods/sainsburys-deliciously-free-from-thai-style-haddock-fishcakes-x2-170g', "Sainsbury's Deliciously Free From Thai-Style Haddock Fishcakes x2 170g", '£2.00', '£11.76 / kg')
('https://www.sainsburys.co.uk/shop/gb/groceries/product/details/gluten-free-frozen-foods/sainsburys-deliciously-freefrom-pepperoni-pizza-300g', "Sainsbury's Deliciously Free From Pepperoni Pizza 300g", '£2.75', '£9.17 / kg')
('https://www.sainsburys.co.uk/shop/gb/groceries/product/details/milk-free-food-and-drink/holy-moly-overnight-oats-tropical-125g', 'Holy Moly Overnight Oats Tropical Fruit with Almond Milk 125g', '£1.75', '£1.40 / 100g')
('https://www.sainsburys.co.uk/shop/gb/groceries/product/details/milk-free-food-and-drink/oggs-brownie-bites-126g', 'Oggs Brownie Bites 126g', '£2.25', '£1.79 / 100g')
('https://www.sainsburys.co.uk/shop/gb/groceries/product/details/milk-free-food-and-drink/oggs-millionaire-bites-126g', 'Oggs Millionaire Bites 126g', '£2.25', '£1.79 / 100g')
('https://www.sainsburys.co.uk/shop/gb/groceries/product/details/all-dairy-free-food-and-drink/genius-fruit-loaf-400g', 'Genius Gluten Free Spicy Sliced Fruit Loaf 400g', '£2.50', '63p / 100g')
('https://www.sainsburys.co.uk/shop/gb/groceries/product/details/all-dairy-free-food-and-drink/sainsburys-sweet-chilli---ginger-stir-fry-sauce-120g', "Sainsbury's Sweet Chilli & Garlic Stir Fry Sauce 120g", '50p', '42p / 100g')
('https://www.sainsburys.co.uk/shop/gb/groceries/product/details/all-dairy-free-food-and-drink/alpro-light-chilled-soya-milk-alternative-1l', 'Alpro Soya Light Chilled Drink 1L', '£1.55', '£1.55 / ltr')
('https://www.sainsburys.co.uk/shop/gb/groceries/product/details/all-dairy-free-food-and-drink/sainsburys-ready-rolled-shortcrust-pastry-375g', "Sainsbury's Ready Rolled Shortcrust Pastry 375g", '£1.20', '32p / 100g')
('https://www.sainsburys.co.uk/shop/gb/groceries/product/details/all-dairy-free-food-and-drink/sainsburys-ready-rolled-puff-pastry-375g', "Sainsbury's Ready Rolled Puff Pastry 375g", '£1.20', '32p / 100g')
('https://www.sainsburys.co.uk/shop/gb/groceries/product/details/all-dairy-free-food-and-drink/sainsburys-shortcrust-pastry-block-500g', "Sainsbury's Shortcrust Pastry Block 500g", '£1.30', '26p / 100g')
('https://www.sainsburys.co.uk/shop/gb/groceries/product/details/all-dairy-free-food-and-drink/lazy-day-foods-millionaires-shortbread-150g', "Lazy Day Foods Millionaire's Shortbread 150g", '£2.00', '£1.33 / 100g')
('https://www.sainsburys.co.uk/shop/gb/groceries/product/details/all-dairy-free-food-and-drink/rice-dream-with-added-calcium-1l', 'Rice Dream Rice Drink 1L', '£1.60', '£1.60 / ltr')
('https://www.sainsburys.co.uk/shop/gb/groceries/product/details/all-dairy-free-food-and-drink/sainsburys-galangal-paste-90g', "Sainsbury's Galangal Paste 90g", '£1.30', '£1.44 / 100g')
('https://www.sainsburys.co.uk/shop/gb/groceries/product/details/all-dairy-free-food-and-drink/alpro-long-life-soya-milk-alternative--vanilla-1l', 'Alpro Soya Vanilla Long Life Drink 1L', '£1.20', '£1.20 / ltr')
('https://www.sainsburys.co.uk/shop/gb/groceries/product/details/all-dairy-free-food-and-drink/alpro-long-life-soya-milk-alternative--chocolate-3x250ml', 'Alpro Soya Chocolate Long Life Drink 3x250ml', '£1.60', '£2.13 / ltr')
('https://www.sainsburys.co.uk/shop/gb/groceries/product/details/all-dairy-free-food-and-drink/alpro-long-life-soya-milk-alternative--strawberry-3x250ml', 'Alpro Soya Strawberry Long Life Drink 3x250ml', '£1.60', '£2.13 / ltr')
('https://www.sainsburys.co.uk/shop/gb/groceries/product/details/all-dairy-free-food-and-drink/alpro-long-life-soya-milk-alternative--unsweetened-1l', 'Alpro Soya No Sugars Long Life Drink 1L', '£1.20', '£1.20 / ltr')
('https://www.sainsburys.co.uk/shop/gb/groceries/product/details/all-dairy-free-food-and-drink/raw-halo-mylk-vanilla-organic-raw-chocolate-70g', 'Raw Halo Mylk & Vanilla Organic Raw Chocolate 70g', '£2.75', '£3.93 / 100g')
('https://www.sainsburys.co.uk/shop/gb/groceries/product/details/all-salads/sainsburys-powerful---punchy-salad--taste-the-difference-80g', "Sainsbury's Powerful & Punchy Salad, Taste the Difference 80g", '£1.50', '£1.88 / 100g')
('https://www.sainsburys.co.uk/shop/gb/groceries/product/details/all-salads/sainsburys-vietnamese-style-salad--taste-the-difference-250g', "Sainsbury's Vietnamese Style Salad, Taste the Difference 250g", '£2.00', '80p / 100g')
('https://www.sainsburys.co.uk/shop/gb/groceries/product/details/salad-bags/sainsburys-young-spinach-260g', "Sainsbury's Young Spinach 260g", '£1.50', '£5.77 / kg')
('https://www.sainsburys.co.uk/shop/gb/groceries/product/details/salad-bags/florette-baby-leaf-trio-100g', 'Florette Baby Leaf Trio Salad 100g', '£1.00', '£1.00 / 100g')
('https://www.sainsburys.co.uk/shop/gb/groceries/product/details/salad-bags/sainsburys-house-salad-bowl-330g', "Sainsbury's House Salad Bowl 330g", '£3.00', '£3.00 / 100g')
('https://www.sainsburys.co.uk/shop/gb/groceries/product/details/salad-bags/sainsburys-goats-cheese-beetroot-salad-bowl', "Sainsbury's Goats Cheese & Beetroot Salad Bowl 135g", '£2.00', '£1.48 / 100g')
('https://www.sainsburys.co.uk/shop/gb/groceries/product/details/salad-bags/florette-superfood-vitality-mix-120g', 'Florette Power of Plants Spinach & Baby Kale Salad 120g', '£1.70', '£1.42 / 100g')
('https://www.sainsburys.co.uk/shop/gb/groceries/product/details/salad-bags/sainsburys-butterhead-salad-80g', "Sainsbury's Butterhead Salad 80g", '£1.00', '£1.25 / 100g')
('https://www.sainsburys.co.uk/shop/gb/groceries/product/details/salad-bags/sainsburys-mixed-baby-kales-80g', "Sainsbury's Mixed Baby Kales 80g", '£1.25', '£1.56 / 100g')
('https://www.sainsburys.co.uk/shop/gb/groceries/product/details/salad-bags/florette-baby-kale-60g', 'Florette Baby Kale 60g', '£1.00', '£1.67 / 100g')
('https://www.sainsburys.co.uk/shop/gb/groceries/product/details/salad-bags/so-spinach-organic-100g', 'So Spinach, Organic 100g', '£1.25', '£1.25 / 100g')
('https://www.sainsburys.co.uk/shop/gb/groceries/product/details/salad-bags/florette-sweet-crispy-salad-135g', 'Florette Sweet Crispy Salad 135g', '£1.50', '£1.11 / 100g')
('https://www.sainsburys.co.uk/shop/gb/groceries/product/details/salad-bags/florette-mixed-salad-150g', 'Florette Mixed Salad 150g', '£1.00', '67p / 100g')
('https://www.sainsburys.co.uk/shop/gb/groceries/product/details/salad-bags/sainsburys-cosmopolitan-salad-70g', "Sainsbury's Cosmopolitan Salad 70g", '£1.00', '£1.43 / 100g')
('https://www.sainsburys.co.uk/shop/gb/groceries/product/details/salad-bags/sainsburys-lambs-lettuce-60g', "Sainsbury's Lambs Lettuce 60g", '£1.00', '£1.67 / 100g')
('https://www.sainsburys.co.uk/shop/gb/groceries/product/details/salad-bags/sainsburys-powerful---punchy-salad--taste-the-difference-80g', "Sainsbury's Powerful & Punchy Salad, Taste the Difference 80g", '£1.50', '£1.88 / 100g')
('https://www.sainsburys.co.uk/shop/gb/groceries/product/details/salad-bags/sainsburys-butterhead-salad-120g', "Sainsbury's Butterhead Salad 120g", '£1.25', '£1.04 / 100g')
('https://www.sainsburys.co.uk/shop/gb/groceries/product/details/salad-bags/sainsburys-young-leaf-spinach-200g', "Sainsbury's Baby Leaf Spinach 200g", '£1.50', '£7.50 / kg')
('https://www.sainsburys.co.uk/shop/gb/groceries/product/details/salad-bags/sainsburys-sweet-leaf-salad-250g', "Sainsbury's Sweet Leaf Salad 250g", '75p', '30p / 100g')
('https://www.sainsburys.co.uk/shop/gb/groceries/product/details/salad-bags/sainsburys-classic-salad-bowl', "Sainsbury's Classic Salad Bowl 165g", '£1.00', '£1.00 / 100g')
('https://www.sainsburys.co.uk/shop/gb/groceries/product/details/salad-bags/sainsburys-coleslaw-kit-pack', "Sainsbury's Coleslaw Kit Pack", '£1.00', '33p / 100g')
('https://www.sainsburys.co.uk/shop/gb/groceries/product/details/salad-bags/sainsburys-watercress--spinach---rocket-80g', "Sainsbury's Spinach, Watercress & Rocket Salad 80g", '£1.30', '£1.63 / 100g')
('https://www.sainsburys.co.uk/shop/gb/groceries/product/details/salad-bags/sainsburys-watercress-twin-pack-2x35g', "Sainsbury's Watercress Baby Leaf Twin Pack 2x40g", '£1.00', '£1.43 / 100g')
('https://www.sainsburys.co.uk/shop/gb/groceries/product/details/salad-bags/sainsburys-italian-style-salad-180g', "Sainsbury's Italian Style Salad 180g", '£1.75', '97p / 100g')
('https://www.sainsburys.co.uk/shop/gb/groceries/product/details/salad-bags/sainsburys-simple-babyleaf-bag-90g', "Sainsbury's Simple Babyleaf Bag 90g", '£1.00', '£1.11 / 100g')
('https://www.sainsburys.co.uk/shop/gb/groceries/product/details/salad-bags/florette-crispy-asian-salad-100g', 'Florette Crispy Asian Inspired Salad 100g', '£1.60', '£1.60 / 100g')
('https://www.sainsburys.co.uk/shop/gb/groceries/product/details/salad-bags/sainsburys-harissa-seed-salad-bowl-105g', "Sainsbury's Harissa & Seed Salad Bowl 105g", '£1.75', '£1.67 / 100g')
('https://www.sainsburys.co.uk/shop/gb/groceries/product/details/salad-bags/sainsburys-italian-style-salad-80g', "Sainsbury's Italian Style Salad 80g", '£1.25', '£1.56 / 100g')
('https://www.sainsburys.co.uk/shop/gb/groceries/product/details/salad-bags/sainsburys-bistro-salad-120g', "Sainsbury's Bistro Salad 120g", '£1.25', '£1.04 / 100g')
('https://www.sainsburys.co.uk/shop/gb/groceries/product/details/salad-bags/sainsburys-watercress--so-organic-75g', "Sainsbury's Watercress, SO Organic 80g", '£1.50', '£1.88 / 100g')
('https://www.sainsburys.co.uk/shop/gb/groceries/product/details/salad-bags/sainsburys-young-leaf-spinach-100g', "Sainsbury's Baby Leaf Spinach 100g", '£1.00', '£10.00 / kg')
('https://www.sainsburys.co.uk/shop/gb/groceries/product/details/salad-bags/sainsburys-caesar-salad--be-good-to-yourself-265g', "Sainsbury's Caesar Salad, Be Good To Yourself 265g", '£1.75', '66p / 100g')
('https://www.sainsburys.co.uk/shop/gb/groceries/product/details/salad-bags/sainsburys-lambs-lettuce-salad-100g', "Sainsbury's French Style Salad 100g", '£1.25', '£1.25 / 100g')
('https://www.sainsburys.co.uk/shop/gb/groceries/product/details/salad-bags/sainsburys-bistro-salad-150g', "Sainsbury's Bistro Salad 150g", '£1.25', '83p / 100g')
('https://www.sainsburys.co.uk/shop/gb/groceries/product/details/salad-bags/sainsburys-wild-rocket-60g', "Sainsbury's Wild Rocket 60g", '£1.00', '£1.67 / 100g')
('https://www.sainsburys.co.uk/shop/gb/groceries/product/details/salad-bags/florette-crispy-salad-170g', 'Florette Classic Crispy Salad 170g', '£1.00', '59p / 100g')
('https://www.sainsburys.co.uk/shop/gb/groceries/product/details/salad-bags/florette-sweet---crunchy-200g', 'Florette Sweet & Crunchy 200g', '£1.10', '55p / 100g')
('https://www.sainsburys.co.uk/shop/gb/groceries/product/details/salad-bags/sainsburys-caesar-salad-265g', "Sainsbury's Caesar Salad 265g", '£1.75', '66p / 100g')
('https://www.sainsburys.co.uk/shop/gb/groceries/product/details/salad-bags/sainsburys-young-spinach--so-organic-160g', "Sainsbury's Spinach, SO Organic 160g", '£2.40', '£1.50 / 100g')
('https://www.sainsburys.co.uk/shop/gb/groceries/product/details/cucumber-celery/sainsburys-cucumber-portion', "Sainsbury's Half Cucumber Portion", '35p', '35p / ea')
('https://www.sainsburys.co.uk/shop/gb/groceries/product/details/cucumber-celery/sainsburys-cucumber-whole--so-organic', "Sainsbury's Whole Cucumber, SO Organic", '£1.10', '£1.10 / ea')
('https://www.sainsburys.co.uk/shop/gb/groceries/product/details/cucumber-celery/the-greengrocers-celery', "The Greengrocer's Celery", '50p', '50p / ea')
('https://www.sainsburys.co.uk/shop/gb/groceries/product/details/cucumber-celery/sainsburys-celery--so-organic-400g', "Sainsbury's Celery, SO Organic", '90p', '90p / ea')
('https://www.sainsburys.co.uk/shop/gb/groceries/product/details/cucumber-celery/sainsburys-celery-sticks-350g', "Sainsbury's Celery Sticks 350g", '£1.00', '29p / 100g')
('https://www.sainsburys.co.uk/shop/gb/groceries/product/details/cucumber-celery/sainsburys-celery-450g', "Sainsbury's Celery", '43p', '43p / ea')
('https://www.sainsburys.co.uk/shop/gb/groceries/product/details/cucumber-celery/sainsburys-cucumber-whole', "Sainsbury's Whole Cucumber", '43p', '43p / ea')
('https://www.sainsburys.co.uk/shop/gb/groceries/product/details/cucumber-celery/sainsburys-baby-cucumbers-200g', "Sainsbury's Baby Cucumbers 200g", '£1.00', '£5.00 / kg')
('https://www.sainsburys.co.uk/shop/gb/groceries/product/details/all-price-lock/sainsburys-chicken-dippers-1kg', "Sainsbury's Chicken Dippers x36 1kg", '£3.15', '£3.15 / kg')
('https://www.sainsburys.co.uk/shop/gb/groceries/product/details/all-price-lock/sainsburys-thai-red-curry-cooking-sauce-340g', "Sainsbury's Thai Red Curry Cooking Sauce 340g", '90p', '26p / 100g')
('https://www.sainsburys.co.uk/shop/gb/groceries/product/details/all-price-lock/simple-shower-gel-micellar-water-250ml', 'Simple Micellar Shower Gel 250ml', '£1.00', '40p / 100ml')
('https://www.sainsburys.co.uk/shop/gb/groceries/product/details/all-price-lock/sainsburys-rendang-curry-paste-190g-7886226-p-44', "Sainsbury's Rendang Curry Paste 190g", '£1.35', '71p / 100g')
('https://www.sainsburys.co.uk/shop/gb/groceries/product/details/all-price-lock/cuvee-reserve-cotes-du-rhone-75cl', 'Cuvee Reserve Cotes Du Rhone 75cl', '£5.50', '£5.50 / 75cl')
('https://www.sainsburys.co.uk/shop/gb/groceries/product/details/all-price-lock/sainsburys-apple-raspberry-juice-drink-no-added-sugar-1l', "Sainsbury's Apple & Raspberry Juice Drink, No Added Sugar 1L", '90p', '9p / 100ml')
('https://www.sainsburys.co.uk/shop/gb/groceries/product/details/all-price-lock/sainsburys-small-animal-hamster--gerbil---mouse-nuggets-1kg', "Sainsbury's Small Animal Hamster, Gerbil & Mouse Nuggets 1kg", '£1.50', '£1.50 / kg')
('https://www.sainsburys.co.uk/shop/gb/groceries/product/details/all-price-lock/sainsburys-adult-complete-nutrition-with-trout-1-years-2kg', "Sainsbury's Complete Nutrition 1+ Adult Cat Food with Trout 2kg", '£2.00', '£1.00 / kg')
('https://www.sainsburys.co.uk/shop/gb/groceries/product/details/all-price-lock/sainsburys-adult-complete-nutrition-with-chicken-1-years-2kg', "Sainsbury's Complete Nutrition 1+ Adult Cat Food with Chicken 2kg", '£2.00', '£1.00 / kg')
('https://www.sainsburys.co.uk/shop/gb/groceries/product/details/all-price-lock/sainsburys-complete-nutrition-7-senior-cat-food-meat-fish-selection-in-jelly-48-x-100g', "Sainsbury's Complete Nutrition 7+ Senior Cat Food Meat & Fish Selection in Jelly 48 x 100g", '£8.00', '£1.67 / kg')
('https://www.sainsburys.co.uk/shop/gb/groceries/product/details/all-price-lock/sainsburys-complete-nutrition-1-adult-cat-food-meat-selection-in-jelly-12-x-100g', "Sainsbury's Complete Nutrition 1+ Adult Cat Food Meat Selection in Jelly 12 x 100g", '£2.25', '£1.88 / kg')
('https://www.sainsburys.co.uk/shop/gb/groceries/product/details/all-price-lock/sainsburys-farmhouse-kitchen-adult-dog-food-meat-selection-in-gravy-12-x-100g', "Sainsbury's Farmhouse Kitchen Adult Dog Food Meat Selection in Gravy 12 x 100g", '£2.60', '£2.17 / kg')
('https://www.sainsburys.co.uk/shop/gb/groceries/product/details/all-price-lock/sainsburys-comn-puppy-chk-bf-tky-lmb-igv-12x100g', "Sainsbury's Complete Nutrition Puppy Food Meat Selection in Gravy 12 x 100g", '£2.40', '£2.00 / kg')
('https://www.sainsburys.co.uk/shop/gb/groceries/product/details/all-price-lock/sainsburys-complete-nutrition-adult-dog-food-meat-selection-in-gravy-12-x-100g', "Sainsbury's Complete Nutrition Adult Dog Food Meat Selection in Gravy 12 x 100g", '£2.40', '£2.00 / kg')
('https://www.sainsburys.co.uk/shop/gb/groceries/product/details/all-price-lock/mondelli-italian-sparkling-75cl', 'Mondelli Italian Sparkling 75cl', '£5.25', '£5.25 / 75cl')
('https://www.sainsburys.co.uk/shop/gb/groceries/product/details/all-price-lock/mackies-of-scotland-toffee-coated-popcorn-200g', "Mackie's of Scotland Toffee Coated Popcorn 200g", '£1.00', '50p / 100g')
('https://www.sainsburys.co.uk/shop/gb/groceries/product/details/all-price-lock/nestle-shreddies-cereal-675g', 'Nestle Original Shreddies Cereal 675g', '£2.30', '34p / 100g')
('https://www.sainsburys.co.uk/shop/gb/groceries/product/details/all-price-lock/imperial-leather-calming-night-blooming-jasmine---vanilla-infusions-bath-cream-500ml', 'Imperial Leather Moonlit Skies Calming Bath Soak 500ml', '£1.00', '20p / 100ml')
('https://www.sainsburys.co.uk/shop/gb/groceries/product/details/all-price-lock/sainsburys-beef-mince-5-fat-750g', "Sainsbury's Beef Mince 5% Fat 750g", '£3.60', '£4.80 / kg')
('https://www.sainsburys.co.uk/shop/gb/groceries/product/details/all-price-lock/baby-dove-rich-moisture-head-to-toe-wash-400ml', 'Baby Dove Rich Moisture Head to Toe Wash 400ml', '£1.50', '38p / 100ml')
('https://www.sainsburys.co.uk/shop/gb/groceries/product/details/all-price-lock/colmans-mint-sauce-165g', "Colman's Mint Sauce 165g", '£1.00', '61p / 100g')
('https://www.sainsburys.co.uk/shop/gb/groceries/product/details/all-price-lock/felix-goody-bag-cat-treats-original-mix-200g-7853884-p', 'Felix Goody Bag Cat Treats Original Mix 200g', '£2.50', '£1.25 / 100g')
('https://www.sainsburys.co.uk/shop/gb/groceries/product/details/all-price-lock/sainsburys-super-soft-cushioned-4-rolls', "Sainsbury's Super Soft Toilet Tissue, Cushioned x4 Rolls", '£1.90', '28p / 100sht')
('https://www.sainsburys.co.uk/shop/gb/groceries/product/details/all-price-lock/sainsburys-super-soft-facial-tissues-2x90', "Sainsbury's Super Soft Facial Tissues x2", '£1.50', '83p / 100sht')
('https://www.sainsburys.co.uk/shop/gb/groceries/product/details/all-price-lock/marqués-de-montino-joven-75cl', 'Marqués De Montino Joven 75cl', '£5.35', '£5.35 / 75cl')
('https://www.sainsburys.co.uk/shop/gb/groceries/product/details/all-price-lock/sainsburys-fairly-traded-green-tea-with-lemon-flavour-x20-tea-bags-38g', "Sainsbury's Green Tea with Lemon x20 Tea Bags 38g", '75p', '£1.97 / 100g')
('https://www.sainsburys.co.uk/shop/gb/groceries/product/details/all-price-lock/sainsburys-fairtrade-x80-tea-bags--so-organic-250g', "Sainsbury's Fairtrade x80 Tea Bags, SO Organic 250g", '£1.50', '60p / 100g')
('https://www.sainsburys.co.uk/shop/gb/groceries/product/details/all-price-lock/sainsburys-fairly-traded-decaffeinated-red-label-x80-tea-bags-250g', "Sainsbury's Fairly Traded Decaffeinated Red Label x80 Tea Bags 250g", '£1.50', '60p / 100g')
('https://www.sainsburys.co.uk/shop/gb/groceries/product/details/all-price-lock/sainsburys-farmhouse-kitchen-adult-dog-smooth-pâté-with-beef-vegetables-300g', "Sainsbury's Farmhouse Kitchen Adult Dog Smooth Pâté With Beef & Vegetables 300g", '55p', '£1.83 / kg')
('https://www.sainsburys.co.uk/shop/gb/groceries/product/details/all-price-lock/sainsburys-farmhouse-kitchen-adult-dog-smooth-pâté-with-beef-vegetables-150g', "Sainsbury's Farmhouse Kitchen Adult Dog Smooth Pâté With Beef & Vegetables 150g", '10p', '67p / kg')
('https://www.sainsburys.co.uk/shop/gb/groceries/product/details/all-price-lock/sainsburys-farmhouse-kitchen-adult-dog-smooth-pâté-with-chicken-turkey-150g', "Sainsbury's Farmhouse Kitchen Adult Dog Smooth Pâté With Chicken & Turkey 150g", '45p', '£3.00 / kg')
('https://www.sainsburys.co.uk/shop/gb/groceries/product/details/all-price-lock/sainsburys-house-dry-white-75cl', "Sainsbury's House Dry White 75cl", '£4.50', '£4.50 / 75cl')
('https://www.sainsburys.co.uk/shop/gb/groceries/product/details/all-price-lock/felix-as-good-as-it-looks-senior-cat-food-mixed-12-x-100g-6818995-p', 'Felix As Good As It Looks Senior Cat Food Mixed 12 X 100g', '£3.50', '£2.92 / kg')
('https://www.sainsburys.co.uk/shop/gb/groceries/product/details/all-price-lock/sweetex-tablets-600', 'Sweetex Calorie Free Sweeteners Tablets x600', '£1.90', '3p / 10tblt')
('https://www.sainsburys.co.uk/shop/gb/groceries/product/details/all-price-lock/whiskas-in-jelly-wet-senior-7-cat-food-pouches-fish-12x100g', 'Whiskas in Jelly Wet Senior 7+ Cat Food Pouches Fish 12x100g', '£3.50', '£2.92 / kg')
('https://www.sainsburys.co.uk/shop/gb/groceries/product/details/all-price-lock/gourmet-perle-connoisseurs-cat-food-mixed-12-x-85g-6022974-p', 'Gourmet Perle Connoisseurs Cat Food Mixed 12x85g', '£4.00', '£3.92 / kg')
('https://www.sainsburys.co.uk/shop/gb/groceries/product/details/all-price-lock/bakers-meaty-meals-adult-dry-dog-food-beef-27kg-6018821-p', 'Bakers Meaty Meals Adult Dry Dog Food Beef 2.7kg', '£6.00', '£2.22 / kg')
('https://www.sainsburys.co.uk/shop/gb/groceries/product/details/all-price-lock/felix-senior-cat-food-mixed-in-jelly-12-x-100g-4165200-p', 'Felix Senior Cat Food Mixed In Jelly 12 X 100g', '£3.00', '£2.50 / kg')
('https://www.sainsburys.co.uk/shop/gb/groceries/product/details/new-355373-44/sainsburys-valentines-smitten-kitten-133179884-p', "Sainsbury's Valentine's Smitten Kitten", '£8.00', '£8.00 / ea')
('https://www.sainsburys.co.uk/shop/gb/groceries/product/details/new-355373-44/minecraft-mini-spawn-egg--133084658-p', 'Minecraft Mini Spawn Egg', '£6.50', '£6.50 / ea')
('https://www.sainsburys.co.uk/shop/gb/groceries/product/details/new-355373-44/play-doh-basic-fun-factory', 'Play-Doh Basic Fun Factory', '£7.00', '£7.00 / ea')
('https://www.sainsburys.co.uk/shop/gb/groceries/product/details/new-355373-44/sainsburys-home-thorn-resistant-gloves-large-133022975-p', "Sainsbury's Home Thorn Resistant Gloves Large", '£5.00', '£5.00 / ea')
('https://www.sainsburys.co.uk/shop/gb/groceries/product/details/new-355373-44/sainsburys-home-banana-plush-pencil-case-132775490-p', "Sainsbury's Home Banana Plush Pencil Case", '£5.00', '£5.00 / ea')
('https://www.sainsburys.co.uk/shop/gb/groceries/product/details/new-355373-44/sainsburys-valentines-tea-for-2-teapot-132923131-p', "Sainsbury's Valentine's Tea for 2 Teapot", '£12.00', '£12.00 / ea')
('https://www.sainsburys.co.uk/shop/gb/groceries/product/details/new-355373-44/sainsburys-valentines-lunch-box-set-132891845-p', "Sainsbury's Valentine's Lunch Box Set", '£8.00', '£8.00 / ea')
('https://www.sainsburys.co.uk/shop/gb/groceries/product/details/new-355373-44/sainsburys-mothers-day-mum-storage-box-132813863-p', "Sainsbury's Mother's Day Mum Storage Box", '£8.00', '£8.00 / ea')
('https://www.sainsburys.co.uk/shop/gb/groceries/product/details/new-355373-44/sainsburys-mothers-day-sitting-elephant-plush-large-132805767-p', "Sainsbury's Mother's Day Sitting Elephant Plush Large", '£15.00', '£15.00 / ea')
('https://www.sainsburys.co.uk/shop/gb/groceries/product/details/new-355373-44/sainsburys-mothers-day-you-are-loved-plaque-132798430-p', "Sainsbury's Mother's Day You Are Loved Plaque", '£5.00', '£5.00 / ea')
('https://www.sainsburys.co.uk/shop/gb/groceries/product/details/new-355373-44/sainsburys-valentines-large-patch-132777866-p', "Sainsbury's Valentine's Large Patch", '£15.00', '£15.00 / ea')
('https://www.sainsburys.co.uk/shop/gb/groceries/product/details/new-355373-44/sainsburys-mothers-day-mum-enamel-keyring-132595261-p', "Sainsbury's Mother's Day Mum Enamel Keyring", '£3.50', '£3.50 / ea')
('https://www.sainsburys.co.uk/shop/gb/groceries/product/details/new-355373-44/sainsburys-valentines-we-make-a-great-pear-132568482-p', "Sainsbury's Valentine's We Make A Great Pear", '£6.00', '£6.00 / ea')
('https://www.sainsburys.co.uk/shop/gb/groceries/product/details/new-355373-44/sainsburys-home-popcorn-notebook-132769057-p', "Sainsbury's Home Popcorn Notebook", '£5.00', '£5.00 / ea')
('https://www.sainsburys.co.uk/shop/gb/groceries/product/details/new-355373-44/sainsburys-valentines-peas-pin-badges-x2-132766067-p', "Sainsbury's Valentine's Peas Pin Badges x2", '£4.00', '£4.00 / ea')
('https://www.sainsburys.co.uk/shop/gb/groceries/product/details/new-355373-44/sainsburys-valentines-selfie-props-132760431-p', "Sainsbury's Valentine's Selfie Props", '£2.50', '£2.50 / ea')
('https://www.sainsburys.co.uk/shop/gb/groceries/product/details/new-355373-44/sainsburys-valentines-heart-infinity-light-132759764-p', "Sainsbury's Valentine's Heart Infinity Light", '£7.00', '£7.00 / ea')
('https://www.sainsburys.co.uk/shop/gb/groceries/product/details/new-355373-44/sainsburys-home-kraft-brights-lever-arch-132755149-p', "Sainsbury's Home Kraft Brights Lever Arch", '£3.00', '£3.00 / ea')
('https://www.sainsburys.co.uk/shop/gb/groceries/product/details/new-355373-44/sainsburys-valentines-singing-lion-132754509-p', "Sainsbury's Valentine's Singing Lion", '£15.00', '£15.00 / ea')
('https://www.sainsburys.co.uk/shop/gb/groceries/product/details/new-355373-44/sainsburys-home-kraft-brights-a4-project-book-132754285-p', "Sainsbury's Home Kraft Brights A4 Project Book", '£5.00', '£5.00 / ea')
('https://www.sainsburys.co.uk/shop/gb/groceries/product/details/new-355373-44/sainsburys-valentines-all-of-me-mug-132739114-p', "Sainsbury's Valentine's All of Me Mug", '£4.50', '£4.50 / ea')
('https://www.sainsburys.co.uk/shop/gb/groceries/product/details/new-355373-44/sainsburys-valentines-the-real-boss-keyring-132596125-p', "Sainsbury's Valentine's The Real Boss Keyring", '£3.50', '£3.50 / ea')
('https://www.sainsburys.co.uk/shop/gb/groceries/product/details/new-355373-44/sainsburys-valentines-perfectly-wonderful-mug-132738306-p', "Sainsbury's Valentine's Perfectly Wonderful Mug", '£4.50', '£4.50 / ea')
('https://www.sainsburys.co.uk/shop/gb/groceries/product/details/new-355373-44/delonghi-argento-flora-kettle-peppermint-green-132622573-p', "De'Longhi Argento Flora Kettle Peppermint Green", '£45.00', '£45.00 / ea')
('https://www.sainsburys.co.uk/shop/gb/groceries/product/details/new-355373-44/remington-s9100-proluxe-straighteners-132520542-p', 'Remington S9100 ProLuxe Straighteners', '£65.00', '£65.00 / ea')
('https://www.sainsburys.co.uk/shop/gb/groceries/product/details/new-355373-44/sainsburys-home-red-snowflake-border-tablecover-120x180cm-132326512-p', "Sainsbury's Home Red Snowflake Border Tablecover 120x180cm", '£3.50', '£3.50 / ea')
('https://www.sainsburys.co.uk/shop/gb/groceries/product/details/new-355373-44/sainsburys-home-festivity-wooden-spoons-x3-132036152-p', "Sainsbury's Home Festivity Wooden Spoons x3", '£5.00', '£5.00 / ea')
('https://www.sainsburys.co.uk/shop/gb/groceries/product/details/new-355373-44/walkers-max-flamin-hot-50g', "Walkers Max Fiercely Flamin' Hot Crisps 50g", '90p', '£1.80 / 100g')
('https://www.sainsburys.co.uk/shop/gb/groceries/product/details/new-355373-44/hot-wheels-flipping-fury-car-131919480-p', 'Hot Wheels Flipping Fury Car', '£15.00', '£15.00 / ea')
('https://www.sainsburys.co.uk/shop/gb/groceries/product/details/new-355373-44/briers-water-resistant-glove-birds---branches---spots-asst-131294985-p', 'Briers Water Resistant Glove Birds & Branches & Spots Asst', '£3.00', '£3.00 / ea')
('https://www.sainsburys.co.uk/shop/gb/groceries/product/details/new-355373-44/joules-bee-a6-notebook-pen', 'Joules Bee A6 Notebook & Pen', '£10.00', '£10.00 / ea')
('https://www.sainsburys.co.uk/shop/gb/groceries/product/details/new-355373-44/heathcote-ivory-pinks-pear-blossom-hand-nail-cream-100ml', 'Heathcote & Ivory Pinks & Pear Blossom Hand & Nail Cream 100ml', '£6.00', '£6.00 / 100ml')
('https://www.sainsburys.co.uk/shop/gb/groceries/product/details/new-355373-44/peony-blush-room-spray-100ml', 'Peony Blush Room Spray 100ml', '£5.00', '£5.00 / ea')
('https://www.sainsburys.co.uk/shop/gb/groceries/product/details/new-355373-44/velo-freeze-11mg', 'Velo Freeze 11mg', '£6.50', '£6.50 / ea')
('https://www.sainsburys.co.uk/shop/gb/groceries/product/details/new-355373-44/habitat-mid-century-house-3d-bird-egg-cup', 'Habitat Mid Century House 3D Bird Egg Cup', '£3.50', '£3.50 / ea')
('https://www.sainsburys.co.uk/shop/gb/groceries/product/details/new-355373-44/garden-kneeler-138102616-p-44', 'Garden Kneeler', '£10.00', '£10.00 / ea')
('https://www.sainsburys.co.uk/shop/gb/groceries/product/details/new-355373-44/cake-fork-set', 'Cake Fork Set', '£6.00', '£6.00 / ea')
('https://www.sainsburys.co.uk/shop/gb/groceries/product/details/new-355373-44/paw-patrol-skye-shaped-sticker-pad', 'Paw Patrol Skye Shaped Sticker Pad', '£2.50', '£2.50 / ea')
('https://www.sainsburys.co.uk/shop/gb/groceries/product/details/new-355373-44/grandma-cushion-138002201-p-44', 'Grandma Cushion', '£8.00', '£8.00 / ea')
('https://www.sainsburys.co.uk/shop/gb/groceries/product/details/new-355373-44/best-grandma-nan-photo-holder-keyring', 'Best Grandma / Nan Photo Holder Keyring', '£3.00', '£3.00 / ea')
('https://www.sainsburys.co.uk/shop/gb/groceries/product/details/new-355373-44/reasons-i-love-you', 'Reasons I love You', '£5.00', '£5.00 / ea')
('https://www.sainsburys.co.uk/shop/gb/groceries/product/details/new-355373-44/sainsburys-brioche-hot-dog-rolls-x4-180g', "Sainsbury's Brioche Hot Dog Rolls x4 180g", '95p', '24p / ea')
('https://www.sainsburys.co.uk/shop/gb/groceries/product/details/new-355373-44/sainsburys-strawberry-cream-hot-cross-buns-taste-the-difference-290g', "Sainsbury's Strawberries & Cream Hot Cross Buns, Taste the Difference 280g", '£1.25', '0p / g')
('https://www.sainsburys.co.uk/shop/gb/groceries/product/details/all-butter-spreads/st-helens-farm-goats-butter-250g', "St Helen's Farm Goats Butter 250g", '£2.40', '£9.60 / kg')
('https://www.sainsburys.co.uk/shop/gb/groceries/product/details/all-butter-spreads/golden-cow-easispread-1kg', 'Golden Cow Easispread Spread 1kg', '£3.75', '£3.75 / kg')
('https://www.sainsburys.co.uk/shop/gb/groceries/product/details/all-butter-spreads/dromona-butter-250g', 'Dromona Butter 250g', '£2.10', '£8.40 / kg')
('https://www.sainsburys.co.uk/shop/gb/groceries/product/details/all-butter-spreads/flora-light-spread-1kg', 'Flora Light Vegan Spread 1kg', '£2.50', '£2.50 / kg')
('https://www.sainsburys.co.uk/shop/gb/groceries/product/details/all-butter-spreads/anchor-butter--original-250g', 'Anchor Salted Butter 250g', '£1.65', '£6.60 / kg')
('https://www.sainsburys.co.uk/shop/gb/groceries/product/details/all-butter-spreads/sainsburys-sunflower-spread-500g', "Sainsbury's Sunflower Spread 500g", '£1.00', '£2.00 / kg')
('https://www.sainsburys.co.uk/shop/gb/groceries/product/details/all-butter-spreads/sainsburys-butterlicious-spread-500g', "Sainsbury's Butterlicious Spread 500g", '£1.00', '£2.00 / kg')
('https://www.sainsburys.co.uk/shop/gb/groceries/product/details/all-butter-spreads/sainsburys-soft-spread-2kg', "Sainsbury's Soft Spread 2kg", '£3.10', '£1.55 / kg')
('https://www.sainsburys.co.uk/shop/gb/groceries/product/details/all-butter-spreads/anchor-westbury-wiltshire-spreadable-750g', 'Anchor Westbury Wiltshire Spreadable 750g', '£3.75', '£5.00 / kg')
('https://www.sainsburys.co.uk/shop/gb/groceries/product/details/all-butter-spreads/trex-vegetable-fat-250g', 'Trex Vegetable Fat 250g', '90p', '£3.60 / kg')
('https://www.sainsburys.co.uk/shop/gb/groceries/product/details/all-butter-spreads/sainsburys-english-salted-butter-500g', "Sainsbury's British Butter, Salted 500g", '£2.95', '£5.90 / kg')
('https://www.sainsburys.co.uk/shop/gb/groceries/product/details/all-butter-spreads/flora-pro-activ-buttery-spread-250g', 'Flora ProActiv Buttery Taste Spread 250g', '£2.10', '£8.40 / kg')
('https://www.sainsburys.co.uk/shop/gb/groceries/product/details/all-butter-spreads/kerrygold-softer-butter-250g', 'Kerrygold Softer Butter 250g', '£2.15', '£8.60 / kg')
('https://www.sainsburys.co.uk/shop/gb/groceries/product/details/all-butter-spreads/lactofree-spreadable-250g', 'Arla Lactofree Slightly Salted Spreadable 250g', '£1.70', '£6.80 / kg')
('https://www.sainsburys.co.uk/shop/gb/groceries/product/details/all-butter-spreads/flora-pro-activ-buttery-500g', 'Flora ProActiv Buttery Taste Spread 500g', '£3.70', '£7.40 / kg')
('https://www.sainsburys.co.uk/shop/gb/groceries/product/details/all-butter-spreads/grahams-unsalted-scottish-butter-250g', "Graham's Scottish Butter Unsalted 250g", '£1.65', '£6.60 / kg')
('https://www.sainsburys.co.uk/shop/gb/groceries/product/details/all-butter-spreads/i-cant-believe-its-not-butter-light-500g', "I Can't Believe It's Not Butter! Light Spread 500g", '£1.00', '£2.00 / kg')
('https://www.sainsburys.co.uk/shop/gb/groceries/product/details/all-butter-spreads/sainsburys-olive-light-spread-500g', "Sainsbury's Olive Lighter Spread 500g", '£1.10', '£2.20 / kg')
('https://www.sainsburys.co.uk/shop/gb/groceries/product/details/all-butter-spreads/sainsburys-scottish-butter--salted--250g', "Sainsbury's Scottish Butter, Salted 250g", '£1.65', '£6.60 / kg')
('https://www.sainsburys.co.uk/shop/gb/groceries/product/details/all-butter-spreads/flora-pro-activ-250g', 'Flora ProActiv Spread 250g', '£2.10', '£8.40 / kg')
('https://www.sainsburys.co.uk/shop/gb/groceries/product/details/all-butter-spreads/kerrymaid-500g', 'Kerrymaid Creamy Buttermilk Spread 500G', '£2.00', '£4.00 / kg')
('https://www.sainsburys.co.uk/shop/gb/groceries/product/details/all-butter-spreads/golden-cow-golden-olive-500g', 'Golden Olive Spread 500g', '£1.90', '£3.80 / kg')
('https://www.sainsburys.co.uk/shop/gb/groceries/product/details/all-butter-spreads/flora-original-spread-500g', 'Flora Original Dairy Free Spread 500g', '£2.00', '£4.00 / kg')
('https://www.sainsburys.co.uk/shop/gb/groceries/product/details/all-butter-spreads/i-cant-believe-its-not-butter-vegetable-fat-spread-1kg', "I Can't Believe It's Not Butter! Original Spread 1Kg", '£2.15', '£2.15 / kg')
('https://www.sainsburys.co.uk/shop/gb/groceries/product/details/all-butter-spreads/country-life-english-butter--salted-250g', 'Country Life British Salted Butter 250g', '£1.80', '£7.20 / kg')
('https://www.sainsburys.co.uk/shop/gb/groceries/product/details/butter-spread/anchor-unsalted-spreadable-500g', 'Anchor Unsalted Spreadable 500g', '£3.65', '£7.30 / kg')
('https://www.sainsburys.co.uk/shop/gb/groceries/product/details/butter-spread/grahams-slighty-salted-spreadable-butter-250g', "Graham's Spreadable Butter Slighty Salted 250g", '£1.50', '£6.00 / kg')
('https://www.sainsburys.co.uk/shop/gb/groceries/product/details/butter-spread/anchor-spreadable-500g', 'Anchor Salted Spreadable 500g', '£3.75', '£7.50 / kg')
('https://www.sainsburys.co.uk/shop/gb/groceries/product/details/butter-spread/yeo-valley-organic-spreadable-500g', 'Yeo Valley Organic Buttery & Spreadable 500g', '£3.35', '£6.70 / kg')
('https://www.sainsburys.co.uk/shop/gb/groceries/product/details/butter-spread/president-slightly-salted-spread-500g', 'President Spreadable Slightly Salted 500g', '£3.80', '£7.60 / kg')
('https://www.sainsburys.co.uk/shop/gb/groceries/product/details/butter-spread/grahams-spreadable-lighter-250g', "Graham's The Family Dairy Lighter Slightly Salted Spreadable Scottish Butter 250g", '£1.50', '£6.00 / kg')
('https://www.sainsburys.co.uk/shop/gb/groceries/product/details/butter-spread/country-life-spreadable-lighter-500g', 'Country Life British Spreadable Lighter 500g', '£3.25', '£6.50 / kg')
('https://www.sainsburys.co.uk/shop/gb/groceries/product/details/butter-spread/sainsburys-buttersoft-light-500g', "Sainsbury's Buttersoft Lighter Spread 500g", '£2.00', '£4.00 / kg')
('https://www.sainsburys.co.uk/shop/gb/groceries/product/details/butter-spread/country-life-spreadable-500g', 'Country Life British Spreadable 500g', '£2.25', '£4.50 / kg')
('https://www.sainsburys.co.uk/shop/gb/groceries/product/details/butter-spread/lurpak-spreadable--lighter-250g', 'Lurpak Lighter Slightly Salted Spreadable 250g', '£2.25', '£9.00 / kg')
('https://www.sainsburys.co.uk/shop/gb/groceries/product/details/butter-spread/pure-dairy-free-vegan-slightly-salted-baking-block-250g', 'Pure Dairy Free Vegan Slightly Salted Block 250g', '£1.30', '£5.20 / kg')
('https://www.sainsburys.co.uk/shop/gb/groceries/product/details/butter-spread/lurpak-spreadable-lighter-slightly-salted-750g', 'Lurpak Lighter Slightly Salted Spreadable 750g', '£5.50', '£7.33 / kg')
('https://www.sainsburys.co.uk/shop/gb/groceries/product/details/butter-spread/lurpak-spreadable-slightly-salted-750g', 'Lurpak Slightly Salted Spreadable 750g', '£5.50', '£7.33 / kg')
('https://www.sainsburys.co.uk/shop/gb/groceries/product/details/butter-spread/grahams-lighter-spreadable-butter-500g', "Graham's Lighter Spreadable Butter 500g", '£3.25', '£6.50 / kg')
('https://www.sainsburys.co.uk/shop/gb/groceries/product/details/butter-spread/bertolli-spread-with-butter-400g', 'Bertolli Butter & Olive Oil Spread 400g', '£2.80', '£7.00 / kg')
('https://www.sainsburys.co.uk/shop/gb/groceries/product/details/butter-spread/lurpak-lighter-slightly-salted-spreadable-500g', 'Lurpak Lighter Slightly Salted Spreadable 500g', '£2.75', '£5.50 / kg')
('https://www.sainsburys.co.uk/shop/gb/groceries/product/details/butter-spread/grahams-gold-spreadable-500g', "Graham's Gold Top Slightly Salted Spreadable Butter 500g", '£3.50', '£7.00 / kg')
('https://www.sainsburys.co.uk/shop/gb/groceries/product/details/butter-spread/sainsburys-buttersoft-500g', "Sainsbury's Buttersoft Spread 500g", '£2.00', '£4.00 / kg')
('https://www.sainsburys.co.uk/shop/gb/groceries/product/details/butter-spread/anchor-lighter-spreadable-500g', 'Anchor Lighter Salted Spreadable 500g', '£3.75', '£7.50 / kg')
('https://www.sainsburys.co.uk/shop/gb/groceries/product/details/butter-spread/lurpak-spreadable--slightly-salted-250g', 'Lurpak Slightly Salted Spreadable 250g', '£2.25', '£9.00 / kg')
('https://www.sainsburys.co.uk/shop/gb/groceries/product/details/all-future-brands/boutique-serum-foundation-warm-sand-30ml', 'Boutique Serum Foundation Golden Brown', '£5.00', '£1.67 / 10ml')
('https://www.sainsburys.co.uk/shop/gb/groceries/product/details/all-future-brands/boutique-serum-foundation-rose-ivory-30ml', 'Boutique Serum Foundation Rose Vanilla', '£5.00', '£1.67 / 10ml')
('https://www.sainsburys.co.uk/shop/gb/groceries/product/details/all-future-brands/boutique-eyeshadow-palette-burgundy-84g', 'Boutique Eyeshadow Palette Burgundy 8.4g', '£6.00', '£7.14 / 10g')
('https://www.sainsburys.co.uk/shop/gb/groceries/product/details/all-future-brands/boutique-long-lasting-light-eyebrow-tattoo', 'Boutique Long Lasting Eyebrow Tattoo Light', '£5.00', '£5.00 / ea')
('https://www.sainsburys.co.uk/shop/gb/groceries/product/details/all-future-brands/boutique-lip-plumping-hydrating-gloss-mocha-5ml', 'Boutique Lip Plumping Hydrating Gloss Mocha 5ml', '£4.00', '£8.00 / 10ml')
('https://www.sainsburys.co.uk/shop/gb/groceries/product/details/all-future-brands/odysea-flame-roasted-red-yellow-peppers-450g', 'Odysea Flame Roasted Red & Yellow Peppers 450g', '£2.75', '61p / 100g')
('https://www.sainsburys.co.uk/shop/gb/groceries/product/details/all-future-brands/mhm-firm-hairspray-400ml', 'Mhm Firm Hairspray 400ml', '£1.50', '38p / 100ml')
('https://www.sainsburys.co.uk/shop/gb/groceries/product/details/all-future-brands/mhm-extra-firm-hairspray-400ml', 'Mhm Extra Firm Hairspray 400ml', '£1.50', '38p / 100ml')
('https://www.sainsburys.co.uk/shop/gb/groceries/product/details/all-future-brands/men-advance-2-blade-disposable-razor-with-fixed-head-x20', 'Men Advance 2 Blade Disposable Razor with Fixed Head x20', '£2.50', '13p / bld')
('https://www.sainsburys.co.uk/shop/gb/groceries/product/details/all-future-brands/men-advance-anti-fatigue-moisturiser-50ml', 'Men Advance Anti-Fatigue Moisturiser 50ml', '£3.50', '£7.00 / 100ml')
('https://www.sainsburys.co.uk/shop/gb/groceries/product/details/all-future-brands/men-advance-deep-cleansing-face-wash-150ml', 'Men Advance Deep Cleansing Face Wash 150ml', '£2.00', '£1.33 / 100ml')
('https://www.sainsburys.co.uk/shop/gb/groceries/product/details/all-future-brands/hawkins---brimble-post-shave-balm-125ml', 'Hawkins & Brimble Post Shave Balm 125ml', '£9.00', '£7.20 / 100ml')
('https://www.sainsburys.co.uk/shop/gb/groceries/product/details/all-future-brands/naturals-facial-wipes-x25', 'Source of Nature Green Tea & Chamomile Facial Wipes x25', '£1.50', '6p / wipe')
('https://www.sainsburys.co.uk/shop/gb/groceries/product/details/all-future-brands/purify-micellar-cleansing-wipes', 'Purify Micellar Cleansing Wipes', '£1.25', '5p / wipe')
('https://www.sainsburys.co.uk/shop/gb/groceries/product/details/all-future-brands/super-facialist-rose-day-cream-75ml', 'Super Facialist Rose Hydrate Radiance Day Cream SPF15 75ml', '£10.00', '£13.33 / 100ml')
('https://www.sainsburys.co.uk/shop/gb/groceries/product/details/all-future-brands/super-facialist-vit-c-moisturiser-75ml', 'Super Facialist Vitamin C + Brighten Skin Defence Daily Moisturiser 75ml', '£17.00', '£22.67 / 100ml')
('https://www.sainsburys.co.uk/shop/gb/groceries/product/details/all-future-brands/dirty-works-lip-plumper', 'Dirty Works Rumpy Plumpy Coconut Lip Plumper 8ml', '£6.00', '£6.00 / wipe')
('https://www.sainsburys.co.uk/shop/gb/groceries/product/details/all-future-brands/sainsburys-hand---nails-cream-75ml', 'My Skin Matters Hand & Nails Cream 75ml', '£1.50', '£2.00 / 100ml')
('https://www.sainsburys.co.uk/shop/gb/groceries/product/details/all-future-brands/sainsburys-anti-age-serum-30ml', 'My Skin Matters Anti-Age Serum 30ml', '£4.00', '£13.33 / 100ml')
('https://www.sainsburys.co.uk/shop/gb/groceries/product/details/all-future-brands/origin-of-nature-anti-age-day-crm-50ml', 'Source of Nature Anti-Age Day Cream White Tea & Elderflower 50ml', '£4.50', '£9.00 / 100ml')
('https://www.sainsburys.co.uk/shop/gb/groceries/product/details/all-future-brands/dirty-works-signature-salt-scrub-400ml', 'Dirty Works Signature Salt Scrub 400ml', '£3.50', '87p / 100ml')
('https://www.sainsburys.co.uk/shop/gb/groceries/product/details/all-future-brands/dirty-works-signature-bubble-bath-500ml', 'Dirty Works Signature Bubble Bath 500ml', '£2.50', '50p / 100ml')
('https://www.sainsburys.co.uk/shop/gb/groceries/product/details/all-future-brands/sainsburys-shroomballs-spaghetti-400g', 'Plant Pioneers Shroomballs & Spaghetti 400g', '£2.75', '£6.88 / kg')
('https://www.sainsburys.co.uk/shop/gb/groceries/product/details/all-future-brands/qnola-almond-vanilla-250g', 'Qnola Granola The Almond + Vanilla One 250g', '£6.00', '£2.40 / 100g')
('https://www.sainsburys.co.uk/shop/gb/groceries/product/details/all-future-brands/tip-mix-crunch-multipack-6x135g', "Tip 'n' Mix Crunch Multipack Yoghurts 6x135g", '£1.90', '23p / 100g')
('https://www.sainsburys.co.uk/shop/gb/groceries/product/details/all-future-brands/soda-folk-root-beer-4x330ml', 'Soda Folk Root Beer 4x330ml', '£3.75', '28p / 100ml')
('https://www.sainsburys.co.uk/shop/gb/groceries/product/details/all-future-brands/little-freddie-organic-flavoursome-carrot-pumpkin-pea-pear-stage-1-4m-smooth-100g', 'Little Freddie Organic Flavoursome Carrot, Pumpkin, Pea & Pear Stage 1 +4m Smooth 100g', '£1.25', '£1.25 / 100g')
('https://www.sainsburys.co.uk/shop/gb/groceries/product/details/all-future-brands/sauce-shop-sriracha-mayo-250ml', 'Sauce Shop Sriracha Mayo 250ml', '£2.50', '£1.00 / 100ml')
('https://www.sainsburys.co.uk/shop/gb/groceries/product/details/all-future-brands/the-paleo-foods-co-berry-almond-grain-free-granola-285g', 'The Paleo Foods Co. Berry & Almond Grain-Free Granola 285g', '£3.00', '£1.05 / 100g')
('https://www.sainsburys.co.uk/shop/gb/groceries/product/details/all-future-brands/The-Mighty-Society-Unsweetened-Pea-Mylk-1L', 'Mighty Pea Unsweetened Milk Alternative 1L', '£2.00', '£2.00 / ltr')
('https://www.sainsburys.co.uk/shop/gb/groceries/product/details/all-future-brands/cartwright-butler-teatime-edition-celebrated-famous-butter-fudge-175g', 'Cartwright & Butler Teatime Edition Celebrated Famous Butter Fudge 175g', '£8.00', '£4.57 / 100g')
('https://www.sainsburys.co.uk/shop/gb/groceries/product/details/all-future-brands/drpawpaw-scrub-nourish', 'Dr.pawpaw Scrub & Nourish', '£9.00', '£56.25 / 100g')
('https://www.sainsburys.co.uk/shop/gb/groceries/product/details/all-future-brands/sanctuary-spa-tempting-travel-treats-7969084-p', 'Sanctuary Spa Tempting Travel Treats', '£11.00', '£11.00 / ea')
('https://www.sainsburys.co.uk/shop/gb/groceries/product/details/all-future-brands/sanctuary-spa-warming-charcoal-detox-wash-100ml', 'Sanctuary Spa Warming Charcoal Detox Wash 100ml', '£5.00', '£5.00 / 100ml')
('https://www.sainsburys.co.uk/shop/gb/groceries/product/details/all-future-brands/sanctuary-spa-luxury-bath-float-500ml-7968818-p', 'Sanctuary Spa Luxury Bath Float 500ml', '£9.50', '£1.90 / 100ml')
('https://www.sainsburys.co.uk/shop/gb/groceries/product/details/all-future-brands/sanctuary-spa-salt-scrub-bar-200g-7968738-p', 'Sanctuary Spa Salt Scrub Bar 200g', '£5.00', '£2.50 / 100g')
('https://www.sainsburys.co.uk/shop/gb/groceries/product/details/all-future-brands/sanctuary-spa-ultra-rich-wet-skin-moisture-miracle-200ml-7968635-p', 'Sanctuary Spa Ultra Rich Wet Skin Moisture Miracle 200ml', '£8.00', '£4.00 / 100ml')
('https://www.sainsburys.co.uk/shop/gb/groceries/product/details/all-future-brands/sanctuary-spa-youth-boosting-body-butter-300ml-7968633-p', 'Sanctuary Spa Youth Boosting Body Butter 300ml', '£12.50', '£4.17 / 100ml')
('https://www.sainsburys.co.uk/shop/gb/groceries/product/details/all-future-brands/nice-sauvignon-blanc-25cl', 'Nice Sauvignon Blanc 25cl', '£2.65', '£7.95 / 75cl')
('https://www.sainsburys.co.uk/shop/gb/groceries/product/details/all-future-brands/beavertown-gamma-ray-apa-330ml', 'Beavertown Gamma Ray Apa 330ml', '£2.25', '£6.82 / ltr')
('https://www.sainsburys.co.uk/shop/gb/groceries/product/details/all-future-brands/sanctuary-spa-daily-glow-radiance-tonic-150ml', 'Sanctuary Spa Daily Glow Radiance Tonic 150ml', '£5.00', '£2.50 / 100ml')
('https://www.sainsburys.co.uk/shop/gb/groceries/product/details/vitamins-and-supplements-/seven-seas-cod-liver-oil--capsules--high-strength-x120', 'Seven Seas Cod Liver Oil High Strength Gelatine Free Capsules x120', '£6.50', '5p / tblt')
('https://www.sainsburys.co.uk/shop/gb/groceries/product/details/vitamins-and-supplements-/seven-seas-cod-liver-oil--1-a-day-x120', 'Seven Seas Cod Liver Oil One-A-Day Capsules x120', '£6.00', '5p / tblt')
('https://www.sainsburys.co.uk/shop/gb/groceries/product/details/vitamins-and-supplements-/phizz-multivitamin-hydration-apple-blackcurrant-tablets-x20', 'Phizz Multivitamin Hydration Apple & Blackcurrant Tablets x20', '£5.00', '£5.00 / ea')
('https://www.sainsburys.co.uk/shop/gb/groceries/product/details/vitamins-and-supplements-/lepicol-high-fibre-powder-180g', 'Lepicol High Fibre Powder 180g', '£11.50', '£11.50 / ea')
('https://www.sainsburys.co.uk/shop/gb/groceries/product/details/vitamins-and-supplements-/bioglan-beauty-collagen-effervescents-tablets-x20', 'Bioglan Beauty Collagen Effervescents Tablets x20', '£9.00', '9p / ea')
('https://www.sainsburys.co.uk/shop/gb/groceries/product/details/vitamins-and-supplements-/seven-seas-jointcare-supplex-turmeric-4000mg-30-capsules-30-tablets', 'Seven Seas Jointcare Supplex & Turmeric with Glucosamine 30 Day Duo Pack', '£19.00', '32p / tblt')
('https://www.sainsburys.co.uk/shop/gb/groceries/product/details/vitamins-and-supplements-/centrum-women-multivitamin-tablets-x60', 'Centrum Women Multivitamin Tablets x60', '£9.00', '£9.00 / ea')
('https://www.sainsburys.co.uk/shop/gb/groceries/product/details/vitamins-and-supplements-/bach-rescue-plus-logenze-natural-orange-elderflower-flavour-42g', 'Bach Rescue Plus Logenze Natural Orange & Elderflower Flavour 42g', '£3.70', '£3.70 / ea')
('https://www.sainsburys.co.uk/shop/gb/groceries/product/details/vitamins-and-supplements-/tisserand-aromatherapy-sleep-better-pulse-point-roller-ball-10ml', 'Tisserand Aromatherapy Sleep Better Pulse Point Roller Ball 10ml', '£5.95', '£5.95 / ea')
('https://www.sainsburys.co.uk/shop/gb/groceries/product/details/vitamins-and-supplements-/bioglan-womens-multi-vitamin-orange-lemon-blueberry-flavour-soft-gummies-food-supplement-x60', "Bioglan Women's Multi-Vitamin Orange, Lemon & Blueberry Flavour Soft Gummies Food Supplement x60", '£10.00', '17p / tblt')
('https://www.sainsburys.co.uk/shop/gb/groceries/product/details/vitamins-and-supplements-/vitabiotics-menopace-max-tablets-capsules-x84', 'Vitabiotics Menopace Max Tablets/Capsules x84', '£20.00', '24p / tblt')
('https://www.sainsburys.co.uk/shop/gb/groceries/product/details/vitamins-and-supplements-/vitabiotics-wellkid-peppa-pig-omega-3-flaxseed-oil-soft-jellies-3-7-years-x30', 'Vitabiotics WellKid Peppa Pig Omega-3 Gummies 3-7 Years x30', '£8.00', '27p / tblt')
('https://www.sainsburys.co.uk/shop/gb/groceries/product/details/vitamins-and-supplements-/avogel-echinaforce-echinacea-tablets-x-120', 'A.Vogel Echinaforce Echinacea Tablets x 120', '£13.50', '11p / tblt')
('https://www.sainsburys.co.uk/shop/gb/groceries/product/details/vitamins-and-supplements-/bach-rescue-plus-vitamins-mixed-berry-lozenge-41g', 'Bach Rescue Plus Vitamins Mixed Berry Lozenge 41g', '£3.70', '£3.70 / ea')
('https://www.sainsburys.co.uk/shop/gb/groceries/product/details/vitamins-and-supplements-/bach-rescue-night-10ml', 'Bach Rescue Night 10ml', '£8.50', '85p / ea')
('https://www.sainsburys.co.uk/shop/gb/groceries/product/details/vitamins-and-supplements-/tisserand-aromatherapy-total-de-stress-moodfix-mist-100ml', 'Tisserand Aromatherapy Total De-Stress Moodfix Mist 100ml', '£4.45', '£4.45 / ea')
('https://www.sainsburys.co.uk/shop/gb/groceries/product/details/vitamins-and-supplements-/bioglan-daily-formula-biotic-balance-ultimate-flora-capsules-x30', 'Bioglan Daily Formula Biotic Balance Ultimate Flora Capsules x30', '£10.00', '33p / tblt')
('https://www.sainsburys.co.uk/shop/gb/groceries/product/details/vitamins-and-supplements-/vitabiotics-wellteen-him-plus-13-19-years-dual-pack-tablets-capsules-x56', 'Vitabiotics Wellteen Him Plus 13-19 Years Dual Pack Tablets/Capsules x56', '£12.50', '22p / tblt')
('https://www.sainsburys.co.uk/shop/gb/groceries/product/details/vitamins-and-supplements-/kalms-day-valerian-root-extract-200-tablets', 'Kalms Day Valerian Root Extract 200 Tablets', '£8.50', '4p / tblt')
('https://www.sainsburys.co.uk/shop/gb/groceries/product/details/vitamins-and-supplements-/sainsburys-chewable-vitamin-c-1000mg-x-180', "Sainsbury's Immune Chewable Vitamin C 1000mg Tablets 1 a Day x180", '£10.00', '6p / ea')
('https://www.sainsburys.co.uk/shop/gb/groceries/product/details/vitamins-and-supplements-/sainsburys-hi-strength-cod-liver-oil-x180', "Sainsbury's Bones High Strength Cod Liver Oil One A Day x180 Capsules", '£6.00', '3p / ea')
('https://www.sainsburys.co.uk/shop/gb/groceries/product/details/vitamins-and-supplements-/sainsburys-high-strength-cod-liver-oil-x-60', "Sainsbury's Bones High Strength Cod Liver Oil One A Day x60 Capsules", '£3.50', '6p / ea')
('https://www.sainsburys.co.uk/shop/gb/groceries/product/details/vitamins-and-supplements-/sainsburys-effervescent-vitamin-c--berry-1000mg-x20', "Sainsbury's Effervescent Vitamin C, Berry 1000mg x20", '79p', '4p / ea')
('https://www.sainsburys.co.uk/shop/gb/groceries/product/details/vitamins-and-supplements-/bassetts--multivitamin---evening-primrose-oil--orange---passion-fruit-12-18-years-x30', 'Bassetts Vitamins Multivitamins +Evening Primrose Oil Orange & Passion Fruit Flavours 12-18 Years x30', '£5.00', '17p / ea')
('https://www.sainsburys.co.uk/shop/gb/groceries/product/details/vitamins-and-supplements-/bassetts-immune--orange-7-11-years-x30', 'Bassetts Vitamins Immune Support Orange Flavour One A Day 7-11 Years Soft & Chewies x30', '£4.50', '15p / ea')
('https://www.sainsburys.co.uk/shop/gb/groceries/product/details/vitamins-and-supplements-/bassetts-multivitamin---omega-3--tropical-7-11-years-x30', 'Bassetts Vitamins Multivitamins Tropical Flavour One A Day 7-11 Years Soft & Chewies x30', '£4.50', '15p / ea')
('https://www.sainsburys.co.uk/shop/gb/groceries/product/details/vitamins-and-supplements-/bassetts-multivitamin---omega-3--blackcurrant-3-6-years-x30', 'Bassetts Vitamins Multivitamins Blackcurrant & Apple Flavour 3-6 Years One A Day Soft & Chewies x30', '£4.50', '15p / ea')
('https://www.sainsburys.co.uk/shop/gb/groceries/product/details/vitamins-and-supplements-/berocca-effervescent--regular-x30', 'Berocca Orange Energy Effervescent Vitamin Tablets x30', '£7.60', '25p / tblt')
('https://www.sainsburys.co.uk/shop/gb/groceries/product/details/vitamins-and-supplements-/vitabiotics-feroglobin-capsules-x30', 'Vitabiotics Feroglobin Capsules x30', '£4.50', '15p / ea')
('https://www.sainsburys.co.uk/shop/gb/groceries/product/details/vitamins-and-supplements-/seven-seas-complete-multivitamins', 'Seven Seas Complete Multivitamin Adult Tablets x28', '£4.00', '14p / tblt')
('https://www.sainsburys.co.uk/shop/gb/groceries/product/details/vitamins-and-supplements-/sainsburys-korean-ginseng-extract-75mg-x60', "Sainsbury's Korean Ginseng Extract 75mg x60", '£3.50', '6p / ea')
('https://www.sainsburys.co.uk/shop/gb/groceries/product/details/vitamins-and-supplements-/sainsburys-effervescent-vitamin-c---zinc-x20', "Sainsbury's Effervescent Vitamin C & Zinc x20", '£1.75', '9p / ea')
('https://www.sainsburys.co.uk/shop/gb/groceries/product/details/vitamins-and-supplements-/sainsburys-odourless-garlic-x90-2mg', "Sainsbury's Odourless Garlic x90 2mg", '£2.00', '2p / ea')
('https://www.sainsburys.co.uk/shop/gb/groceries/product/details/vitamins-and-supplements-/berocca-effervescent-mixed-berries-x15', 'Berocca Mixed Berries Energy Vitamin Tablets x15', '£4.50', '30p / tblt')
('https://www.sainsburys.co.uk/shop/gb/groceries/product/details/vitamins-and-supplements-/centrum-advance-x100', 'Centrum Advance x100', '£10.00', '10p / ea')
('https://www.sainsburys.co.uk/shop/gb/groceries/product/details/vitamins-and-supplements-/haliborange-effervescent-vitamin-c--blackcurrant-flavour-x20', 'Haliborange Effervescent Vitamin C, Blackcurrant Flavour x20', '£4.00', '20p / ea')
('https://www.sainsburys.co.uk/shop/gb/groceries/product/details/new-355373-44/habitat-glazed-pasta-bowl', 'Habitat Glazed Pasta Bowl', '£4.25', '£4.25 / ea')
('https://www.sainsburys.co.uk/shop/gb/groceries/product/details/new-355373-44/sainsburys-cranberry-port-topped-pork-pie-taste-the-difference-440g', "Sainsbury's Cranberry & Port Topped Pork Pie, Taste the Difference 440g", '£5.25', '£1.19 / 100g')
('https://www.sainsburys.co.uk/shop/gb/groceries/product/details/new-355373-44/boxed-coaster-d', 'Boxed Coaster "D"', '£3.00', '£3.00 / ea')
('https://www.sainsburys.co.uk/shop/gb/groceries/product/details/new-355373-44/boxed-coaster-a', 'Boxed Coaster "A"', '£3.00', '£3.00 / ea')
('https://www.sainsburys.co.uk/shop/gb/groceries/product/details/new-355373-44/sainsburys-home-floral-hideaway-a5-wiro-notebook', "Sainsbury's Home Floral Hideaway A5 Wiro Notebook", '£4.00', '£4.00 / ea')
('https://www.sainsburys.co.uk/shop/gb/groceries/product/details/new-355373-44/habitat-another-eden-green-magazine-file', 'Habitat Another Eden Green Magazine File', '£4.00', '£4.00 / ea')
('https://www.sainsburys.co.uk/shop/gb/groceries/product/details/new-355373-44/sainsburys-home-oceana-weekly-planner', "Sainsbury's Home Oceana Weekly Planner", '£4.00', '£4.00 / ea')
('https://www.sainsburys.co.uk/shop/gb/groceries/product/details/new-355373-44/sainsburys-home-floral-hideaway-mustard-dotty-a5-notebook', "Sainsbury's Home Floral Hideaway Mustard Dotty A5 Notebook", '£5.00', '£5.00 / ea')
('https://www.sainsburys.co.uk/shop/gb/groceries/product/details/new-355373-44/habitat-another-eden-metal-pen', 'Habitat Another Eden Metal Pen', '£3.50', '£3.50 / ea')
('https://www.sainsburys.co.uk/shop/gb/groceries/product/details/new-355373-44/habitat-another-eden-pen-and-mechanical-pencil-set', 'Habitat Another Eden Pen and Mechanical Pencil Set', '£6.00', '£6.00 / ea')
('https://www.sainsburys.co.uk/shop/gb/groceries/product/details/new-355373-44/badge-mirror-k', 'Badge Mirror "K"', '£1.50', '£1.50 / ea')
('https://www.sainsburys.co.uk/shop/gb/groceries/product/details/new-355373-44/badge-mirror-a', 'Badge Mirror "A"', '£1.50', '£1.50 / ea')
('https://www.sainsburys.co.uk/shop/gb/groceries/product/details/new-355373-44/makeup-bag-c', 'Makeup Bag "C"', '£6.00', '£6.00 / ea')
('https://www.sainsburys.co.uk/shop/gb/groceries/product/details/new-355373-44/mug-t', 'Mug "T"', '£4.50', '£4.50 / ea')
('https://www.sainsburys.co.uk/shop/gb/groceries/product/details/new-355373-44/mug-k', 'Mug "K"', '£4.50', '£4.50 / ea')
('https://www.sainsburys.co.uk/shop/gb/groceries/product/details/new-355373-44/mug-c-138077369-p-44', 'Mug "C"', '£4.50', '£4.50 / ea')
('https://www.sainsburys.co.uk/shop/gb/groceries/product/details/new-355373-44/notebook-pen-set-j', 'Notebook & Pen Set "J"', '£8.00', '£8.00 / ea')
('https://www.sainsburys.co.uk/shop/gb/groceries/product/details/new-355373-44/notebook-pen-set-a', 'Notebook & Pen Set "A"', '£8.00', '£8.00 / ea')
('https://www.sainsburys.co.uk/shop/gb/groceries/product/details/new-355373-44/latte-glass', 'Latte Glass', '£5.00', '£5.00 / ea')
('https://www.sainsburys.co.uk/shop/gb/groceries/product/details/new-355373-44/sainsburys-chicken-selection-pack-x60-760g', "Sainsbury's Chicken Selection Pack x60 760g", '£5.50', '£7.24 / kg')
('https://www.sainsburys.co.uk/shop/gb/groceries/product/details/new-355373-44/sainsburys-home-floral-hideaway-mustard-magazine-file', "Sainsbury's Home Floral Hideaway Mustard Magazine File", '£4.00', '£4.00 / ea')
('https://www.sainsburys.co.uk/shop/gb/groceries/product/details/new-355373-44/sainsburys-home-gingham-paper-plates-10pk', "Sainsbury's Home Gingham Paper Plates - 10pk", '£2.00', '£2.00 / ea')
('https://www.sainsburys.co.uk/shop/gb/groceries/product/details/new-355373-44/plant-pioneer-no-pork-sausage-rolls-400g', 'Plant Pioneer No Pork Sausage Rolls 400g', '£1.50', '£3.75 / kg')
('https://www.sainsburys.co.uk/shop/gb/groceries/product/details/new-355373-44/cocoa-co-single-origin-dark-chocolate-shimmer-egg-260g', 'Cocoa & Co. Single Origin Dark Chocolate Shimmer Egg 260g', '£10.00', '£3.85 / 100g')
('https://www.sainsburys.co.uk/shop/gb/groceries/product/details/new-355373-44/habitat-eden-leaf-print-wall-art', 'Habitat Eden Leaf Print Wall Art', '£10.00', '£10.00 / ea')
('https://www.sainsburys.co.uk/shop/gb/groceries/product/details/new-355373-44/sainsburys-home-daisy-chain-bunting', "Sainsbury's Home Daisy Chain Bunting", '£3.00', '£3.00 / ea')
('https://www.sainsburys.co.uk/shop/gb/groceries/product/details/new-355373-44/habitat-mid-century-faux-floral-plant-l', 'Habitat Mid Century Faux Floral Plant L', '£20.00', '£20.00 / ea')
('https://www.sainsburys.co.uk/shop/gb/groceries/product/details/new-355373-44/sainsburys-home-floral-hideaway-fine-liner-pen-set', "Sainsbury's Home Floral Hideaway Fine liner Pen Set", '£5.00', '£5.00 / ea')
('https://www.sainsburys.co.uk/shop/gb/groceries/product/details/new-355373-44/sainsburys-home-floral-hideaway-to-do-list-pads-and-pen', "Sainsbury's Home Floral Hideaway To Do List Pad and Pen", '£4.00', '£4.00 / ea')
('https://www.sainsburys.co.uk/shop/gb/groceries/product/details/new-355373-44/sainsburys-home-floral-hideaway-dotty-clipboard-list-pad-pen', "Sainsbury's Home Floral Hideaway Dotty Clipboard List Pad & Pen", '£4.00', '£4.00 / ea')
('https://www.sainsburys.co.uk/shop/gb/groceries/product/details/new-355373-44/habitat-agra-wax-burner', 'Habitat Agra Wax Burner', '£6.00', '£6.00 / ea')
('https://www.sainsburys.co.uk/shop/gb/groceries/product/details/new-355373-44/drawer-liners', 'Drawer Liners', '£3.00', '£3.00 / ea')
('https://www.sainsburys.co.uk/shop/gb/groceries/product/details/new-355373-44/drinks-bottle-r-138075515-p-44', 'Drinks Bottle "R"', '£5.00', '£5.00 / ea')
('https://www.sainsburys.co.uk/shop/gb/groceries/product/details/new-355373-44/party-pop-teenies-double-pack-surprise-poppers-134113035-p', 'Party Pop Teenies Double Pack Surprise Poppers', '£10.00', '£10.00 / ea')
('https://www.sainsburys.co.uk/shop/gb/groceries/product/details/new-355373-44/sainsburys-home-forest-hideaway-check-throw-125x150cm-134010714-p', "Sainsbury's Home Forest Hideaway Check Throw 125x150cm", '£16.00', '£16.00 / ea')
('https://www.sainsburys.co.uk/shop/gb/groceries/product/details/new-355373-44/sainsburys-home-kraft-iridescent-treat-boxes-x8-134076289-p', "Sainsbury's Home Kraft Iridescent Treat Boxes x8", '£3.00', '£3.00 / ea')
('https://www.sainsburys.co.uk/shop/gb/groceries/product/details/new-355373-44/sainsburys-home-santa-shaped-napkins-x10-134072624-p', "Sainsbury's Home Santa Shaped Napkins x10", '£2.00', '£2.00 / ea')
('https://www.sainsburys.co.uk/shop/gb/groceries/product/details/new-355373-44/sainsburys-home-burgundy-plastic-tumblers-x10-134033078-p', "Sainsbury's Home Burgundy Plastic Tumblers x10", '£2.00', '£2.00 / ea')
('https://www.sainsburys.co.uk/shop/gb/groceries/product/details/new-355373-44/sainsburys-home-traditional-wreath-tablecover-120x180cm-134018628-p', "Sainsbury's Home Traditional Wreath Tablecover 120x180cm", '£3.50', '£3.50 / ea')
('https://www.sainsburys.co.uk/shop/gb/groceries/product/details/new-355373-44/sainsburys-home-traditional-wreath-napkins-x20-134015208-p', "Sainsbury's Home Traditional Wreath Napkins x20", '£2.00', '£2.00 / ea')
('https://www.sainsburys.co.uk/shop/gb/groceries/product/details/new-355373-44/sainsburys-home-midnight-opulence-boxed-accessory-set-133911916-p', "Sainsbury's Home Midnight Opulence Boxed Accessory Set", '£8.00', '£8.00 / ea')
('https://www.sainsburys.co.uk/shop/gb/groceries/product/details/new-355373-44/sainsburys-home-meadow-journal-2019-133870421-p', "Sainsbury's Home Meadow Journal 2019", '£10.00', '£10.00 / ea')
('https://www.sainsburys.co.uk/shop/gb/groceries/product/details/new-355373-44/sainsburys-home-minerals-a5-week-to-view-diary-2019-133997174-p', "Sainsbury's Home Minerals A5 Week to View Diary 2019", '£5.00', '£5.00 / ea')
('https://www.sainsburys.co.uk/shop/gb/groceries/product/details/new-355373-44/sainsburys-home-silicone---wood-spatula-love-133989211-p', "Sainsbury's Home Silicone & Wood Spatula Love", '£5.00', '£5.00 / ea')
('https://www.sainsburys.co.uk/shop/gb/groceries/product/details/all-price-lock/cadbury-animals-chocolate-biscuits-6x22g', 'Cadbury Animals Chocolate Biscuits 7x20g', '£1.00', '76p / 100g')
('https://www.sainsburys.co.uk/shop/gb/groceries/product/details/all-price-lock/felix-cat-food-mixed-selection-in-jelly-12-x-100g-3805336-p', 'Felix Cat Food Mixed Selection In Jelly 12 X 100g', '£3.00', '£2.50 / kg')
('https://www.sainsburys.co.uk/shop/gb/groceries/product/details/all-price-lock/bakers-adult-dry-dog-food-beef-and-veg-12kg-3566862-p', 'Bakers Adult Dry Dog Food Beef And Veg 12kg', '£20.00', '£1.67 / kg')
('https://www.sainsburys.co.uk/shop/gb/groceries/product/details/all-price-lock/go-cat-adult-dry-cat-food-tuna-herring-and-veg-2kg-2789293-p', 'Go-Cat Adult Dry Cat Food Tuna Herring And Veg 2kg', '£4.00', '£2.00 / kg')
('https://www.sainsburys.co.uk/shop/gb/groceries/product/details/all-price-lock/go-cat-adult-dry-cat-food-chicken-and-duck-2kg-2789286-p', 'Go-Cat Adult Dry Cat Food Chicken And Duck 2kg', '£4.00', '£2.00 / kg')
('https://www.sainsburys.co.uk/shop/gb/groceries/product/details/all-price-lock/sainsburys-ciabatta-bread-mix--taste-the-difference-500g', "Sainsbury's Ciabatta Bread Mix, Taste the Difference 500g", '£1.00', '£2.00 / kg')
('https://www.sainsburys.co.uk/shop/gb/groceries/product/details/all-price-lock/sainsburys-kitchen-caddy-liners-x25', "Sainsbury's Kitchen Caddy Compostable Liners x25", '£2.50', '10p / ea')
('https://www.sainsburys.co.uk/shop/gb/groceries/product/details/all-price-lock/ellas-squished-squishy-fishy-cakes-stage-2-130g', "Ella's Kitchen Organic Fish Pie Baby Pouch 7+ Months 130g", '£1.30', '£1.00 / 100g')
('https://www.sainsburys.co.uk/shop/gb/groceries/product/details/all-price-lock/hipp-organic-stage-1--banana--yoghurt-breakfast-125g', 'HiPP Organic Banana Yogurt Breakfast 125g', '60p', '48p / 100g')
('https://www.sainsburys.co.uk/shop/gb/groceries/product/details/all-price-lock/ellas-lamb-roast-dinner-with-all-trimmings-stage-2-130g', "Ella's Kitchen Organic Lamb Roast Dinner Baby Pouch 7+ Months 130g", '£1.30', '£1.00 / 100g')
('https://www.sainsburys.co.uk/shop/gb/groceries/product/details/all-price-lock/heinz-banana-bicotti-60g', 'Heinz Banana Biscotti Snack 60g 7 Month+', '75p', '£1.25 / 100g')
('https://www.sainsburys.co.uk/shop/gb/groceries/product/details/all-price-lock/ellas-sweet-potato--broccoli---carrots-120g', "Ella's Kitchen Organic Sweet Potatoes, Broccoli and Carrots Baby Pouch 4+ Months 120g", '£1.00', '83p / 100g')
('https://www.sainsburys.co.uk/shop/gb/groceries/product/details/all-price-lock/hipp-organic-potato--pumpkin---chicken-260g', 'HiPP Organic Potato Pumpkin & Chicken Scrumble Tray Meal 230g 12 Month+', '£1.75', '76p / 100g')
('https://www.sainsburys.co.uk/shop/gb/groceries/product/details/all-price-lock/sainsburys-vegetable-curry-400g', 'Sainsbury’s Love Your Veg! Very Veggie Curry 400g', '£1.50', '£3.75 / kg')
('https://www.sainsburys.co.uk/shop/gb/groceries/product/details/all-price-lock/carex-refreshing-wipes-x15', 'Carex Refreshing Wipes x15', '£1.00', '7p / wipe')
('https://www.sainsburys.co.uk/shop/gb/groceries/product/details/all-price-lock/ellas-organic-sweet-potato--plumb--apple---blueberries-120g', "Ella's Kitchen Organic Sweet Potatoes, Pumkin, Apples and Blueberries Baby Pouch 4+ Months 120g", '£1.00', '83p / 100g')
('https://www.sainsburys.co.uk/shop/gb/groceries/product/details/all-price-lock/simple-antibacterial-handwash-250ml', 'Simple Kind to Skin Antibacterial Handwash 250ml', '£1.00', '40p / 100ml')
('https://www.sainsburys.co.uk/shop/gb/groceries/product/details/all-price-lock/hipp-organic-sweet-squash---chicken-125g', 'HiPP Organic Sweet Squash & Chicken Jar 6+ Months 125g', '60p', '48p / 100g')
('https://www.sainsburys.co.uk/shop/gb/groceries/product/details/all-price-lock/black-tower-rosé-75cl', 'Black Tower Rosé 75cl', '£5.00', '£5.00 / 75cl')
('https://www.sainsburys.co.uk/shop/gb/groceries/product/details/all-price-lock/sainsburys-blended-whisky-35cl', 'Crag & Glen Blended Scotch Whisky 35cl', '£6.25', '£17.86 / ltr')
('https://www.sainsburys.co.uk/shop/gb/groceries/product/details/all-price-lock/sainsburys-blended-whisky-70cl', 'Crag & Glen Blended Scotch Whisky 70cl', '£12.50', '£17.86 / ltr')
('https://www.sainsburys.co.uk/shop/gb/groceries/product/details/all-price-lock/kelloggs-nutri-grain-breakfast-bakes--raisin-6x45g', "Kellogg's Nutri-Grain Breakfast Bakes, Raisin 6x45g", '£2.00', '74p / 100g')
('https://www.sainsburys.co.uk/shop/gb/groceries/product/details/all-price-lock/greenalls-gin-1l', "Greenall's London Dry Gin 1L", '£16.00', '£16.00 / ltr')
('https://www.sainsburys.co.uk/shop/gb/groceries/product/details/all-price-lock/knorr-stock-cubes--lamb-x8-76g', 'Knorr Stock Cubes Lamb 8x10g', '£1.25', '£1.56 / 100g')
('https://www.sainsburys.co.uk/shop/gb/groceries/product/details/all-price-lock/oxo-stock-cubes--beef-x24-142g', 'Oxo Beef Stock Cubes x24 142g', '£2.00', '£1.41 / 100g')
('https://www.sainsburys.co.uk/shop/gb/groceries/product/details/all-price-lock/sainsburys-tie-handle-refuse-sacks-x20', "Sainsbury's Tie Handle Refuse Sacks x20", '£2.25', '11p / ea')
('https://www.sainsburys.co.uk/shop/gb/groceries/product/details/all-price-lock/sainsburys-french-brandy--3-year-old-70cl', 'Napoleon Brandy VSOP 70cl', '£11.50', '£16.43 / ltr')
('https://www.sainsburys.co.uk/shop/gb/groceries/product/details/all-price-lock/sainsburys-3-year-old-french-brandy-1l', 'Napoleon Brandy VSOP 1L', '£16.00', '£16.00 / ltr')
('https://www.sainsburys.co.uk/shop/gb/groceries/product/details/all-price-lock/sainsburys-sauce-flour-500g', "Sainsbury's Sauce Flour 500g", '65p', '£1.30 / kg')
('https://www.sainsburys.co.uk/shop/gb/groceries/product/details/all-price-lock/sainsburys-beef-casserole-400g', "Sainsbury's Beef Casserole 400g", '£1.50', '£3.75 / kg')
('https://www.sainsburys.co.uk/shop/gb/groceries/product/details/all-price-lock/sainsburys-pea---ham-soup-400g', "Sainsbury's Pea & Ham Soup 400g", '45p', '11p / 100g')
('https://www.sainsburys.co.uk/shop/gb/groceries/product/details/all-price-lock/meridian-crunchy-peanut-butter-1kg', 'Meridian Crunchy Peanut Butter 1kg', '£6.50', '65p / 100g')
('https://www.sainsburys.co.uk/shop/gb/groceries/product/details/all-price-lock/robinsons-orange-2l', 'Robinsons Orange Squash No Added Sugar 2L', '£2.00', '10p / 100ml')
('https://www.sainsburys.co.uk/shop/gb/groceries/product/details/all-price-lock/gourmet-mon-petit-cat-food-pouches-duo-mixed-6-x-50g-7788165-p', 'Gourmet Mon Petit Cat Food Pouches Duo Mixed 6 X 50g', '£1.60', '£5.33 / kg')
('https://www.sainsburys.co.uk/shop/gb/groceries/product/details/all-price-lock/domestos-power-5-ocean-55g', 'Domestos Power 5 Toilet Rim Block Ocean x1 55g', '£1.00', '£1.00 / ea')
('https://www.sainsburys.co.uk/shop/gb/groceries/product/details/all-price-lock/always-ultra-single-long-x12', 'Always Ultra Long (Size 2) Sanitary Towels Wings x12', '£1.50', '13p / ea')
('https://www.sainsburys.co.uk/shop/gb/groceries/product/details/all-price-lock/sainsburys-freefrom-express-pure-oats-216g', "Sainsbury's Deliciously Free From Express Pure Oats 8x27g", '£2.20', '£1.02 / 100g')
('https://www.sainsburys.co.uk/shop/gb/groceries/product/details/all-price-lock/ellas-cottage-pie-130g-7-month', "Ella's Kitchen Organic Cottage Pie Baby Pouch 7+ Months 130g", '£1.30', '£1.00 / 100g')
('https://www.sainsburys.co.uk/shop/gb/groceries/product/details/all-price-lock/sainsburys-courgetti-300g', "Sainsbury's Courgetti 300g", '£1.25', '£4.17 / kg')
('https://www.sainsburys.co.uk/shop/gb/groceries/product/details/all-price-lock/sainsburys-salmon-fillets-780g', "Sainsbury's Salmon Fillets 720g", '£9.25', '£12.85 / kg')
('https://www.sainsburys.co.uk/shop/gb/groceries/product/details/all-price-lock/betty-crocker-swirly-chocolate-cake-mix-425g', 'Betty Crocker Chocolate Swirl Cake Mix 425g', '£2.00', '47p / 100g')
('https://www.sainsburys.co.uk/shop/gb/groceries/product/details/all-price-lock/jacobs-cracker-crisp-salt---vinegar-150g', "Jacob's Cracker Crisps Salt & Vinegar 150g", '£1.00', '67p / 100g')
('https://www.sainsburys.co.uk/shop/gb/groceries/product/details/all-price-lock/good-boy-chewy-twists-with-chicken-320g', 'Good Boy Pawsley & Co Chewy Twists with Chicken Dog Treats 320g', '£7.50', '£23.44 / kg')
('https://www.sainsburys.co.uk/shop/gb/groceries/product/details/smokedsalmon/sainsburys-king-prawn-cocktail-taste-the-difference-452g-7988668-p-44', "Sainsbury's King Prawn Cocktail, Taste the Difference 452g", '£10.00', '£2.21 / 100g')
('https://www.sainsburys.co.uk/shop/gb/groceries/product/details/ready-to-cook-fish/sainsburys-cod---minted-pea-crush-370g', "Sainsbury's Cod & Minted Pea Crush x2 370g", '£3.75', '£10.14 / kg')
('https://www.sainsburys.co.uk/shop/gb/groceries/product/details/ready-to-cook-fish/sainsburys-lemon---herb-infused-salmon-flts-220g', "Sainsbury's Salmon Lemon & Herb x2 220g", '£4.75', '£21.59 / kg')
('https://www.sainsburys.co.uk/shop/gb/groceries/product/details/ready-to-cook-fish/sainsburys-cajun-hake-fillets-230g', "Sainsbury's Cape Hake Fillets Cajun x2 230g", '£4.00', '£17.39 / kg')
('https://www.sainsburys.co.uk/shop/gb/groceries/product/details/ready-to-cook-fish/sainsburys-scallop-gratin-taste-the-difference-200g', "Sainsbury's Scallop Gratin, Taste the Difference 200g", '£3.75', '£1.88 / 100g')
('https://www.sainsburys.co.uk/shop/gb/groceries/product/details/ready-to-cook-fish/sainsburys-sweet-chilli-butter-scottish-salmon-fillets-x2-250g', "Sainsbury's Sweet Chilli Butter Scottish Salmon Fillets x2 250g", '£4.00', '£16.00 / kg')
('https://www.sainsburys.co.uk/shop/gb/groceries/product/details/ready-to-cook-fish/sainsburys-scottish-salmon-spinach-cheddar-en-croute-taste-the-difference-x2-470g', "Sainsbury's Scottish Salmon, Spinach & Cheddar En Croute, Taste the Difference x2 470g", '£4.75', '£10.11 / kg')
('https://www.sainsburys.co.uk/shop/gb/groceries/product/details/ready-to-cook-fish/sainsburys-smoked-haddock-chowder--taste-the-difference-240g', "Sainsbury's Smoked Haddock Chowder, Taste the Difference x2 240g", '£3.75', '£1.56 / 100g')
('https://www.sainsburys.co.uk/shop/gb/groceries/product/details/ready-to-cook-fish/sainsburys-parsley-sauce-300g', "Sainsbury's Parsley Sauce 300g", '£1.60', '53p / 100g')
('https://www.sainsburys.co.uk/shop/gb/groceries/product/details/ready-to-cook-fish/sainsburys-hollandaise-sauce-125g', "Sainsbury's Hollandaise Sauce 125g", '£1.30', '£1.04 / 100g')
('https://www.sainsburys.co.uk/shop/gb/groceries/product/details/ready-to-cook-fish/j-james-cod-in-parsley-sauce-380g', 'J. James Cod In Parsley Sauce 380g', '£2.99', '£7.87 / kg')
('https://www.sainsburys.co.uk/shop/gb/groceries/product/details/ready-to-cook-fish/whitby-jumbo-scampi-200g', 'Whitby Jumbo Scampi 200g', '£3.25', '£16.25 / kg')
('https://www.sainsburys.co.uk/shop/gb/groceries/product/details/ready-to-cook-fish/sainsburys-scottish-mussels-in-garlic-butter-500g', "Sainsbury's Scottish Mussels In Garlic Butter 500g (Serves 2)", '£2.25', '£4.50 / kg')
('https://www.sainsburys.co.uk/shop/gb/groceries/product/details/ready-to-cook-fish/harbour-salmon-co-salmon-fillet-infusions-ginger-chilli-lime-220g', 'Harbour Salmon Co. Salmon Fillet Infusions Ginger, Chilli & Lime 220g', '£3.75', '£17.05 / kg')
('https://www.sainsburys.co.uk/shop/gb/groceries/product/details/ready-to-cook-fish/sainsburys-smoked-haddock-encroute-with-a-cheddar-cheese-spinach-sauce-380g', "Sainsbury's Smoked Haddock Encroute with a Cheddar Cheese & Spinach Sauce 380g", '£4.00', '£10.53 / kg')
('https://www.sainsburys.co.uk/shop/gb/groceries/product/details/ready-to-cook-fish/sainsburys-smokey-salt---pepper-squid-rings-100g', "Sainsbury's Smokey Salt & Pepper Squid Rings 100g", '£2.75', '£2.75 / 100g')
('https://www.sainsburys.co.uk/shop/gb/groceries/product/details/ready-to-cook-fish/whitby-breaded-calamari-rings-200g', 'Whitby Breaded Calamari Rings 200g', '£3.00', '£15.00 / kg')
('https://www.sainsburys.co.uk/shop/gb/groceries/product/details/ready-to-cook-fish/sainsburys-seabass-with-asian-marinade-210g', "Sainsbury's Sea Bass Fillets with Soy, Chilli and Ginger x2 205g", '£4.00', '£19.05 / kg')
('https://www.sainsburys.co.uk/shop/gb/groceries/product/details/ready-to-cook-fish/harbour-salmon-co-salmon-fillet-infusions-red-thai-220g', 'Harbour Salmon Co. Salmon Fillet Infusions Red Thai 220g', '£3.75', '£17.05 / kg')
('https://www.sainsburys.co.uk/shop/gb/groceries/product/details/ready-to-cook-fish/sainsburys-scallop---prawn-bisque--taste-the-difference-240g', "Sainsbury's Scallop & Prawn Bisque, Taste the Difference 240g", '£4.50', '£1.88 / 100g')
('https://www.sainsburys.co.uk/shop/gb/groceries/product/details/ready-to-cook-fish/sainsburys-watercress-sauce-300g', "Sainsbury's Watercress Sauce 300g", '£1.60', '53p / 100g')
('https://www.sainsburys.co.uk/shop/gb/groceries/product/details/ready-to-cook-fish/sainsburys-just-cook-scottish-salmon-en-croute-380g', "Sainsbury's Just Cook Scottish Salmon En Croute 380g (Serves 2)", '£4.50', '£11.84 / kg')
('https://www.sainsburys.co.uk/shop/gb/groceries/product/details/ready-to-cook-fish/sainsburys-scottish-mussels-in-white-wine-500g', "Sainsbury's Scottish Mussels In White Wine 500g (Serves 2)", '£2.25', '£4.50 / kg')
('https://www.sainsburys.co.uk/shop/gb/groceries/product/details/ready-to-cook-fish/sainsburys-cheddar-chive-butter-smoked-haddock-fillets-x2-240g', "Sainsbury's Cheddar & Chive Butter Smoked Haddock Fillets x2 240g", '£4.00', '£16.67 / kg')
('https://www.sainsburys.co.uk/shop/gb/groceries/product/details/ready-to-cook-fish/sainsburys-beer-battered-haddock-goujons-200g', "Sainsbury's Beer Battered Haddock Goujons 200g", '£2.95', '£14.75 / kg')
('https://www.sainsburys.co.uk/shop/gb/groceries/product/details/all-beef/sainsburys-british-silverside-diced-beef-taste-the-difference-500g', "Sainsbury's British Silverside Diced Beef, Taste the Difference 500g", '£5.00', '£10.00 / kg')
('https://www.sainsburys.co.uk/shop/gb/groceries/product/details/all-beef/sainsburys-3-fat-beef-mince-500g', "Sainsbury's 3% Fat Beef Mince 500g", '£4.50', '£9.00 / kg')
('https://www.sainsburys.co.uk/shop/gb/groceries/product/details/all-beef/sainsburys-beef-bourguignon-casserole-taste-the-difference-500g', "Sainsbury's Beef Bourguignon Casserole, Taste the Difference 500g", '£8.00', '£16.00 / kg')
('https://www.sainsburys.co.uk/shop/gb/groceries/product/details/all-beef/sainsburys-lean-diced-beef-taste-the-difference-400g-7917255-p-44', "Sainsbury's British Silverside Diced Beef, Taste the Difference 400g", '£4.00', '£10.00 / kg')
('https://www.sainsburys.co.uk/shop/gb/groceries/product/details/all-beef/sainsburys-beef-joint-cw-organic', "Sainsbury's Organic Beef Joint (approx. 1.05kg)", '£16.20', '£1.35 / 100g')
('https://www.sainsburys.co.uk/shop/gb/groceries/product/details/all-beef/sainsburys-stir-fry-beef-350g', "Sainsbury's Stir Fry Beef 350g", '£3.50', '£10.00 / kg')
('https://www.sainsburys.co.uk/shop/gb/groceries/product/details/all-beef/gilberts-kosher-foods-pickled-salt-beef-brisket-18kg', "Gilbert's Kosher Foods Pickled Salt Beef Brisket 1.8kg", '£15.00', '75p / 100g')
('https://www.sainsburys.co.uk/shop/gb/groceries/product/details/all-beef/sainsburys-oak-smoked-burgers-taste-the-difference-340g', "Sainsbury's Oak Smoked Burgers, Taste the Difference 340g", '£3.00', '£8.82 / kg')
('https://www.sainsburys.co.uk/shop/gb/groceries/product/details/all-beef/sainsburys-sweet-chilli-british-beef-kebabs-summer-edition-x6-360g', "Sainsbury's Sweet Chilli British Beef Kebabs, Summer Edition x6 360g", '£3.25', '£9.03 / kg')
('https://www.sainsburys.co.uk/shop/gb/groceries/product/details/all-beef/sainsburys-extra-lean-diced-beef-400g', "Sainsbury's Extra Lean Diced Beef 400g", '£3.20', '£8.00 / kg')
('https://www.sainsburys.co.uk/shop/gb/groceries/product/details/all-beef/sainsburys-21-day-matured-british-beef-topside-joint-with-salt-pepper-seasoning-375g', 'Sainsburys 21 Day Matured British Beef Topside Joint with Salt & Pepper Seasoning 375g', '£4.00', '£10.67 / kg')
('https://www.sainsburys.co.uk/shop/gb/groceries/product/details/all-beef/sainsburys-bone-in-sirloin-steak--taste-the-difference', "Sainsbury's 30 day Matured Bone in British Beef Sirloin Steak, Taste the Difference (approx.700g)", '£20.00 / kg', '£2.00 / 100g')
('https://www.sainsburys.co.uk/shop/gb/groceries/product/details/all-beef/sainsburys-picanha-steak--taste-the-difference-225g', "Sainsbury's 30 Day Matured Picanha Steak, Taste the Difference 225g", '£4.50', '£20.00 / kg')
('https://www.sainsburys.co.uk/shop/gb/groceries/product/details/all-future-brands/sanctuary-spa-1-minute-daily-glow-mask-75-ml', 'Sanctuary Spa 1 Minute Daily Glow Mask 75 ml', '£7.00', '£9.34 / 100ml')
('https://www.sainsburys.co.uk/shop/gb/groceries/product/details/all-future-brands/sanctuary-spa-beauty-sleep-recovery-mask-75ml', 'Sanctuary Spa Beauty Sleep Recovery Mask 75ml', '£7.00', '£9.34 / 100ml')
('https://www.sainsburys.co.uk/shop/gb/groceries/product/details/all-future-brands/kevita-master-brew-kombucha-pineapple-peach-450ml', 'KeVita Master Brew Kombucha Pineapple Peach 450ml', '£3.00', '67p / 100ml')
('https://www.sainsburys.co.uk/shop/gb/groceries/product/details/all-future-brands/little-freddie-organic-chicken-and-ratatouille-linguine-stage-2-7m-130g-7958121-p', 'Little Freddie Organic Chicken and Ratatouille Linguine Stage 2 +7m 130g', '£1.75', '£1.35 / 100g')
('https://www.sainsburys.co.uk/shop/gb/groceries/product/details/all-future-brands/bantam-fairtrade-mexico-wholebean-coffee-200g', 'Bantam DR Congo Coffee Beans 200g', '£3.50', '£1.75 / 100g')
('https://www.sainsburys.co.uk/shop/gb/groceries/product/details/all-future-brands/smith-england-gloss-shine-expert-oil-75ml-7952213-p', 'Smith England Gloss Shine Expert Oil 75ml', '£8.00', '£10.67 / 100ml')
('https://www.sainsburys.co.uk/shop/gb/groceries/product/details/all-future-brands/super-facialist-for-men-deep-cleanse-face-mask-125ml', 'Super Facialist for Men Deep Cleanse Face Mask 125ml', '£9.00', '£7.20 / 100ml')
('https://www.sainsburys.co.uk/shop/gb/groceries/product/details/all-future-brands/union-gajah-mountain-coffee-beans-200g', 'Union Gajah Mountain Coffee Beans 200g', '£5.50', '£2.75 / 100g')
('https://www.sainsburys.co.uk/shop/gb/groceries/product/details/all-future-brands/sainsburys-love-your-veg!-chorizo-style-shroomdogs-280g', 'Plant Pioneers Chorizo Shroomdogs x8 280g', '£2.25', '£8.04 / kg')
('https://www.sainsburys.co.uk/shop/gb/groceries/product/details/all-future-brands/lazy-vegan-ready-provençale-meal-350g', 'Lazy Vegan Ready Provençale Meal 350g', '£3.00', '£8.57 / kg')
('https://www.sainsburys.co.uk/shop/gb/groceries/product/details/all-future-brands/yoni-organic-cotton-applicator-tampon-regular-x-16', 'Yoni Organic Cotton Applicator Tampons Medium x16', '£3.50', '22p / ea')
('https://www.sainsburys.co.uk/shop/gb/groceries/product/details/all-future-brands/tribe-infinity-choc-salt-caramel-50g', 'Tribe Infinity Choc Salt Caramel 50g', '£1.70', '34p / 10g')
('https://www.sainsburys.co.uk/shop/gb/groceries/product/details/all-future-brands/sainsburys-vegetarian-mini-sausage-rolls-494g', 'Plant Pioneers Meat Free Mini Sausage Rolls 494g', '£1.75', '£3.54 / kg')
('https://www.sainsburys.co.uk/shop/gb/groceries/product/details/all-future-brands/the-collection-48hr-protection-cotton-mist-clean-floral-scent-anti-perspirant-for-women-50ml', 'The Collection 48hr Protection Cotton Mist Clean Floral Scent Anti-Perspirant for Women 50ml', '85p', '£1.70 / 100ml')
('https://www.sainsburys.co.uk/shop/gb/groceries/product/details/all-future-brands/beautypro-purifying-3d-clay-mask-with-activated-charcoal-18g', 'BeautyPro Purifying 3D Clay Mask with Activated Charcoal 18g', '£6.00', '£33.33 / 100ml')
('https://www.sainsburys.co.uk/shop/gb/groceries/product/details/all-future-brands/super-facialist-vitamin-c-brighten-sleep-reveal-night-cream-50ml', 'Super Facialist Vitamin C+ Brighten Sleep & Reveal Night Cream 50ml', '£16.00', '£32.00 / 100ml')
('https://www.sainsburys.co.uk/shop/gb/groceries/product/details/all-future-brands/dirty-works-glitterbug', 'Dirty Works Glitterbug', '£6.00', '£6.00 / ea')
('https://www.sainsburys.co.uk/shop/gb/groceries/product/details/all-future-brands/odysea-greek-big-kalamata-pitted-olives', 'Odysea Greek Big Kalamata Pitted Olives', '£2.00', '69p / 100g')
('https://www.sainsburys.co.uk/shop/gb/groceries/product/details/all-future-brands/beco-foaming-hand-wash-honey-blossom-250ml', 'Beco Foaming Hand Wash Honey Blossom 250ml', '£3.50', '£1.40 / 100ml')
('https://www.sainsburys.co.uk/shop/gb/groceries/product/details/all-future-brands/dirty-works-sleep-easy-night-time-duo', 'Dirty Works Sleep Easy Night Time Duo', '£3.50', '£3.50 / ea')
('https://www.sainsburys.co.uk/shop/gb/groceries/product/details/all-future-brands/the-curators-beef-jerky-sweet-smoky-30g', 'The Curators Original Beef Jerky 28g', '£1.75', '£6.25 / 100g')
('https://www.sainsburys.co.uk/shop/gb/groceries/product/details/all-future-brands/the-collection-honey-handwash-250ml', 'The Collection Honey Handwash 250ml', '85p', '34p / 100ml')
('https://www.sainsburys.co.uk/shop/gb/groceries/product/details/all-future-brands/boutique-blusher-brush', 'Boutique Blusher Brush', '£4.00', '£4.00 / ea')
('https://www.sainsburys.co.uk/shop/gb/groceries/product/details/all-future-brands/boutique-make-up-bag', 'Boutique Make Up Bag', '£5.00', '£5.00 / ea')
('https://www.sainsburys.co.uk/shop/gb/groceries/product/details/all-future-brands/boutique-glass-nail-file', 'Boutique Glass Nail File', '£3.00', '£3.00 / ea')
('https://www.sainsburys.co.uk/shop/gb/groceries/product/details/all-future-brands/seriously-good-to-satsuma-mini-treats', 'Seriously Good To... Satsuma Mini Treats', '£3.50', '£3.50 / ea')
('https://www.sainsburys.co.uk/shop/gb/groceries/product/details/all-future-brands/sauce-shop-south-carolina-bbq-sauce-255ml', 'Sauce Shop South Carolina BBQ Sauce 255ml', '£3.00', '£1.18 / 100g')
('https://www.sainsburys.co.uk/shop/gb/groceries/product/details/all-future-brands/happy-naturals-colour-care-conditioner-coconut-rooibos-300ml', 'Happy Naturals Colour Care Conditioner Coconut & Rooibos 300ml', '£4.00', '£1.33 / 100ml')
('https://www.sainsburys.co.uk/shop/gb/groceries/product/details/all-future-brands/boutique-nail-polish-top-coat-10ml', 'Boutique Nail Polish Top Coat 10ml', '£3.00', '£3.00 / 10ml')
('https://www.sainsburys.co.uk/shop/gb/groceries/product/details/all-future-brands/boutique-flawless-hydrating-illuminating-primer-30ml', 'Boutique Flawless Hydrating Illuminating Primer 30ml', '£5.00', '£1.67 / 10ml')
('https://www.sainsburys.co.uk/shop/gb/groceries/product/details/all-future-brands/boutique-convertible-eye-cheek-jelly-pearl', 'Boutique Convertible Eye & Cheek Jelly Pearl', '£4.00', '£4.00 / ea')
('https://www.sainsburys.co.uk/shop/gb/groceries/product/details/all-future-brands/boutique-moisturising-concealer-light-5ml', 'Boutique Moisturising Concealer Vanilla', '£3.00', '£6.00 / 10ml')
('https://www.sainsburys.co.uk/shop/gb/groceries/product/details/all-future-brands/boutique-illuminating-drops-pink-12ml', 'Boutique Illuminating Drops Pink 12ml', '£4.00', '£4.76 / 10g')
('https://www.sainsburys.co.uk/shop/gb/groceries/product/details/all-future-brands/boutique-contouring-palette-light-17g', 'Boutique Contouring Palette Light 17g', '£5.00', '£2.78 / 10g')
('https://www.sainsburys.co.uk/shop/gb/groceries/product/details/all-future-brands/boutique-contouring-palette-dark-18g', 'Boutique Contouring Palette Dark 18g', '£5.00', '£2.78 / 10g')
('https://www.sainsburys.co.uk/shop/gb/groceries/product/details/all-future-brands/boutique-serum-foundation-amber-30ml', 'Boutique Serum Foundation Amber 30ml', '£5.00', '£1.67 / 10ml')
('https://www.sainsburys.co.uk/shop/gb/groceries/product/details/all-future-brands/boutique-serum-foundation-ivory-30ml', 'Boutique Serum Foundation Vanilla', '£5.00', '£1.67 / 10ml')
('https://www.sainsburys.co.uk/shop/gb/groceries/product/details/all-future-brands/boutique-eyebrow-kit-light-to-medium', 'Boutique Eyebrow Kit Light to Medium 7.5g', '£4.00', '£4.44 / 10g')
('https://www.sainsburys.co.uk/shop/gb/groceries/product/details/all-future-brands/boutique-HD-eyebrow-pencil-dark', 'Boutique HD Eyebrow Pencil Dark', '£2.00', '£2.00 / ea')
('https://www.sainsburys.co.uk/shop/gb/groceries/product/details/all-future-brands/boutique-moisturising-lipstick-red-velvet', 'Boutique Moisturising Lipstick Red Velvet', '£3.00', '£3.00 / ea')
('https://www.sainsburys.co.uk/shop/gb/groceries/product/details/all-future-brands/boutique-lip-liner-berry', 'Boutique Lip Liner Berry', '£2.00', '£2.00 / ea')
('https://www.sainsburys.co.uk/shop/gb/groceries/product/details/vitamins-and-supplements-/equazen-eye-q-capsules-x60', 'Equazen Capsules x60', '£9.50', '16p / tblt')
('https://www.sainsburys.co.uk/shop/gb/groceries/product/details/vitamins-and-supplements-/pregnacare-capsules-x30', 'Pregnacare Capsules x30', '£4.00', '13p / tblt')
('https://www.sainsburys.co.uk/shop/gb/groceries/product/details/vitamins-and-supplements-/vitabiotics-wellbio-live-cultures-10-billion-microbiotic-cultures-30-capsules', 'Vitabiotics Wellbio Live Cultures 10 Billion Microbiotic Cultures 30 Capsules', '£16.95', '57p / tblt')
('https://www.sainsburys.co.uk/shop/gb/groceries/product/details/vitamins-and-supplements-/bach-rescue-night-spray-20ml-7939533-p-44', 'Bach Rescue Night Spray 20ml', '£10.50', '53p / ea')
('https://www.sainsburys.co.uk/shop/gb/groceries/product/details/vitamins-and-supplements-/vitabiotics-perfectil-plus-skin-extra-support-tabs-caps-x56', 'Vitabiotics Perfectil Plus Skin Extra Support Tabs/Caps x56', '£17.00', '30p / tblt')
('https://www.sainsburys.co.uk/shop/gb/groceries/product/details/vitamins-and-supplements-/vitabiotics-ultra-vitamin-c-1000mg-fizz-natural-orange-flavour-tablets-x20', 'Vitabiotics Ultra Vitamin C 1000mg Fizz Natural Orange Flavour Tablets x20', '£4.50', '23p / tblt')
('https://www.sainsburys.co.uk/shop/gb/groceries/product/details/vitamins-and-supplements-/spatone-liquid-iron-supplement-with-vitamin-c-sachets-28x25ml-700ml', 'Spatone Liquid Iron Supplement with Vitamin C Sachets (28x25ml) 700ml', '£12.50', '£12.50 / ea')
('https://www.sainsburys.co.uk/shop/gb/groceries/product/details/vitamins-and-supplements-/spatone-liquid-iron-supplement-with-vitamin-c-14x25ml-350ml', 'Spatone Liquid Iron Supplement with Vitamin C (14x25ml) 350ml', '£8.00', '£8.00 / ea')
('https://www.sainsburys.co.uk/shop/gb/groceries/product/details/vitamins-and-supplements-/spatone-liquid-iron-sachets-14x25ml-350ml', 'Spatone Liquid Iron Sachets (14x25ml) 350ml', '£8.00', '£8.00 / ea')
('https://www.sainsburys.co.uk/shop/gb/groceries/product/details/vitamins-and-supplements-/sainsburys-starflower-oil-1000mg-x-60', "Sainsbury's Women's Starflower Oil 1000mg One A Day x60 Capsules", '£6.00', '10p / ea')
('https://www.sainsburys.co.uk/shop/gb/groceries/product/details/vitamins-and-supplements-/jointace-original-tablets-x90', 'Jointace Original Tablets x90', '£16.00', '18p / ea')
('https://www.sainsburys.co.uk/shop/gb/groceries/product/details/vitamins-and-supplements-/bassetts-adult-multivitamin--raspberry---pomegranate-x30', 'Bassetts Vitamins Multivitamins Raspberry & Pomegranate Flavour One A Day Adult Soft & Chewies x30', '£4.50', '15p / ea')
('https://www.sainsburys.co.uk/shop/gb/groceries/product/details/vitamins-and-supplements-/berocca-effervescent--mango-x15-7712412-p-44', 'Berocca Mango Energy Vitamin Tablets x15', '£4.50', '30p / ea')
('https://www.sainsburys.co.uk/shop/gb/groceries/product/details/vitamins-and-supplements-/redoxon-immune-support-x15', 'Redoxon Orange Immune Support Vitamin C Tablets x15', '£5.00', '33p / ea')
('https://www.sainsburys.co.uk/shop/gb/groceries/product/details/vitamins-and-supplements-/centrum-for-women-50-x30', 'Centrum For Women 50+ x30', '£6.00', '20p / ea')
('https://www.sainsburys.co.uk/shop/gb/groceries/product/details/vitamins-and-supplements-/seven-seas-pregnancy-multivitamin-x28', 'Seven Seas Pregnancy Multivitamin Tablets x28', '£3.50', '13p / ea')
('https://www.sainsburys.co.uk/shop/gb/groceries/product/details/vitamins-and-supplements-/centrum-advance-for-women-x30', 'Centrum Advance For Women x30', '£5.00', '17p / ea')
('https://www.sainsburys.co.uk/shop/gb/groceries/product/details/vitamins-and-supplements-/sainsburys-effervescent-multivitamins-x20', "Sainsbury's Effervescent Multivitamins x20", '£2.15', '11p / ea')
('https://www.sainsburys.co.uk/shop/gb/groceries/product/details/vitamins-and-supplements-/sainsburys-effervescent-energising-x20', "Sainsbury's Effervescent Energising x20", '£2.15', '11p / ea')
('https://www.sainsburys.co.uk/shop/gb/groceries/product/details/vitamins-and-supplements-/sainsburys-glucosaminesulphate---vitamin-c-x90-500mg', "Sainsbury's Glucosamine Sulphate & Vitamin C x90 500mg", '£4.00', '4p / ea')
('https://www.sainsburys.co.uk/shop/gb/groceries/product/details/vitamins-and-supplements-/sainsburys-glucosamine--chondroitin---vitamin-c-x60', "Sainsbury's Glucosamine, Chondroitin & Vitamin C x60", '£7.50', '13p / ea')
('https://www.sainsburys.co.uk/shop/gb/groceries/product/details/vitamins-and-supplements-/sainsburys-vitamin-c---zinc-x60', "Sainsbury's Vitamin C & Zinc x60", '£2.00', '3p / ea')
('https://www.sainsburys.co.uk/shop/gb/groceries/product/details/womens-health--/centrum-performance-x30', 'Centrum Performance x30', '£5.50', '18p / tblt')
('https://www.sainsburys.co.uk/shop/gb/groceries/product/details/womens-health--/perfectil-capsules-x30', 'Perfectil Capsules x30', '£5.50', '18p / tblt')
('https://www.sainsburys.co.uk/shop/gb/groceries/product/details/womens-health--/centrum-multigummies-energy-release-food-supplement-x30', 'Centrum MultiGummies Energy Release Food Supplement x30', '£6.50', '22p / tblt')
('https://www.sainsburys.co.uk/shop/gb/groceries/product/details/womens-health--/pregnacare-new-mum-tablets-x56', 'Pregnacare New Mum Tablets x56', '£12.00', '21p / ea')
('https://www.sainsburys.co.uk/shop/gb/groceries/product/details/womens-health--/centrum-fruity-chewables-x30', 'Centrum Fruity Chewables x30', '£5.00', '17p / tblt')
('https://www.sainsburys.co.uk/shop/gb/groceries/product/details/womens-health--/metatone-tonic-original-500ml', 'Metatone 500ml', '£6.50', '£1.30 / 100ml')
('https://www.sainsburys.co.uk/shop/gb/groceries/product/details/womens-health--/vitabiotics-pregnacare-60-natural-strawberry-flavour-gummies', 'Vitabiotics Pregnacare 60 Natural Strawberry Flavour Gummies', '£13.95', '23p / tblt')
('https://www.sainsburys.co.uk/shop/gb/groceries/product/details/womens-health--/centrum-multigummies-immunity-support-food-supplement-x30', 'Centrum MultiGummies Immunity Support Food Supplement x30', '£6.50', '22p / tblt')
('https://www.sainsburys.co.uk/shop/gb/groceries/product/details/womens-health--/centrum-multigummies-energy-release-food-supplement-x60', 'Centrum MultiGummies Energy Release Food Supplement X60', '£12.50', '21p / tblt')
('https://www.sainsburys.co.uk/shop/gb/groceries/product/details/womens-health--/centrum-advance-multivitamin-tablets-x60', 'Centrum Advance Multivitamin Tablets x60', '£8.00', '£8.00 / ea')
('https://www.sainsburys.co.uk/shop/gb/groceries/product/details/womens-health--/vitabiotics-wellteen-her-plus-13-19-years-dual-pack-tablets-capsules-x56', 'Vitabiotics Wellteen Her Plus 13-19 Years Dual Pack Tablets/Capsules x56', '£12.50', '22p / tblt')
('https://www.sainsburys.co.uk/shop/gb/groceries/product/details/womens-health--/vitabiotics-ultra-cranberry-750mg-extract-super-strength-tablets-x96', 'Vitabiotics Ultra Cranberry 750mg Extract Super Strength Tablets x96', '£7.50', '25p / tblt')
('https://www.sainsburys.co.uk/shop/gb/groceries/product/details/womens-health--/multibionta-50-complete-multivitamin-with-biotic-cultures-and-minerals-x90-tablets', 'Multibionta 50+ Multivitamin with Biotic Cultures Tablets x28', '£15.00', '17p / ea')
('https://www.sainsburys.co.uk/shop/gb/groceries/product/details/womens-health--/sainsburys-cranberry-x30-400mg', "Sainsbury's Cranberry Supplement x30 400mg", '£3.50', '12p / ea')
('https://www.sainsburys.co.uk/shop/gb/groceries/product/details/womens-health--/pregnacare-plus-x60', 'Vitabiotics Pregnacare Plus x60', '£12.00', '20p / ea')
('https://www.sainsburys.co.uk/shop/gb/groceries/product/details/womens-health--/centrum-advance-x30', 'Centrum Advance x30', '£4.50', '15p / ea')
('https://www.sainsburys.co.uk/shop/gb/groceries/product/details/womens-health--/centrum-performance-x60', 'Centrum Performance x60', '£9.00', '15p / tblt')
('https://www.sainsburys.co.uk/shop/gb/groceries/product/details/womens-health--/hairburst-unicorn-vegan-hair-vitamins-30-day-supply-60-pastilles', 'Hairburst Unicorn Vegan Hair Vitamins 30 Day Supply 60 Pastilles', '£25.00', '83p / tblt')
('https://www.sainsburys.co.uk/shop/gb/groceries/product/details/easter-special-offers/belvoir-raspberry-lemonade-750ml', 'Belvoir Raspberry Lemonade 750ml (Sugar levy applied)', '£2.70', '36p / 100ml')
('https://www.sainsburys.co.uk/shop/gb/groceries/product/details/easter-special-offers/shloer-white-grape-sparkling-juice-750ml', 'Shloer White Grape Sparkling Juice Drink 750ml', '£2.20', '29p / 100ml')
('https://www.sainsburys.co.uk/shop/gb/groceries/product/details/easter-special-offers/sainsburys-chilean-sauvignon-blanc--taste-the-difference-75cl', "Sainsbury's Chilean Sauvignon Blanc, Taste the Difference 75cl", '£7.50', '£7.50 / 75cl')
('https://www.sainsburys.co.uk/shop/gb/groceries/product/details/easter-special-offers/sainsburys-just-cook-garlic-chicken-crown-530g', "Sainsbury's Just Cook British Chicken Crown with Garlic & Herb Butter 525g (Serves 3)", '£3.75', '£7.14 / kg')
('https://www.sainsburys.co.uk/shop/gb/groceries/product/details/easter-special-offers/brancott-estate-sauvignon-blanc-75cl', 'Brancott Estate Sauvignon Blanc 75cl', '£7.00', '£7.00 / 75cl')
('https://www.sainsburys.co.uk/shop/gb/groceries/product/details/easter-special-offers/three-barrels-vsop-brandy-70cl', 'Three Barrels VSOP Brandy 70cl', '£15.00', '£21.43 / ltr')
('https://www.sainsburys.co.uk/shop/gb/groceries/product/details/easter-special-offers/sainsburys-apple-strudel-x2-600g-serves-6-', "Sainsbury's Apple Strudel x2 600g (Serves 6)", '£1.60', '27p / 100g')
('https://www.sainsburys.co.uk/shop/gb/groceries/product/details/easter-special-offers/sainsburys-mandarin-cheesecake-dessert-510g-serves-6-', "Sainsbury's Mandarin Cheesecake Dessert 510g (serves 6)", '£1.75', '35p / 100g')
('https://www.sainsburys.co.uk/shop/gb/groceries/product/details/easter-special-offers/sainsburys-crispy-potato-slices-400g', "Sainsbury's Crispy Potato Slices 350g", '£1.80', '£5.14 / kg')
('https://www.sainsburys.co.uk/shop/gb/groceries/product/details/easter-special-offers/sainsburys-shelled-peas-160g', "Sainsbury's Shelled Peas 160g", '£1.40', '£8.75 / kg')
('https://www.sainsburys.co.uk/shop/gb/groceries/product/details/easter-special-offers/sainsburys-broccoli-florets-160g', "Sainsbury's Broccoli Florets 160g", '90p', '£5.63 / kg')
('https://www.sainsburys.co.uk/shop/gb/groceries/product/details/easter-special-offers/sainsburys-yorkshire-puddings-x12-220g', "Sainsbury's Yorkshire Puddings x12 220g", '£1.20', '£5.45 / kg')
('https://www.sainsburys.co.uk/shop/gb/groceries/product/details/easter-special-offers/aunt-bessies-crinkle-cut-chips-907g', "Aunt Bessie's Crispy & Fluffy Crinkle Cut Chips 900g", '£1.25', '£1.39 / kg')
('https://www.sainsburys.co.uk/shop/gb/groceries/product/details/easter-special-offers/sainsburys-british-butterflied-lamb-leg-approx-663g-', "Sainsbury's British Butterflied Lamb Leg (approx. 663g)", '£12.50 / kg', '£1.25 / 100g')
('https://www.sainsburys.co.uk/shop/gb/groceries/product/details/easter-special-offers/sainsburys-peas--so-organic-750g', "Sainsbury's Peas, SO Organic 750g", '£2.50', '£3.33 / kg')
('https://www.sainsburys.co.uk/shop/gb/groceries/product/details/easter-special-offers/sainsburys-raspberry-pavlova-dessert-310g-serves-6-', "Sainsbury's Raspberry Pavlova Dessert 310g (Serves 6)", '£2.00', '65p / 100g')
('https://www.sainsburys.co.uk/shop/gb/groceries/product/details/easter-special-offers/sainsburys-lamb-whole-leg', "Sainsbury's Lamb Whole Leg", '£17.60', '£1.10 / 100g')
('https://www.sainsburys.co.uk/shop/gb/groceries/product/details/easter-special-offers/ben---jerrys-caramel-chew-chew-ice-cream-500ml', "Ben & Jerry's Ice Cream Caramel Chew Chew 465ml", '£3.00', '65p / 100ml')
('https://www.sainsburys.co.uk/shop/gb/groceries/product/details/easter-special-offers/sainsburys-breaded-plaice-fillets-x2-260g', "Sainsbury's Breaded Plaice Fillets x2 260g", '£2.50', '£9.62 / kg')
('https://www.sainsburys.co.uk/shop/gb/groceries/product/details/easter-special-offers/sainsburys-baby-courgettes-200g', "Sainsbury's Baby Courgettes 200g", '£1.75', '£8.75 / kg')
('https://www.sainsburys.co.uk/shop/gb/groceries/product/details/easter-special-offers/sainsburys-ready-prepared-baby-potatoes-with-seasoned-butter-385g', "Sainsbury's Baby Potatoes with Herbs & Butter 385g", '£1.00', '£2.60 / kg')
('https://www.sainsburys.co.uk/shop/gb/groceries/product/details/easter-special-offers/cadbury-bitsa-wispa-pouch-130g', 'Cadbury Bitsa Wispa Chocolate Bag 110g', '£1.50', '£1.36 / 100g')
('https://www.sainsburys.co.uk/shop/gb/groceries/product/details/easter-special-offers/nestle-milkybar-giant-chocolate-buttons-pouch-126g', 'Milkybar White Chocolate Giant Buttons Pouch 94g', '£1.00', '£1.07 / 100g')
('https://www.sainsburys.co.uk/shop/gb/groceries/product/details/easter-special-offers/sainsburys-parmentier-potatoes-400g', "Sainsbury's Parmentier Potatoes 400g (Serves 2)", '£2.00', '£5.00 / kg')
('https://www.sainsburys.co.uk/shop/gb/groceries/product/details/easter-special-offers/youngs-skinless---boneless-atlantic-cod-chunky-fillets-x4-00g', "Young's Skinless & Boneless Atlantic Cod Chunky Fillets x360g", '£4.25', '£11.81 / kg')
('https://www.sainsburys.co.uk/shop/gb/groceries/product/details/easter-special-offers/sainsburys-lighter-mature-cheddar-400g', "Sainsbury's Lighter Mature Cheese 400g", '£2.00', '£5.00 / kg')
('https://www.sainsburys.co.uk/shop/gb/groceries/product/details/easter-special-offers/m-ms-crispy-pouch-155g', "M&M's Crispy Chocolate Pouch Bag 107g", '£1.25', '£1.17 / 100g')
('https://www.sainsburys.co.uk/shop/gb/groceries/product/details/easter-special-offers/maltesers-pouch-121g', 'Maltesers Chocolate Pouch Bag 102g', '£1.25', '£1.22 / 100g')
('https://www.sainsburys.co.uk/shop/gb/groceries/product/details/easter-special-offers/alpro-original-chilled-milk-alternative-1l', 'Alpro Soya Chilled Drink 1L', '£1.55', '£1.55 / ltr')
('https://www.sainsburys.co.uk/shop/gb/groceries/product/details/all-mothers-day/sainsburys-azalea-tree-ceramic', "Sainsbury's Azalea Tree Ceramic", '£10.00', '£10.00 / ea')
('https://www.sainsburys.co.uk/shop/gb/groceries/product/details/all-mothers-day/green---blacks-chocolate--almond-100g', "Green & Black's Organic Milk Almond Chocolate Bar 90g", '£2.00', '£2.22 / 100g')
('https://www.sainsburys.co.uk/shop/gb/groceries/product/details/all-mothers-day/cape-bouquet', 'Cape Bouquet', '£10.00', '£10.00 / ea')
('https://www.sainsburys.co.uk/shop/gb/groceries/product/details/all-mothers-day/lindt-lindor-strawberries---cream-200g', 'Lindt Lindor Strawberries & Cream Chocolate Truffles Box 200g', '£4.00', '£2.00 / 100g')
('https://www.sainsburys.co.uk/shop/gb/groceries/product/details/all-mothers-day/bonne-maman-chocolate-madeleines-210g', 'Bonne Maman Chocolate Madeleines 210g', '£2.00', '95p / 100g')
('https://www.sainsburys.co.uk/shop/gb/groceries/product/details/all-mothers-day/teapigs-english-breakfast-tea-x15', 'Teapigs English Breakfast Tea Bags x15', '£4.15', '£8.30 / 100g')
('https://www.sainsburys.co.uk/shop/gb/groceries/product/details/all-mothers-day/mumm-cordon-rouge-champagne-brut-nv-75cl-3045565-p-44', 'Mumm Cordon Rouge Champagne Brut, Non Vintage 75cl', '£23.00', '£23.00 / 75cl')
('https://www.sainsburys.co.uk/shop/gb/groceries/product/details/all-mothers-day/sainsburys-closed-cup-white-mushrooms-300g', "Sainsbury's Closed Cup White Mushrooms 300g", '75p', '£2.50 / kg')
('https://www.sainsburys.co.uk/shop/gb/groceries/product/details/all-mothers-day/gressingham-foods-duck-breasts-in-plum-sauce-400g', 'Gressingham Duck Breasts In Plum Sauce 400g (Serves 2)', '£6.10', '£15.25 / kg')
('https://www.sainsburys.co.uk/shop/gb/groceries/product/details/all-mothers-day/sainsburys-hash-browns-700g', "Sainsbury's Hash Browns 700g", '£1.25', '£1.79 / kg')
('https://www.sainsburys.co.uk/shop/gb/groceries/product/details/all-mothers-day/alpro-fresh-almond-unsweetened-1l', 'Alpro Almond No Sugars Chilled Drink 1L', '£1.00', '£1.00 / ltr')
('https://www.sainsburys.co.uk/shop/gb/groceries/product/details/all-mothers-day/innocent-smooth-orange-juice-135l', 'Innocent Orange Juice Smooth 1.35L', '£2.00', '15p / 100ml')
('https://www.sainsburys.co.uk/shop/gb/groceries/product/details/all-mothers-day/fage-total-natural-greek-recipe-strained-yogurt-170g', 'FAGE Total Natural Greek Recipe Strained Yogurt 170g', '£1.15', '68p / 100g')
('https://www.sainsburys.co.uk/shop/gb/groceries/product/details/pizza-pasta-garlic-bread-special-offers/rana-org-spinach-ricotta-burrata-250g', 'La Famiglia Rana Organic Spinach, Ricotta & Burrata Whole Wheat Fresh Ravioli 250g', '£2.50', '£10.00 / kg')
('https://www.sainsburys.co.uk/shop/gb/groceries/product/details/pizza-pasta-garlic-bread-special-offers/sainsburys-cheese-garlic-flatbread-224g', "Sainsbury's Cheese & Garlic Flatbread 224g", '£1.20', '53p / 100g')
('https://www.sainsburys.co.uk/shop/gb/groceries/product/details/pizza-pasta-garlic-bread-special-offers/scoiattolo-grilled-vegetables-organic-ravioli-250g', 'Scoiattolo Grilled Vegetables Organic Ravioli 250g', '£2.25', '£9.00 / kg')
('https://www.sainsburys.co.uk/shop/gb/groceries/product/details/pizza-pasta-garlic-bread-special-offers/la-famiglia-rana-spicy-nduja-sausage-ricotta-fresh-tortelloni-250g', "La Famiglia Rana Spicy 'Nduja, Sausage & Ricotta Fresh Tortelloni 250g", '£2.00', '80p / 100kg')
('https://www.sainsburys.co.uk/shop/gb/groceries/product/details/pizza-pasta-garlic-bread-special-offers/john-west-steam-pot-sweet-sour-noodles-with-soy-ginger-tuna-140g', 'John West Steam Pot Sweet & Sour Noodles with Soy & Ginger Tuna 140g', '£1.75', '£1.25 / 100g')
('https://www.sainsburys.co.uk/shop/gb/groceries/product/details/pizza-pasta-garlic-bread-special-offers/john-west-steam-pot-rich-tomato-pasta-with-sundried-tomato-tuna-140g', 'John West Steam Pot Rich Tomato Pasta with Sundried Tomato Tuna 140g', '£1.75', '£1.25 / 100g')
('https://www.sainsburys.co.uk/shop/gb/groceries/product/details/pizza-pasta-garlic-bread-special-offers/sainsburys-classic-crust-bbq-chicken-pizza-530g', "Sainsbury's Classic Crust BBQ Chicken Pizza 530g", '£3.50', '£6.60 / kg')
('https://www.sainsburys.co.uk/shop/gb/groceries/product/details/pizza-pasta-garlic-bread-special-offers/sainsburys-garlic-flatbread-210g', "Sainsbury's Garlic Flatbread 210g", '£1.20', '57p / 100g')
('https://www.sainsburys.co.uk/shop/gb/groceries/product/details/pizza-pasta-garlic-bread-special-offers/pizza-express-doughballs-x16-190g', 'Pizza Express Dough Balls with Garlic Dip x16', '£1.50', '73p / 100g')
('https://www.sainsburys.co.uk/shop/gb/groceries/product/details/pizza-pasta-garlic-bread-special-offers/cosmo-pepperoni-pizza-390g', 'Cosmo Pepperoni Pizza 390g', '£2.50', '£6.41 / kg')
('https://www.sainsburys.co.uk/shop/gb/groceries/product/details/pizza-pasta-garlic-bread-special-offers/pizza-express-margherita-8-pizza', 'Pizza Express Margherita Pizza 245g', '£2.50', '£10.21 / kg')
('https://www.sainsburys.co.uk/shop/gb/groceries/product/details/all-pies-pasties-quiche/dickson-family-corned-beef---potato-pie-720g', 'Dicksons Family Corned Beef & Potato Pie 720g', '£3.30', '45p / 100g')
('https://www.sainsburys.co.uk/shop/gb/groceries/product/details/all-pies-pasties-quiche/sainsburys-pepperoni-pizza-slice-180g', "Sainsbury's Pepperoni Pizza Slice 170g", '£1.00', '59p / 100g')
('https://www.sainsburys.co.uk/shop/gb/groceries/product/details/all-pies-pasties-quiche/hollands-cheese---onion-pie-185g', "Holland's Cheese & Onion Pie 185g", '75p', '41p / 100g')
('https://www.sainsburys.co.uk/shop/gb/groceries/product/details/all-pies-pasties-quiche/sainsburys-steak---guiness-puff-pastry-pie-235g', "Sainsbury's Steak & Ale Puff Pastry Pie 235g (Serves 1)", '£2.00', '85p / 100g')
('https://www.sainsburys.co.uk/shop/gb/groceries/product/details/all-pies-pasties-quiche/pukka-all-steak-pie-233g', 'Pukka Pies All Steak Pie 209g', '£1.00', '48p / 100g')
('https://www.sainsburys.co.uk/shop/gb/groceries/product/details/all-pies-pasties-quiche/peters-premier-sausage-roll-165g', "Peter's Premier Sausage Roll 165g", '£1.30', '79p / 100g')
('https://www.sainsburys.co.uk/shop/gb/groceries/product/details/all-pies-pasties-quiche/peters-premier-steak-pie-235g', "Peter's Premier Steak Pie 235g", '£1.50', '64p / 100g')
('https://www.sainsburys.co.uk/shop/gb/groceries/product/details/all-pies-pasties-quiche/sainsburys-jumbo-sausage-roll-145g', "Sainsbury's Jumbo Sausage Roll 145g", '£1.00', '69p / 100g')
('https://www.sainsburys.co.uk/shop/gb/groceries/product/details/all-pies-pasties-quiche/sainsburys-steak-puff-pastry-pie-150g', "Sainsbury's Steak Puff Pastry Pie 150g", '75p', '50p / 100g')
('https://www.sainsburys.co.uk/shop/gb/groceries/product/details/all-pies-pasties-quiche/bells-macaroni-pie-x2-144g', 'Bells Macaroni Pie x2 144g', '£1.35', '68p / ea')
('https://www.sainsburys.co.uk/shop/gb/groceries/product/details/all-pies-pasties-quiche/sainsburys-cheese---onion-pasties-x4-600g', "Sainsbury's Cheese & Onion Pasties x4 600g", '£2.10', '40p / 100g')
('https://www.sainsburys.co.uk/shop/gb/groceries/product/details/all-pies-pasties-quiche/sainsburys-taste-the-difference-9-pork-cranberry-rolls-270g', "Sainsbury's Pork & Cranberry Rolls, Taste the Difference x9 315g", '£3.00', '£1.11 / 100g')
('https://www.sainsburys.co.uk/shop/gb/groceries/product/details/all-pies-pasties-quiche/sainsburys-chicken-bacon-puff-pastry-pie-550g', "Sainsbury's Chicken & Bacon Puff Pastry Pie 500g", '£3.00', '60p / 100g')
('https://www.sainsburys.co.uk/shop/gb/groceries/product/details/all-pies-pasties-quiche/sainsburys-steak-gravy-puff-pastry-pie-550g', "Sainsbury's Steak & Gravy Puff Pastry Pie 500g", '£3.00', '60p / 100g')
('https://www.sainsburys.co.uk/shop/gb/groceries/product/details/all-pies-pasties-quiche/sainsburys-steak-stilton-pie-taste-the-difference-250g', "Sainsbury's Steak & Stilton Pie, Taste the Difference 250g", '£3.00', '£1.20 / 100g')
('https://www.sainsburys.co.uk/shop/gb/groceries/product/details/all-pies-pasties-quiche/sainsburys-steak-cornish-ale-pie-taste-the-difference-250g', "Sainsbury's Steak & Cornish Ale Pie, Taste the Difference 250g", '£2.50', '£1.00 / 100g')
('https://www.sainsburys.co.uk/shop/gb/groceries/product/details/all-pies-pasties-quiche/frys-vegan-sausage-roll-80g', "Fry's Vegan Sausage Roll 80g", '£1.20', '£15.00 / kg')
('https://www.sainsburys.co.uk/shop/gb/groceries/product/details/all-pies-pasties-quiche/cookstown-chicken---ham-pie-500g', 'Cookstown Chicken & Ham Pie 500g (Serves 4)', '£3.00', '60p / 100g')
('https://www.sainsburys.co.uk/shop/gb/groceries/product/details/all-pies-pasties-quiche/sainsburys-freefrom-cheese---onion-quiche-170g', "Sainsbury's Deliciously Free From Cheese & Onion Quiche 170g", '£2.00', '£1.18 / 100g')
('https://www.sainsburys.co.uk/shop/gb/groceries/product/details/all-pies-pasties-quiche/cloughbane-chicken---mushroom-pie-650g', 'Cloughbane Chicken & Mushroom Pie 650g', '£3.00', '46p / 100g')
('https://www.sainsburys.co.uk/shop/gb/groceries/product/details/all-pies-pasties-quiche/ginsters-2-mini-pork-pies-100g', 'Ginsters Mini Pork Pies x2 100g', '£1.10', '£1.10 / 100g')
('https://www.sainsburys.co.uk/shop/gb/groceries/product/details/all-pies-pasties-quiche/sainsburys-sausage-rolls--basics-x6-300g', "Allcroft's Sausage Rolls x6 300g", '53p', '18p / 100g')
('https://www.sainsburys.co.uk/shop/gb/groceries/product/details/all-pies-pasties-quiche/ginsters-peppered-steak-slice-170g', 'Ginsters Peppered Steak Slice 170g', '£1.75', '£1.03 / 100g')
('https://www.sainsburys.co.uk/shop/gb/groceries/product/details/all-pies-pasties-quiche/quorn-mini-cocktail-sausages-180g', 'Quorn Vegetarian Cocktail Sausages 180g', '£1.75', '£9.72 / kg')
('https://www.sainsburys.co.uk/shop/gb/groceries/product/details/all-pies-pasties-quiche/sainsburys-6-sausage-rolls-360g', "Sainsbury's Sausage Rolls x6 360g", '£1.50', '42p / 100g')
('https://www.sainsburys.co.uk/shop/gb/groceries/product/details/all-pies-pasties-quiche/cloughbane-savoury-mince-pie-650g', 'Cloughbane Savoury Mince Pie 650g', '£3.00', '46p / 100g')
('https://www.sainsburys.co.uk/shop/gb/groceries/product/details/all-pies-pasties-quiche/sainsburys-mini-egg-bites-x18-216g', "Sainsbury's Egg Bites, Mini x18 216g", '£2.00', '93p / 100g')
('https://www.sainsburys.co.uk/shop/gb/groceries/product/details/all-pies-pasties-quiche/medium-melton-mowbray-pork-pie-295g', 'Pork Farms Melton Mowbray Pork Pie 295g', '£2.10', '71p / 100g')
('https://www.sainsburys.co.uk/shop/gb/groceries/product/details/all-pies-pasties-quiche/sainsburys-scotch-egg--taste-the-difference', "Sainsbury's Scotch Egg, Taste the Difference 140g", '£1.30', '93p / 100g')
('https://www.sainsburys.co.uk/shop/gb/groceries/product/details/all-dairy-free-food-and-drink/jord-oat-barley-1l', 'Jörd Organic Oat & Barley Drink 1L', '£1.80', '£1.80 / ltr')
('https://www.sainsburys.co.uk/shop/gb/groceries/product/details/all-dairy-free-food-and-drink/plenish-organic-soya-1l', 'Plenish Organic Soya 1L', '£2.00', '£2.00 / ltr')
('https://www.sainsburys.co.uk/shop/gb/groceries/product/details/all-dairy-free-food-and-drink/sainsburys-unsweetened-almond-drink-1l', "Sainsbury's Unsweetened Almond Drink 1L", '£1.10', '£1.10 / ltr')
('https://www.sainsburys.co.uk/shop/gb/groceries/product/details/all-dairy-free-food-and-drink/oggs-chocolate-fudge-vegan-cakes-4-x-46g', 'OGGS Vegan Chocolate Fudge Cakes 184g', '£3.75', '94p / ea')
('https://www.sainsburys.co.uk/shop/gb/groceries/product/details/all-dairy-free-food-and-drink/oggs-zesty-lemon-vegan-cakes-4-x-46g', 'OGGS Vegan Zesty Lemon Cakes 184g', '£3.75', '94p / ea')
('https://www.sainsburys.co.uk/shop/gb/groceries/product/details/all-dairy-free-food-and-drink/nakd-bar-strawberry-cheesecake-35g', 'Nakd Strawberry Sundae Fruit & Nut Bar 35g', '50p', '£1.43 / 100g')
('https://www.sainsburys.co.uk/shop/gb/groceries/product/details/all-dairy-free-food-and-drink/rhythm-108-ooh-la-la-tea-biscuits-double-choco-hazelnut-sharing-bag-135g', 'Rhythm 108 Ooh-la-la Tea Biscuits Double Choco Hazelnut Sharing Bag 135g', '£3.20', '£2.37 / 100g')
('https://www.sainsburys.co.uk/shop/gb/groceries/product/details/all-dairy-free-food-and-drink/bfree-wholegrain-pitta-breads-4-x-55g', 'BFree Wholegrain Pitta Breads 4 x 55g', '£2.75', '£1.25 / 100g')
('https://www.sainsburys.co.uk/shop/gb/groceries/product/details/all-dairy-free-food-and-drink/gardein-seven-grain-crispy-tenders-255g', 'Gardein Seven Grain Crispy Tenders 255g', '£4.50', '£17.65 / kg')
('https://www.sainsburys.co.uk/shop/gb/groceries/product/details/all-dairy-free-food-and-drink/freee-by-doves-farm-organic-fibre-flakes-375g', 'FREEE by Doves Farm Organic Fibre Flakes 375g', '£3.00', '80p / 100g')
('https://www.sainsburys.co.uk/shop/gb/groceries/product/details/all-dairy-free-food-and-drink/alpro-caffe-ethiopian-coffee-soya-caramel-blend-235ml', 'Alpro Caffè Latte Ethiopian Coffee and Soya Caramel Chilled Drink 235ml', '£1.80', '77p / 100ml')
('https://www.sainsburys.co.uk/shop/gb/groceries/product/details/all-dairy-free-food-and-drink/oggs-mini-vanilla-vegan-cupcakes-9-x-20g', 'OGGS Vegan Mini Vanilla Cupcakes 180g', '£3.75', '42p / ea')
('https://www.sainsburys.co.uk/shop/gb/groceries/product/details/all-dairy-free-food-and-drink/The-Mighty-Society-Unsweetened-Pea-Mylk-1L', 'Mighty Pea Unsweetened Milk Alternative 1L', '£2.00', '£2.00 / ltr')
('https://www.sainsburys.co.uk/shop/gb/groceries/product/details/all-dairy-free-food-and-drink/nakd-salted-caramel-fruit---nut-bar-35g-7960956-p', 'Nakd Salted Caramel Fruit & Nut Bar 35g', '75p', '£2.14 / 100g')
('https://www.sainsburys.co.uk/shop/gb/groceries/product/details/all-dairy-free-food-and-drink/alpro-almond-salted-caramel-500ml-7957854-p', 'Alpro Almond Salted Caramel Ice Cream 500ml', '£3.75', '75p / 100ml')
('https://www.sainsburys.co.uk/shop/gb/groceries/product/details/all-dairy-free-food-and-drink/gardein-sizzling-szechuan-beefless-strips-300g', 'Gardein Sizzling Szechuan Beefless Strips 300g', '£4.50', '£15.00 / kg')
('https://www.sainsburys.co.uk/shop/gb/groceries/product/details/all-dairy-free-food-and-drink/gardein-golden-fishless-fillets-288g', 'Gardein Golden Fishless Fillets 288g', '£4.50', '£15.63 / kg')
('https://www.sainsburys.co.uk/shop/gb/groceries/product/details/all-dairy-free-food-and-drink/genius-gluten-free-plain-white-wraps-x4', 'Genius Gluten Free Plain White Wraps x4', '£2.50', '£1.56 / 100g')
('https://www.sainsburys.co.uk/shop/gb/groceries/product/details/all-dairy-free-food-and-drink/whole-creations-dairy-gluten-free-roasted-tomato-basil-sheesy-pizza-275g', 'Whole Creations Dairy & Gluten Free Roasted Tomato & Basil Sheesy Pizza 275g', '£3.75', '£1.36 / 100g')
('https://www.sainsburys.co.uk/shop/gb/groceries/product/details/all-dairy-free-food-and-drink/bfree-bake-at-home-white-demi-baguettes-2x110g', 'BFree Bake at Home White Demi Baguettes 2x110g', '£3.00', '£1.36 / 100g')
('https://www.sainsburys.co.uk/shop/gb/groceries/product/details/all-dairy-free-food-and-drink/rude-health-organic-ultimate-almond-drink-1l', 'Rude Health Organic Ultimate Almond Drink 1L', '£2.50', '£2.50 / ltr')
('https://www.sainsburys.co.uk/shop/gb/groceries/product/details/all-dairy-free-food-and-drink/the-white-rabbit-pizza-co-the-vegan-gardener-340g', 'The White Rabbit Pizza Co. The Vegan Gardener 340g', '£5.00', '£1.47 / 100g')
('https://www.sainsburys.co.uk/shop/gb/groceries/product/details/all-dairy-free-food-and-drink/sainsburys-deliciously-free-from-strawberry-iced-dessert-500ml', "Sainsbury's Deliciously Free From Strawberry Iced Dessert 500ml", '£3.50', '70p / 100ml')
('https://www.sainsburys.co.uk/shop/gb/groceries/product/details/all-dairy-free-food-and-drink/sainsburys-thai-red-curry-cooking-sauce-340g', "Sainsbury's Thai Red Curry Cooking Sauce 340g", '90p', '26p / 100g')
('https://www.sainsburys.co.uk/shop/gb/groceries/product/details/all-dairy-free-food-and-drink/freedom-confectionery-mallows-mini-pink---white-vanilla-bites-75g', 'Freedom Mallows Vegetarian Mini Pink & White Vanilla Marshmallow Bites 75g', '£2.00', '£2.67 / 100g')
('https://www.sainsburys.co.uk/shop/gb/groceries/product/details/all-dairy-free-food-and-drink/freedom-mallows-vanilla-75g', 'Freedom Mallows Vegetarian Vanilla Marshmallows 75g', '£2.00', '£2.67 / 100g')
('https://www.sainsburys.co.uk/shop/gb/groceries/product/details/all-dairy-free-food-and-drink/sainsburys-rendang-curry-paste-190g-7886226-p-44', "Sainsbury's Rendang Curry Paste 190g", '£1.35', '71p / 100g')
('https://www.sainsburys.co.uk/shop/gb/groceries/product/details/all-dairy-free-food-and-drink/bfree-pitta-pockets-192g', 'BFree Snack Size Pitta Pockets 6x32g', '£2.50', '£1.30 / 100g')
('https://www.sainsburys.co.uk/shop/gb/groceries/product/details/all-dairy-free-food-and-drink/the-coconut-collaborative-rice-pudding-2x125g', 'The Coconut Collaborative Rice Pudding 2x125g', '£2.25', '90p / 100g')
('https://www.sainsburys.co.uk/shop/gb/groceries/product/details/all-dairy-free-food-and-drink/califia-cold-brew-double-espresso-750ml', 'Califia Farms XX Espresso Cold Brew Coffee with Almond 750ml', '£2.95', '£3.93 / ltr')
('https://www.sainsburys.co.uk/shop/gb/groceries/product/details/all-dairy-free-food-and-drink/nakd-lemon-drizzle-fruit---nut-bar-35g-7855181-p', 'Nakd Lemon Drizzle Fruit & Nut Bar 35g', '50p', '£1.43 / 100g')
('https://www.sainsburys.co.uk/shop/gb/groceries/product/details/all-dairy-free-food-and-drink/kind-fruit---nut-almond---coconut-bar-40g', 'Kind Fruit & Nut Almond & Coconut Bar 40g', '£1.30', '£3.25 / 100g')
('https://www.sainsburys.co.uk/shop/gb/groceries/product/details/all-dairy-free-food-and-drink/alpro-oat-1l', 'Alpro Oat Chilled Drink 1L', '£1.00', '£1.00 / ltr')
('https://www.sainsburys.co.uk/shop/gb/groceries/product/details/all-dairy-free-food-and-drink/sainsburys-coconut-drink-1l', "Sainsbury's Sweetened Coconut Drink 1L", '95p', '95p / ltr')
('https://www.sainsburys.co.uk/shop/gb/groceries/product/details/all-dairy-free-food-and-drink/sainsburys-almond-sweetened-milk-1l', "Sainsbury's Sweetened Almond Drink 1L", '£1.00', '£1.00 / ltr')
('https://www.sainsburys.co.uk/shop/gb/groceries/product/details/all-dairy-free-food-and-drink/sainsburys-deliciously-freefrom-grated-cheddar-style-dairy-free-cheese-200g', "Sainsbury's Deliciously Free From Grated Cheddar-Style Coconut Based Alternative To Cheese 200g", '£2.50', '£1.25 / 100g')
('https://www.sainsburys.co.uk/shop/gb/groceries/product/details/all-dairy-free-food-and-drink/genius-gluten-free-cinnamon---raisin-bagels-240g', 'Genius Gluten Free Cinnamon & Raisin Bagels x4', '£2.00', '83p / 100g')
('https://www.sainsburys.co.uk/shop/gb/groceries/product/details/all-dairy-free-food-and-drink/kind-fruit---nut-peanut-butter---dark-chocolate-bar-40g', 'KIND Peanut Butter & Dark Chocolate Snack Bar 40g', '£1.30', '£3.25 / 100g')
('https://www.sainsburys.co.uk/shop/gb/groceries/product/details/new-355373-44/sainsburys-home-cupcake-box-2pk-133988235-p', "Sainsbury's Home Cupcake Box 2pk", '£2.50', '£2.50 / ea')
('https://www.sainsburys.co.uk/shop/gb/groceries/product/details/new-355373-44/jurassic-world-hatch-n-play-dinosaurs-133975717-p', 'Jurassic World Hatch n Play Dinosaurs x1', '£20.00', '£20.00 / ea')
('https://www.sainsburys.co.uk/shop/gb/groceries/product/details/new-355373-44/paw-patrol-ultimate-rescue-action-pack-pups-133805558-p', 'Paw Patrol Ultimate Rescue Action Pack Pups', '£8.00', '£8.00 / ea')
('https://www.sainsburys.co.uk/shop/gb/groceries/product/details/new-355373-44/sainsburys-home-tan-medium-day-to-page-diary-2019-133967514-p', "Sainsbury's Home Tan Medium Day to Page Diary 2019", '£8.00', '£8.00 / ea')
('https://www.sainsburys.co.uk/shop/gb/groceries/product/details/new-355373-44/sainsburys-home-tan-medium-week-to-view-diary-2019-133967451-p', "Sainsbury's Home Tan Medium Week to View Diary 2019", '£6.00', '£6.00 / ea')
('https://www.sainsburys.co.uk/shop/gb/groceries/product/details/new-355373-44/sainsburys-home-rose-gold-effect-small-week-to-view-diary-2019-133964532-p', "Sainsbury's Home Rose Gold Effect Small Week to View Diary 2019", '£4.00', '£4.00 / ea')
('https://www.sainsburys.co.uk/shop/gb/groceries/product/details/new-355373-44/rusty-rivets-vehicle-build-packs-buggy-cart-133926712-p', 'Rusty Rivets Vehicle Build Packs Buggy/Cart', '£15.00', '£15.00 / ea')
('https://www.sainsburys.co.uk/shop/gb/groceries/product/details/new-355373-44/rusty-rivets-secondry-vehicle-supermoto-rivet-shark-133926624-p', 'Rusty Rivets Secondry Vehicle Supermoto/Rivet Shark', '£15.00', '£15.00 / ea')
('https://www.sainsburys.co.uk/shop/gb/groceries/product/details/new-355373-44/vtech-seaside-spinning-top--133924717-p', 'Vtech Seaside Spinning Top', '£20.00', '£20.00 / ea')
('https://www.sainsburys.co.uk/shop/gb/groceries/product/details/new-355373-44/lego-duplo-airport-133914623-p', 'Lego Duplo Airport', '£18.00', '£18.00 / ea')
('https://www.sainsburys.co.uk/shop/gb/groceries/product/details/new-355373-44/rad-robots-yak-bot-133910981-p', 'RAD Robots Yak Bot', '£15.00', '£15.00 / ea')
('https://www.sainsburys.co.uk/shop/gb/groceries/product/details/new-355373-44/sainsburys-home-riviera-brushed-cotton-blue-check-bed-linen-133906156-p', "Sainsbury's Home Riviera Brushed Cotton Blue Check Bedset", '£36.00', '£36.00 / ea')
('https://www.sainsburys.co.uk/shop/gb/groceries/product/details/new-355373-44/sainsburys-home-midnight-opulence-magazine-file-133873745-p', "Sainsbury's Home Midnight Opulence Magazine File", '£4.00', '£4.00 / ea')
('https://www.sainsburys.co.uk/shop/gb/groceries/product/details/new-355373-44/sainsburys-home-midnight-opulence-medium-suede-effect-slogan-notebook-133871951-p', "Sainsbury's Home Midnight Opulence Medium Suede Effect Slogan Notebook", '£6.00', '£6.00 / ea')
('https://www.sainsburys.co.uk/shop/gb/groceries/product/details/new-355373-44/sainsburys-home-nomad-traveller-woven-cushion-30x50cm-133826181-p', "Sainsbury's Home Nomad Traveller Woven Cushion 30x50cm", '£16.00', '£16.00 / ea')
('https://www.sainsburys.co.uk/shop/gb/groceries/product/details/new-355373-44/sainsburys-home-rural-retreat-printed-animal-cushion-50x50cm-133715966-p', "Sainsbury's Home Rural Retreat Printed Animal Cushion 50x50cm", '£18.00', '£18.00 / ea')
('https://www.sainsburys.co.uk/shop/gb/groceries/product/details/new-355373-44/sainsburys-home-urban-escape-wild-mint-layered-wax-candle-133714226-p', "Sainsbury's Home Urban Escape Wild Mint Layered Wax Candle", '£8.00', '£8.00 / ea')
('https://www.sainsburys.co.uk/shop/gb/groceries/product/details/new-355373-44/lego-brickheadz-darth-vader-41619-133727959-p', 'Lego BrickHeadz Darth Vader 41619', '£10.00', '£10.00 / ea')
('https://www.sainsburys.co.uk/shop/gb/groceries/product/details/new-355373-44/lego-brickheadz-hermione-granger-41616-133726905-p', 'Lego Harry Potter BrickHeadz Hermione Granger 41616', '£10.00', '£10.00 / ea')
('https://www.sainsburys.co.uk/shop/gb/groceries/product/details/new-355373-44/sainsburys-home-midnight-party-whiskey--tumbler-133708213-p', "Sainsbury's Home Midnight Party Whiskey Tumbler", '£3.50', '£3.50 / ea')
('https://www.sainsburys.co.uk/shop/gb/groceries/product/details/new-355373-44/sainsburys-home-urban-escape-carafe-133708192-p', "Sainsbury's Home Urban Escape Carafe", '£10.00', '£10.00 / ea')
('https://www.sainsburys.co.uk/shop/gb/groceries/product/details/new-355373-44/sainsburys-home-grey-mistletoe-cake-tin-square-133694165-p', "Sainsbury's Home Grey Mistletoe Cake Tin Square", '£7.00', '£7.00 / ea')
('https://www.sainsburys.co.uk/shop/gb/groceries/product/details/new-355373-44/sainsburys-home-rural-retreat-woven-coaster-x4-133691183-p', "Sainsbury's Home Rural Retreat Woven Coaster x4", '£6.00', '£6.00 / ea')
('https://www.sainsburys.co.uk/shop/gb/groceries/product/details/new-355373-44/sainsburys-home-midnight-party-bar-set-4pc-133687934-p', "Sainsbury's Home Midnight Party Bar Set 4pc", '£25.00', '£25.00 / ea')
('https://www.sainsburys.co.uk/shop/gb/groceries/product/details/new-355373-44/sainsburys-home-robin-double-oven-glove-133687361-p', "Sainsbury's Home Robin Double Oven Glove", '£5.50', '£5.50 / ea')
('https://www.sainsburys.co.uk/shop/gb/groceries/product/details/new-355373-44/sainsburys-home-urban-escape-double-oven-glove-133687184-p', "Sainsbury's Home Urban Escape Double Oven Glove", '£5.50', '£5.50 / ea')
('https://www.sainsburys.co.uk/shop/gb/groceries/product/details/new-355373-44/sainsburys-home-midnight-party-hip-flask-133685461-p', "Sainsbury's Home Midnight Party Hip Flask", '£8.00', '£8.00 / ea')
('https://www.sainsburys.co.uk/shop/gb/groceries/product/details/new-355373-44/sainsburys-home-midnight-party-bottle-pourers-x2-133685445-p', "Sainsbury's Home Midnight Party Bottle Pourers x2", '£4.50', '£4.50 / ea')
('https://www.sainsburys.co.uk/shop/gb/groceries/product/details/new-355373-44/pezzetti-stove-top-epresso-maker-6-cup-induction', 'Pezzetti Stove Top Epresso Maker 6 Cup Induction', '£24.00', '£24.00 / ea')
('https://www.sainsburys.co.uk/shop/gb/groceries/product/details/new-355373-44/chad-valley-auto-city-chunky-vehicles-assortment-5pk-133637566-p', 'Chad Valley Auto City Chunky Vehicles Assortment 5pk', '£5.00', '£5.00 / ea')
('https://www.sainsburys.co.uk/shop/gb/groceries/product/details/new-355373-44/sainsburys-home-soft-grip-hand-grater-133627253-p', "Sainsbury's Home Soft Grip Hand Grater", '£4.00', '£4.00 / ea')
('https://www.sainsburys.co.uk/shop/gb/groceries/product/details/new-355373-44/la-gioiosa-etamorosa-prosecco-75cl', 'La Gioiosa Etamorosa Prosecco 75cl', '£12.00', '£12.00 / 75cl')
('https://www.sainsburys.co.uk/shop/gb/groceries/product/details/new-355373-44/febreze-3volution-air-freshener-plug-in-starter-kit-white-jasmine-20ml', 'Febreze 3Volution Air Freshener Plug-In Starter Kit White Jasmine 20ml', '£9.00', '£9.00 / ea')
('https://www.sainsburys.co.uk/shop/gb/groceries/product/details/new-355373-44/febreze-3volution-air-freshener-refill-peony-cedar-20ml', 'Febreze 3Volution Air Freshener Refill Peony & Cedar 20ml', '£3.00', '£3.00 / ea')
('https://www.sainsburys.co.uk/shop/gb/groceries/product/details/new-355373-44/glade-electric-refill-tropical-blossoms-scented-oil-plugin-20ml', 'Glade Electric Refill Tropical Blossoms Scented Oil Plugin 20ml', '£2.00', '£2.00 / ea')
('https://www.sainsburys.co.uk/shop/gb/groceries/product/details/new-355373-44/glade-candle-tropical-blossoms-air-freshener-129g', 'Glade Candle Tropical Blossoms Air Freshener 129g', '£4.00', '£4.00 / ea')
('https://www.sainsburys.co.uk/shop/gb/groceries/product/details/new-355373-44/glade-large-candle-tropical-blossoms-air-freshener-224g', 'Glade Large Candle Tropical Blossoms Air Freshener 224g', '£5.00', '£5.00 / ea')
('https://www.sainsburys.co.uk/shop/gb/groceries/product/details/new-355373-44/glade-jar-candle-large-scented-candles-petals-blossom-224g', 'Glade Jar Candle Large Scented Candles Petals & Blossom 224g', '£5.00', '£5.00 / ea')
('https://www.sainsburys.co.uk/shop/gb/groceries/product/details/new-355373-44/sainsburys-british-fresh-chicken-drumsticks-2kg', "Sainsbury's British Fresh Chicken Skin on Drumsticks 2kg", '£2.60', '£1.30 / kg')
('https://www.sainsburys.co.uk/shop/gb/groceries/product/details/blocked-butter/lurpak-butterbox-250g', 'Lurpak Butterbox 225g', '£1.95', '£8.67 / kg')
('https://www.sainsburys.co.uk/shop/gb/groceries/product/details/blocked-butter/anchor-block-unsalted-250g', 'Anchor Unsalted Butter 250g', '£1.65', '£6.60 / kg')
('https://www.sainsburys.co.uk/shop/gb/groceries/product/details/blocked-butter/country-life-unsalted-butter-250g', 'Country Life British Unsalted Butter 250g', '£1.80', '£7.20 / kg')
('https://www.sainsburys.co.uk/shop/gb/groceries/product/details/blocked-butter/dromona-half-fat-butter-250g', 'Dromona Half Fat Butter 250g', '£1.85', '£7.40 / kg')
('https://www.sainsburys.co.uk/shop/gb/groceries/product/details/cooking-and-baking-butters-and-spreads/anchor-softest-500g', 'Anchor Softest Salted Spreadable 500g', '£3.65', '£7.30 / kg')
('https://www.sainsburys.co.uk/shop/gb/groceries/product/details/cooking-and-baking-butters-and-spreads/tomor-vegetarian-margarine-250g', "Rakusen's Tomor Vegetarian Margarine 250g", '£1.10', '£4.40 / kg')
('https://www.sainsburys.co.uk/shop/gb/groceries/product/details/cooking-and-baking-butters-and-spreads/sainsburys-scottish-butter--unsalted-250g', "Sainsbury's Scottish Butter, Unsalted 250g", '£1.65', '£6.60 / kg')
('https://www.sainsburys.co.uk/shop/gb/groceries/product/details/cooking-and-baking-butters-and-spreads/president-butter--unsalted-250g', 'President Butter, Unsalted 250g', '£2.00', '£8.00 / kg')
('https://www.sainsburys.co.uk/shop/gb/groceries/product/details/cooking-and-baking-butters-and-spreads/jus-rol-shortcrust-pastry-sheets-320g', 'Jus-Rol Shortcrust Pastry Sheets 320g', '£1.00', '31p / 100g')
('https://www.sainsburys.co.uk/shop/gb/groceries/product/details/cooking-and-baking-butters-and-spreads/dale-farm-butter-milk-568ml', 'Dale Farm Butter Milk 568ml', '60p', '£1.06 / ltr')
('https://www.sainsburys.co.uk/shop/gb/groceries/product/details/cooking-and-baking-butters-and-spreads/britannia-beef-dripping-250g', 'Britannia Beef Dripping 250g', '70p', '£2.80 / kg')
('https://www.sainsburys.co.uk/shop/gb/groceries/product/details/cooking-and-baking-butters-and-spreads/crisp-n-dry-solid-vegetable-oil-250g', "Crisp 'N' Dry Solid Vegetable Oil 250g", '85p', '£3.40 / kg')
('https://www.sainsburys.co.uk/shop/gb/groceries/product/details/cooking-and-baking-butters-and-spreads/tasty-foods-garlic-spread-70g', 'Tasty Foods Garlic Spread 70g', '£1.15', '£1.64 / kg')
('https://www.sainsburys.co.uk/shop/gb/groceries/product/details/cooking-and-baking-butters-and-spreads/willow-vegetable-fat-spread-250g', 'Willow Vegetable Fat Block Spread 250g', '£1.00', '£4.00 / kg')
('https://www.sainsburys.co.uk/shop/gb/groceries/product/details/cooking-and-baking-butters-and-spreads/clover-spread-1kg', 'Clover Spread 1kg', '£3.30', '£3.30 / kg')
('https://www.sainsburys.co.uk/shop/gb/groceries/product/details/cooking-and-baking-butters-and-spreads/sainsburys-soft-spread-500g', "Sainsbury's Soft Spread 500g", '95p', '£1.90 / kg')
('https://www.sainsburys.co.uk/shop/gb/groceries/product/details/cooking-and-baking-butters-and-spreads/pure-dairy-free-vegan-slightly-salted-baking-block-250g', 'Pure Dairy Free Vegan Slightly Salted Block 250g', '£1.30', '£5.20 / kg')
('https://www.sainsburys.co.uk/shop/gb/groceries/product/details/cooking-and-baking-butters-and-spreads/cookeen-cooking-fat-250g', 'Cookeen Cooking Fat 250g', '85p', '£3.40 / kg')
('https://www.sainsburys.co.uk/shop/gb/groceries/product/details/cooking-and-baking-butters-and-spreads/grahams-organic-unsalted-butter-250g', "Graham's Organic Scottish Butter Unsalted 250g", '£2.00', '£8.00 / kg')
('https://www.sainsburys.co.uk/shop/gb/groceries/product/details/cooking-and-baking-butters-and-spreads/pure-dairy-free-perfect-baking-spread-500g', 'Pure Dairy Free Vegan Perfect Baking Spread 500g', '£1.60', '£3.20 / kg')
('https://www.sainsburys.co.uk/shop/gb/groceries/product/details/cooking-and-baking-butters-and-spreads/stork-with-butter-400g', 'Stork with Butter Spread 400g', '£2.00', '£5.00 / kg')
('https://www.sainsburys.co.uk/shop/gb/groceries/product/details/cooking-and-baking-butters-and-spreads/i-cant-believe-its-not-butter-500g', "I Can't Believe It's Not Butter! Original Spread 500g", '£1.00', '£2.00 / kg')
('https://www.sainsburys.co.uk/shop/gb/groceries/product/details/cooking-and-baking-butters-and-spreads/lurpak-danish-butter--unsalted-250g', 'Lurpak Butter, Unsalted 250g', '£2.00', '£8.00 / kg')
('https://www.sainsburys.co.uk/shop/gb/groceries/product/details/cholesterol-lowering-spread/benecol-olive-spread-500g', 'Benecol Olive Spread 500g', '£3.00', '£6.00 / kg')
('https://www.sainsburys.co.uk/shop/gb/groceries/product/details/cholesterol-lowering-spread/benecol-spread--light-500g', 'Benecol Light Spread 500g', '£3.00', '£6.00 / kg')
('https://www.sainsburys.co.uk/shop/gb/groceries/product/details/cholesterol-lowering-spread/flora-pro-activ-buttery-spread-250g', 'Flora ProActiv Buttery Taste Spread 250g', '£2.10', '£8.40 / kg')
('https://www.sainsburys.co.uk/shop/gb/groceries/product/details/cholesterol-lowering-spread/flora-pro-activ-buttery-500g', 'Flora ProActiv Buttery Taste Spread 500g', '£3.70', '£7.40 / kg')
('https://www.sainsburys.co.uk/shop/gb/groceries/product/details/cholesterol-lowering-spread/flora-pro-activ-250g', 'Flora ProActiv Spread 250g', '£2.10', '£8.40 / kg')
('https://www.sainsburys.co.uk/shop/gb/groceries/product/details/cholesterol-lowering-spread/benecol-buttery-spread-500g', 'Benecol Buttery Spread 500g', '£3.00', '£6.00 / kg')
('https://www.sainsburys.co.uk/shop/gb/groceries/product/details/dairy-all-cheese/sainsburys-british-medium-cheddar-slices-240g', "Sainsbury's British Medium Cheddar Cheese Slices 240g", '£1.70', '£7.08 / kg')
('https://www.sainsburys.co.uk/shop/gb/groceries/product/details/dairy-all-cheese/sainsburys-long-clawson-blue-stilton-225g', "Sainsbury's Long Clawson Blue Stilton 225g", '1p', '4p / kg')
('https://www.sainsburys.co.uk/shop/gb/groceries/product/details/dairy-all-cheese/sainsburys-red-wine-cheese-basket-gift-491g', "Sainsbury's Red Wine & Cheese Gift Set", '£2.68', '£2.68 / ea')
('https://www.sainsburys.co.uk/shop/gb/groceries/product/details/dairy-all-cheese/castelli-parmigiano-reggiano-125g', 'Castelli Parmigiano Reggiano 125g', '£3.05', '£24.40 / kg')
('https://www.sainsburys.co.uk/shop/gb/groceries/product/details/dairy-all-cheese/sainsburys-mature-british-cheddar-sticks-10x20g', "Sainsbury's Mature British Cheddar Sticks 10x20g", '£2.25', '£11.25 / kg')
('https://www.sainsburys.co.uk/shop/gb/groceries/product/details/dairy-all-cheese/strings-things-cheeshps-quirkies-3x225g', 'Strings & Things Cheeshapes Quirkies Cheese Snack x3 67.5g', '£1.50', '£22.22 / kg')
('https://www.sainsburys.co.uk/shop/gb/groceries/product/details/dairy-all-cheese/plant-pioneers-wensleysdale-style-cranberry-truckle-100g', 'Plant Pioneers Wensleydale Style with Cranberries 100g', '1p', '10p / kg')
('https://www.sainsburys.co.uk/shop/gb/groceries/product/details/dairy-all-cheese/sainsburys-novelty-cheese-shapes-204g', "Sainsbury's Novelty Cheese Shapes 12x17g", '1p', '5p / kg')
('https://www.sainsburys.co.uk/shop/gb/groceries/product/details/dairy-all-cheese/attis-greek-feta-2x75g', 'Attis Greek Feta 2x75g', '£1.80', '£12.00 / kg')
('https://www.sainsburys.co.uk/shop/gb/groceries/product/details/dairy-all-cheese/danablu-danish-blue-cheese-100g', 'Danablu Danish Blue Cheese 100g', '£2.80', '£2.80 / 100g')
('https://www.sainsburys.co.uk/shop/gb/groceries/product/details/dairy-all-cheese/mary-anns-dairy-grated-mozzerella-500g', "Mary Ann's Dairy Grated Mozzerella 500g", '£2.50', '£5.00 / kg')
('https://www.sainsburys.co.uk/shop/gb/groceries/product/details/dairy-all-cheese/arla-protein-cheese-350g', 'Arla Protein Cheese 350g', '£3.50', '£10.00 / kg')
('https://www.sainsburys.co.uk/shop/gb/groceries/product/details/dairy-all-cheese/dairylea-snackers-cheese-crackers-with-cadbury-dairy-milk-giant-buttons-73g', 'Dairylea Snackers Cheese & Crackers with Cadbury Dairy Milk Giant Buttons 73g', '£1.00', '£13.89 / kg')
('https://www.sainsburys.co.uk/shop/gb/groceries/product/details/dairy-all-cheese/sainsburys-2-goats-cheese-red-onion-pies-370g', "Sainsbury's Goats Cheese & Caramelised Onion Pies x2 370g", '£1.50', '£4.05 / kg')
('https://www.sainsburys.co.uk/shop/gb/groceries/product/details/all-future-brands/boutique-lip-liner-mocha', 'Boutique Lip Liner Mocha', '£2.00', '£2.00 / ea')
('https://www.sainsburys.co.uk/shop/gb/groceries/product/details/all-future-brands/odysea-aubergine-meze-220g', 'Odysea Aubergine Meze 220g', '£2.15', '98p / 100g')
('https://www.sainsburys.co.uk/shop/gb/groceries/product/details/all-future-brands/ultrasun-professional-protection-face-anti-ageing-30-high-spf-50ml', 'Ultrasun Professional Protection Face Anti-Ageing 30 High SPF 50ml', '£20.00', '£40.00 / 100ml')
('https://www.sainsburys.co.uk/shop/gb/groceries/product/details/all-future-brands/source-of-nature-cleansing-milk-white-tea---shea-butter-200ml', 'Source of Nature Cleansing Milk White Tea & Shea Butter 200ml', '£2.00', '£1.00 / 100ml')
('https://www.sainsburys.co.uk/shop/gb/groceries/product/details/all-future-brands/men-advance-beard-oil-30ml', 'Men Advance Beard Oil 30ml', '£3.00', '£10.00 / 100ml')
('https://www.sainsburys.co.uk/shop/gb/groceries/product/details/all-future-brands/hawkins---brimble-nat-matt-clay-100ml', 'Hawkins & Brimble Elemi & Ginseng Matt Clay Pomade 100ml', '£10.00', '£10.00 / 100ml')
('https://www.sainsburys.co.uk/shop/gb/groceries/product/details/all-future-brands/super-facialist-rose-cleanser-150ml', 'Super Facialist Rose Hydrate Calming Creamy Cleanser 150ml', '£5.50', '£3.66 / 100ml')
('https://www.sainsburys.co.uk/shop/gb/groceries/product/details/all-future-brands/sainsburys-anti-age-body-lotion-250ml', 'My Skin Matters Q10 Restoring Body Lotion 250ml', '£2.00', '80p / 100ml')
('https://www.sainsburys.co.uk/shop/gb/groceries/product/details/all-future-brands/sainsburys-intensive-body-lotion-400ml', 'My Skin Matters Intensive Body Lotion 400ml', '£2.00', '50p / 100ml')
('https://www.sainsburys.co.uk/shop/gb/groceries/product/details/all-future-brands/sainsburys-cleansing-facial-wash-oily-skin-150ml', 'My Skin Matters Clarifying Facial Wash 150ml', '£1.50', '£1.00 / 100ml')
('https://www.sainsburys.co.uk/shop/gb/groceries/product/details/all-future-brands/sainsburys-on-the-go-hand-cream-30ml', 'My Skin Matters On-The-Go Hand Cream 30ml', '£1.00', '£3.33 / 100ml')
('https://www.sainsburys.co.uk/shop/gb/groceries/product/details/all-future-brands/sainsburys-exfoliating-cream-3-in-1-150ml', 'My Skin Matters 3 in 1 Scrub, Wash & Mask 150ml', '£1.50', '£1.00 / 100ml')
('https://www.sainsburys.co.uk/shop/gb/groceries/product/details/all-future-brands/sainsburys-environment-protect-night-cream-50ml', 'My Skin Matters Q10 Multi-Protection Night Cream 50ml', '£3.00', '£6.00 / 100ml')
('https://www.sainsburys.co.uk/shop/gb/groceries/product/details/all-future-brands/odysea-organic-greek-extra-virgin-olive-oil-500ml', 'Odysea Organic Greek Extra Virgin Olive Oil 500ml', '£5.20', '£1.04 / 100ml')
('https://www.sainsburys.co.uk/shop/gb/groceries/product/details/all-future-brands/origin-of-nature-toner-200ml', 'Source of Nature Purifying Toner White Tea & Green Tea 200ml', '£2.00', '£1.00 / 100ml')
('https://www.sainsburys.co.uk/shop/gb/groceries/product/details/all-future-brands/origin-of-nature-night-cream-50ml', 'Source of Nature Night Cream White Tea & Avocado 50ml', '£3.50', '£7.00 / 100ml')
('https://www.sainsburys.co.uk/shop/gb/groceries/product/details/all-future-brands/origin-of-nature-body-lotion-200ml', 'Source of Nature Body Lotion White Tea & Babassu Oil 200ml', '£2.00', '£1.00 / 100ml')
('https://www.sainsburys.co.uk/shop/gb/groceries/product/details/all-future-brands/dirty-works-foaming-sugar-scrub', 'Dirty Works Coconut Foaming Sugar Scrub 250g', '£2.50', '£2.50 / ea')
('https://www.sainsburys.co.uk/shop/gb/groceries/product/details/all-future-brands/my-hair-matters-smooth-cond-400ml', 'My Hair Matters Smooth Conditioner 400ml', '£1.50', '38p / 100ml')
('https://www.sainsburys.co.uk/shop/gb/groceries/product/details/all-future-brands/my-hair-matters-colour-shampoo-400ml', 'My Hair Matters Colour Shampoo 400ml', '£1.50', '38p / 100ml')
('https://www.sainsburys.co.uk/shop/gb/groceries/product/details/all-future-brands/my-hair-matters-repair-cond-400ml', 'My Hair Matters Nourish & Repair Conditioner 400ml', '£1.50', '38p / 100ml')
('https://www.sainsburys.co.uk/shop/gb/groceries/product/details/all-future-brands/phil-smith-coconut-water-shampoo-350ml', 'Phil Smith Be Gorgeous Coco Licious Coconut Water Shampoo 350ml', '£3.50', '£1.00 / 100ml')
('https://www.sainsburys.co.uk/shop/gb/groceries/product/details/all-future-brands/peters-yard-sourdough-crispbread-original-105g', "Peter's Yard Original Sourdough Crackers 105g", '£2.40', '£2.29 / 100g')
('https://www.sainsburys.co.uk/shop/gb/groceries/product/details/all-future-brands/phil-smith-super-smooth-keratin-protection-spray-125ml', 'Phil Smith Super Smooth Keratin Protection Spray 125ml', '£4.00', '£3.20 / 100ml')
('https://www.sainsburys.co.uk/shop/gb/groceries/product/details/exclusives-44/nice-argentinian-malbec-25cl', 'Nice Argentinian Malbec 25cl', '£2.65', '£1060.00 / ltr')
('https://www.sainsburys.co.uk/shop/gb/groceries/product/details/exclusives-44/odysea-roasted-sweet-red-pepper-meze-220g', 'Odysea Roasted Sweet Red Pepper Meze 220g', '£2.50', '£1.14 / 100g')
('https://www.sainsburys.co.uk/shop/gb/groceries/product/details/exclusives-44/nucao-almond-sea-salt-choc-40g', 'Nu+cao Almond Sea Salt Choc 40g', '£2.00', '£5.00 / 100g')
('https://www.sainsburys.co.uk/shop/gb/groceries/product/details/exclusives-44/provamel-organic-bio-almond-1l', 'Provamel Organic Almond No Sugars Drink 1L', '£2.50', '£2.50 / ltr')
('https://www.sainsburys.co.uk/shop/gb/groceries/product/details/exclusives-44/tariq-halal-skinless-fillet-2kg', 'Tariq Halal Fresh Skinless Chicken Breast Fillets 2kg', '£13.00', '£6.50 / kg')
('https://www.sainsburys.co.uk/shop/gb/groceries/product/details/exclusives-44/tandoori-spatchcock-chicken-900g', 'Tariq Halal Spatchcock Chicken with Tandoori Glaze 912g', '£4.00', '£4.44 / kg')
('https://www.sainsburys.co.uk/shop/gb/groceries/product/details/exclusives-44/guud-blueberry-4x80ml', 'Guuud Blueberry Greek Yoghurt Ice Cream 4x80ml', '£3.50', '£1.09 / 100ml')
('https://www.sainsburys.co.uk/shop/gb/groceries/product/details/exclusives-44/wuka-period-pants-medium-flow-size-small', 'Wuka Period Pants Medium Flow Size Small', '£18.00', '£18.00 / ea')
('https://www.sainsburys.co.uk/shop/gb/groceries/product/details/exclusives-44/the-good-tide-seafood-co-white-and-brown-crab-100g', 'The Good Tide Seafood Co. White and Brown Crab 100g', '£3.50', '£3.50 / 100g')
('https://www.sainsburys.co.uk/shop/gb/groceries/product/details/exclusives-44/the-good-tide-seafood-co-white-crab-100g', 'The Good Tide Seafood Co. White Crab 100g', '£4.00', '£4.00 / 100g')
('https://www.sainsburys.co.uk/shop/gb/groceries/product/details/exclusives-44/sainsburys-peking-no-duck-jackfruit-150g', 'Plant Pioneers Peking No Duck Jackfruit 150g', '£1.50', '£10.00 / kg')
('https://www.sainsburys.co.uk/shop/gb/groceries/product/details/exclusives-44/boutique-nail-polish-champagne-gold-10ml', 'Boutique Nail Polish 10ml', '£3.00', '£3.00 / 10ml')
('https://www.sainsburys.co.uk/shop/gb/groceries/product/details/exclusives-44/btq-moisturising-lip-vlvet-berry-pie-5ml', 'Boutique Moisturising Lip Vlvet Berry Pie 5ml', '£4.00', '£4.00 / ea')
('https://www.sainsburys.co.uk/shop/gb/groceries/product/details/exclusives-44/boutique-metallic-eyeshadow-cream-3', 'Boutique Metallic Eye Cream Gunmetal 10ml', '£4.00', '£4.00 / ea')
('https://www.sainsburys.co.uk/shop/gb/groceries/product/details/exclusives-44/boutique-ss19-eyeshadow-palette', 'Boutique Eyeshadow Palette Peaches & Cream 8.4g', '£6.00', '£6.00 / ea')
('https://www.sainsburys.co.uk/shop/gb/groceries/product/details/exclusives-44/btq-serum-fdtn-espresso-martini-30ml', 'Boutique Serum Foundation Espresso', '£5.00', '£5.00 / ea')
('https://www.sainsburys.co.uk/shop/gb/groceries/product/details/exclusives-44/tip-mix-fruit-multipack-6x150g', "Tip 'n' Mix Fruit Multipack Yoghurts 6x150g", '£1.90', '21p / 100g')
('https://www.sainsburys.co.uk/shop/gb/groceries/product/details/exclusives-44/my-skin-matters-dermacare-moisture-care-shower-gel-500ml', 'My Skin Matters Dermacare Moisture Care Shower Gel 500ml', '£1.50', '30p / 100ml')
('https://www.sainsburys.co.uk/shop/gb/groceries/product/details/all-price-lock/sainsburys-tuna-chunks-in-water-160g', "Sainsbury's Tuna Chunks In Water 160g", '£1.05', '88p / 100g')
('https://www.sainsburys.co.uk/shop/gb/groceries/product/details/all-price-lock/sainsburys-skimmed-milk-powder-300g', "Sainsbury's Skimmed Milk Powder 300g", '£1.80', '60p / 100g')
('https://www.sainsburys.co.uk/shop/gb/groceries/product/details/all-price-lock/del-monte-sliced-pineapple-in-juice-227g', 'Del Monte Sliced Pineapple in Juice 220g (140g Drained)', '80p', '57p / 100g')
('https://www.sainsburys.co.uk/shop/gb/groceries/product/details/all-price-lock/fairy-gel-non-bio-2l', 'Fairy Non Bio Washing Liquid for Sensitive Skin 1.12L (32 Washes)', '£5.00', '£4.46 / ltr')
('https://www.sainsburys.co.uk/shop/gb/groceries/product/details/all-price-lock/sainsburys-tuna-drained---ready-brine-120g', "Sainsbury's Tuna Drained & Ready Brine 120g", '£1.35', '£1.13 / 100g')
('https://www.sainsburys.co.uk/shop/gb/groceries/product/details/all-price-lock/felix-as-good-as-it-looks-cat-food-ocean-feasts-40-x-100g-7718738-p', 'Felix As Good As It Looks Cat Food Ocean Feasts 40 X 100g', '£11.00', '£2.75 / kg')
('https://www.sainsburys.co.uk/shop/gb/groceries/product/details/all-price-lock/sainsburys-rock-salt-grinder-100g', "Sainsbury's Rock Salt Grinder 100g", '£2.00', '£20.00 / kg')
('https://www.sainsburys.co.uk/shop/gb/groceries/product/details/all-price-lock/sainsburys-fine-sea-salt-350g', "Sainsbury's Fine Sea Salt 350g", '95p', '£2.71 / kg')
('https://www.sainsburys.co.uk/shop/gb/groceries/product/details/all-price-lock/palmolive-hygiene-plus-sensitive-handwash--aloe-300ml', 'Palmolive Hygiene Plus Aloe Sensitive Antibacterial Liquid Handwash Soap 300ml', '90p', '30p / 100ml')
('https://www.sainsburys.co.uk/shop/gb/groceries/product/details/all-price-lock/aquafresh-complete-care-whitening-toothpaste-100ml', 'Aquafresh Complete Care Whitening Toothpaste 100ml', '£1.00', '£1.00 / 100ml')
('https://www.sainsburys.co.uk/shop/gb/groceries/product/details/all-price-lock/ambrosia-my-mini-rice-x6-330g', 'Ambrosia Rice Pudding Mini Pots 6x55g', '£1.50', '45p / 100g')
('https://www.sainsburys.co.uk/shop/gb/groceries/product/details/all-price-lock/sainsburys-winemakers-cream-british-fortified-wine-1l', "Sainsbury's Winemakers' Selection Cream British Fortified Wine 1L", '£5.50', '£4.13 / 75cl')
('https://www.sainsburys.co.uk/shop/gb/groceries/product/details/all-price-lock/organix-goodies--soft-oaty-banana-bars-6x30g', 'Organix Banana Soft Oaty Bars 6x30g', '£2.20', '£1.22 / 100g')
('https://www.sainsburys.co.uk/shop/gb/groceries/product/details/all-price-lock/gourmet-mon-petit-with-duck--chicken---turkey-6x50g', 'Gourmet Mon Petit Cat Food Pouches Poultry 6x50g', '£1.60', '£5.33 / kg')
('https://www.sainsburys.co.uk/shop/gb/groceries/product/details/all-price-lock/desperados-650ml', 'Desperados Tequila Lager Beer Bottle 650ml', '£2.40', '£3.69 / ltr')
('https://www.sainsburys.co.uk/shop/gb/groceries/product/details/all-price-lock/walkers-crinkles-sea-salted-5x28g', 'Walkers Crinkles Simply Salted Multipack Crisps 6x23g', '£1.00', '72p / 100g')
('https://www.sainsburys.co.uk/shop/gb/groceries/product/details/all-price-lock/sainsburys-ultra-towel-night-wings-x10', "Sainsbury's Ultra Towel Night Wings x10", '65p', '7p / ea')
('https://www.sainsburys.co.uk/shop/gb/groceries/product/details/all-price-lock/heinz-tomato---mozzarella-pasta-230gm', 'Heinz Tomato & Mozzarella Pasta Tray Meal 230g 12 Month+', '£1.35', '59p / 100g')
('https://www.sainsburys.co.uk/shop/gb/groceries/product/details/all-price-lock/heinz-chicken---sweetcorn-soup-400g', 'Heinz Chicken & Sweetcorn Soup 400g', '80p', '20p / 100g')
('https://www.sainsburys.co.uk/shop/gb/groceries/product/details/all-price-lock/natco-coriander-ground-100g', 'Natco Coriander Ground 100g', '80p', '8p / 10g')
('https://www.sainsburys.co.uk/shop/gb/groceries/product/details/all-price-lock/natco-tandoori-masala-100g', 'Natco Tandoori Masala 100g', '80p', '8p / 10g')
('https://www.sainsburys.co.uk/shop/gb/groceries/product/details/all-price-lock/natco-turmeric-powder-100g', 'Natco Turmeric Powder 100g', '80p', '8p / 10g')
('https://www.sainsburys.co.uk/shop/gb/groceries/product/details/all-price-lock/natco-cumin-seeds-jeera-100g', 'Natco Cumin Seeds (jeera) 100g', '£1.00', '10p / 10g')
('https://www.sainsburys.co.uk/shop/gb/groceries/product/details/all-price-lock/nescafe-dolce-gusto-americano-coffee-x16-pods-16-drinks', 'Nescafe Dolce Gusto Americano Coffee x16 Pods, 16 Drinks', '£3.50', '£2.19 / 100g')
('https://www.sainsburys.co.uk/shop/gb/groceries/product/details/all-price-lock/sainsburys-darjeeling-loose-tea--taste-the-difference-125g', "Sainsbury's Darjeeling Loose Tea, Taste the Difference 125g", '£1.75', '£1.40 / 100g')
('https://www.sainsburys.co.uk/shop/gb/groceries/product/details/all-price-lock/kelloggs-cereal---milk-bars--coco-pops-6x20g', "Kellogg's Coco Pops Bars 6x20g", '£1.00', '83p / 100g')
('https://www.sainsburys.co.uk/shop/gb/groceries/product/details/all-price-lock/oxo-24-chicken-stock-cubes-142g', 'Oxo Chicken Stock Cubes x24 142g', '£2.00', '£1.41 / 100g')
('https://www.sainsburys.co.uk/shop/gb/groceries/product/details/all-price-lock/gallo-family-vineyards-white-zinfandel-75cl', 'Gallo Family Vineyards White Zinfandel 75cl', '£5.50', '£5.50 / 75cl')
('https://www.sainsburys.co.uk/shop/gb/groceries/product/details/all-price-lock/knorr-stock-cubes--beef-x8-80g', 'Knorr Stock Cubes Beef 8x10g', '£1.25', '£1.56 / 100g')
('https://www.sainsburys.co.uk/shop/gb/groceries/product/details/all-price-lock/sainsburys-drawstring-refuse-sacks-x20', "Sainsbury's Drawstring Refuse Sacks x20", '£2.25', '11p / ea')
('https://www.sainsburys.co.uk/shop/gb/groceries/product/details/all-price-lock/sainsburys-long-life-semi-skimmed-milk-500ml', "Sainsbury's Long Life Semi Skimmed Milk 500ml", '55p', '£1.10 / ltr')
('https://www.sainsburys.co.uk/shop/gb/groceries/product/details/all-price-lock/sainsburys-chicken-tikka-masala-400g', "Sainsbury's Chicken Tikka Masala 400g", '£1.50', '£3.75 / kg')
('https://www.sainsburys.co.uk/shop/gb/groceries/product/details/all-price-lock/sainsburys-vanilla-sponge-400g', "Sainsbury's Vanilla Sponge 400g", '£1.00', '£2.50 / kg')
('https://www.sainsburys.co.uk/shop/gb/groceries/product/details/all-price-lock/sainsburys-multi-coloured-hundreds-thousands-80g', "Sainsbury's Cake Decorations, Multi Coloured 100s & 1000s 80g", '£1.00', '£1.25 / 100g')
('https://www.sainsburys.co.uk/shop/gb/groceries/product/details/all-price-lock/sainsburys-chocolate-vermicelli-69g', "Sainsbury's Cake Decorations, Chocolate Vermicelli 69g", '£1.00', '£1.45 / 100g')
('https://www.sainsburys.co.uk/shop/gb/groceries/product/details/all-price-lock/haribo-supermix-215g', 'Haribo Supermix Sweets Bag 190g', '85p', '45p / 100g')
('https://www.sainsburys.co.uk/shop/gb/groceries/product/details/all-price-lock/sainsburys-fairtrade-colombian-coffee-bags-x10', "Sainsbury's Fairtrade Colombian Coffee Bags, Taste the Difference x10", '£2.65', '£3.53 / 100g')
('https://www.sainsburys.co.uk/shop/gb/groceries/product/details/all-price-lock/punjana-decaffeinated-tea-bags-x80-250g', "Thompson's Decaffeinated Tea Bags x80 250g", '£2.40', '96p / 100g')
('https://www.sainsburys.co.uk/shop/gb/groceries/product/details/all-price-lock/princes-tuna-chunks-in-spring-water-4x145g-112g*-', 'Princes Tuna Chunks in Spring Water 4x145g (112g*)', '£3.25', '80p / 100g')
('https://www.sainsburys.co.uk/shop/gb/groceries/product/details/all-price-lock/sainsburys-wild-pacific-red-salmon-105g', "Sainsbury's Wild Pacific Red Salmon 105g", '£2.30', '£2.19 / 100g')
('https://www.sainsburys.co.uk/shop/gb/groceries/product/details/all-price-lock/heinz-classic-scotch-broth-400g', 'Heinz Classic Scotch Broth 400g', '80p', '20p / 100g')
('https://www.sainsburys.co.uk/shop/gb/groceries/product/details/all-price-lock/heinz-farmhouse-beef-broth-400g', 'Heinz Farmhouse Beef Broth 400g', '80p', '20p / 100g')
('https://www.sainsburys.co.uk/shop/gb/groceries/product/details/all-price-lock/heinz-mulligatawny-soup-400g', 'Heinz Mulligatawny Soup 400g', '80p', '20p / 100g')
('https://www.sainsburys.co.uk/shop/gb/groceries/product/details/womens-health--/centrum-multigummies-for-adults-cherry-berry-orange-gummies-x60', 'Centrum MultiGummies for Adults Cherry, Berry & Orange Gummies x60', '£12.50', '£12.50 / ea')
('https://www.sainsburys.co.uk/shop/gb/groceries/product/details/womens-health--/vitabiotics-ultra-vit-b-complex-premium-quality-tablets-x60', 'Vitabiotics Ultra Vit B Complex Premium Quality Tablets x60', '£4.50', '8p / tblt')
('https://www.sainsburys.co.uk/shop/gb/groceries/product/details/womens-health--/centrum-multigummies-for-adults-cherry-berry-orange-gummies-x30', 'Centrum MultiGummies for Adults Cherry, Berry & Orange Gummies x30', '£6.50', '22p / ea')
('https://www.sainsburys.co.uk/shop/gb/groceries/product/details/womens-health--/sainsburys-a-z-multivitamins---minerals-x-180', "Sainsbury's Health A-Z Multivitamins & Minerals One A Day x180 Tablets", '£8.00', '4p / ea')
('https://www.sainsburys.co.uk/shop/gb/groceries/product/details/womens-health--/sainsburys-evening-primrose-oil-1000mg-x-180', "Sainsbury's Women's Evening Primrose Oil 1000mg Capsules 1 a Day x180", '£9.00', '5p / ea')
('https://www.sainsburys.co.uk/shop/gb/groceries/product/details/womens-health--/pregnacare-during-pregnancy-original-x75', 'Pregnacare During Pregnancy Original x75', '£8.00', '11p / ea')
('https://www.sainsburys.co.uk/shop/gb/groceries/product/details/womens-health--/centrum-advance-50-x180', 'Centrum Advance 50+ x180', '£17.00', '9p / ea')
('https://www.sainsburys.co.uk/shop/gb/groceries/product/details/womens-health--/seven-seas-conception-trying-for-a-baby', 'Seven Seas Trying for a baby Capsules Pre-Conception Multivitamin Capsules 28 tablets', '£4.00', '14p / ea')
('https://www.sainsburys.co.uk/shop/gb/groceries/product/details/womens-health--/sainsburys-hair-skin---nails-x30', "Sainsbury's Hair Skin & Nails x30", '£3.00', '10p / ea')
('https://www.sainsburys.co.uk/shop/gb/groceries/product/details/womens-health--/sainsburys-folic-acid-x90-400ug', "Sainsbury's Folic Acid x90 400ug", '£1.00', '1p / ea')
('https://www.sainsburys.co.uk/shop/gb/groceries/product/details/womens-health--/centrum-advance-50-x30', 'Centrum Advance 50+ Multivitamins & Minerals Tablets x30', '£5.00', '17p / ea')
('https://www.sainsburys.co.uk/shop/gb/groceries/product/details/womens-health--/vitabiotics-feroglobin-capsules-x30', 'Vitabiotics Feroglobin Capsules x30', '£4.50', '15p / ea')
('https://www.sainsburys.co.uk/shop/gb/groceries/product/details/womens-health--/centrum-advance-x100', 'Centrum Advance x100', '£10.00', '10p / ea')
('https://www.sainsburys.co.uk/shop/gb/groceries/product/details/womens-health--/pregnacare-capsules-x30', 'Pregnacare Capsules x30', '£4.00', '13p / tblt')
('https://www.sainsburys.co.uk/shop/gb/groceries/product/details/womens-health--/vitabiotics-perfectil-plus-skin-extra-support-tabs-caps-x56', 'Vitabiotics Perfectil Plus Skin Extra Support Tabs/Caps x56', '£17.00', '30p / tblt')
('https://www.sainsburys.co.uk/shop/gb/groceries/product/details/womens-health--/spatone-liquid-iron-supplement-with-vitamin-c-sachets-28x25ml-700ml', 'Spatone Liquid Iron Supplement with Vitamin C Sachets (28x25ml) 700ml', '£12.50', '£12.50 / ea')
('https://www.sainsburys.co.uk/shop/gb/groceries/product/details/womens-health--/spatone-liquid-iron-supplement-with-vitamin-c-14x25ml-350ml', 'Spatone Liquid Iron Supplement with Vitamin C (14x25ml) 350ml', '£8.00', '£8.00 / ea')
('https://www.sainsburys.co.uk/shop/gb/groceries/product/details/womens-health--/spatone-liquid-iron-sachets-14x25ml-350ml', 'Spatone Liquid Iron Sachets (14x25ml) 350ml', '£8.00', '£8.00 / ea')
('https://www.sainsburys.co.uk/shop/gb/groceries/product/details/womens-health--/sainsburys-starflower-oil-1000mg-x-60', "Sainsbury's Women's Starflower Oil 1000mg One A Day x60 Capsules", '£6.00', '10p / ea')
('https://www.sainsburys.co.uk/shop/gb/groceries/product/details/womens-health--/centrum-for-women-50-x30', 'Centrum For Women 50+ x30', '£6.00', '20p / ea')
('https://www.sainsburys.co.uk/shop/gb/groceries/product/details/womens-health--/seven-seas-pregnancy-multivitamin-x28', 'Seven Seas Pregnancy Multivitamin Tablets x28', '£3.50', '13p / ea')
('https://www.sainsburys.co.uk/shop/gb/groceries/product/details/womens-health--/centrum-advance-for-women-x30', 'Centrum Advance For Women x30', '£5.00', '17p / ea')
('https://www.sainsburys.co.uk/shop/gb/groceries/product/details/immunity-and-iron-/centrum-performance-x30', 'Centrum Performance x30', '£5.50', '18p / tblt')
('https://www.sainsburys.co.uk/shop/gb/groceries/product/details/immunity-and-iron-/centrum-fruity-chewables-x30', 'Centrum Fruity Chewables x30', '£5.00', '17p / tblt')
('https://www.sainsburys.co.uk/shop/gb/groceries/product/details/immunity-and-iron-/centrum-multigummies-immunity-support-food-supplement-x30', 'Centrum MultiGummies Immunity Support Food Supplement x30', '£6.50', '22p / tblt')
('https://www.sainsburys.co.uk/shop/gb/groceries/product/details/immunity-and-iron-/centrum-multigummies-energy-release-food-supplement-x60', 'Centrum MultiGummies Energy Release Food Supplement X60', '£12.50', '21p / tblt')
('https://www.sainsburys.co.uk/shop/gb/groceries/product/details/immunity-and-iron-/centrum-men-multivitamin-tablets-x60', 'Centrum Men Multivitamin Tablets x60', '£9.00', '£9.00 / ea')
('https://www.sainsburys.co.uk/shop/gb/groceries/product/details/immunity-and-iron-/centrum-advance-multivitamin-tablets-x60', 'Centrum Advance Multivitamin Tablets x60', '£8.00', '£8.00 / ea')
('https://www.sainsburys.co.uk/shop/gb/groceries/product/details/immunity-and-iron-/centrum-advance-x30', 'Centrum Advance x30', '£4.50', '15p / ea')
('https://www.sainsburys.co.uk/shop/gb/groceries/product/details/immunity-and-iron-/centrum-performance-x60', 'Centrum Performance x60', '£9.00', '15p / tblt')
('https://www.sainsburys.co.uk/shop/gb/groceries/product/details/immunity-and-iron-/centrum-multigummies-for-adults-cherry-berry-orange-gummies-x30', 'Centrum MultiGummies for Adults Cherry, Berry & Orange Gummies x30', '£6.50', '22p / ea')
('https://www.sainsburys.co.uk/shop/gb/groceries/product/details/immunity-and-iron-/sainsburys-chewable-vitamin-c-1000mg-x-60', "Sainsbury's Immune Chewable Vitamin C 1000mg One A Day x60 Tablets", '£4.00', '7p / ea')
('https://www.sainsburys.co.uk/shop/gb/groceries/product/details/immunity-and-iron-/centrum-advance-50-x180', 'Centrum Advance 50+ x180', '£17.00', '9p / ea')
('https://www.sainsburys.co.uk/shop/gb/groceries/product/details/immunity-and-iron-/sainsburys-selenium---vitamins-ace-x60', "Sainsbury's Immune Selenium & Vitamins A, C, E One a Day Tablets x60", '£2.50', '4p / ea')
('https://www.sainsburys.co.uk/shop/gb/groceries/product/details/immunity-and-iron-/centrum-advance-50-x30', 'Centrum Advance 50+ Multivitamins & Minerals Tablets x30', '£5.00', '17p / ea')
('https://www.sainsburys.co.uk/shop/gb/groceries/product/details/immunity-and-iron-/sainsburys-chewable-vitamin-c-1000mg-x-180', "Sainsbury's Immune Chewable Vitamin C 1000mg Tablets 1 a Day x180", '£10.00', '6p / ea')
('https://www.sainsburys.co.uk/shop/gb/groceries/product/details/immunity-and-iron-/sainsburys-effervescent-vitamin-c--berry-1000mg-x20', "Sainsbury's Effervescent Vitamin C, Berry 1000mg x20", '79p', '4p / ea')
('https://www.sainsburys.co.uk/shop/gb/groceries/product/details/immunity-and-iron-/vitabiotics-feroglobin-capsules-x30', 'Vitabiotics Feroglobin Capsules x30', '£4.50', '15p / ea')
('https://www.sainsburys.co.uk/shop/gb/groceries/product/details/immunity-and-iron-/sainsburys-effervescent-vitamin-c---zinc-x20', "Sainsbury's Effervescent Vitamin C & Zinc x20", '£1.75', '9p / ea')
('https://www.sainsburys.co.uk/shop/gb/groceries/product/details/immunity-and-iron-/centrum-advance-x100', 'Centrum Advance x100', '£10.00', '10p / ea')
('https://www.sainsburys.co.uk/shop/gb/groceries/product/details/immunity-and-iron-/haliborange-effervescent-vitamin-c--blackcurrant-flavour-x20', 'Haliborange Effervescent Vitamin C, Blackcurrant Flavour x20', '£4.00', '20p / ea')
('https://www.sainsburys.co.uk/shop/gb/groceries/product/details/immunity-and-iron-/vitabiotics-ultra-vitamin-c-1000mg-fizz-natural-orange-flavour-tablets-x20', 'Vitabiotics Ultra Vitamin C 1000mg Fizz Natural Orange Flavour Tablets x20', '£4.50', '23p / tblt')
('https://www.sainsburys.co.uk/shop/gb/groceries/product/details/all-mothers-day/sainsburys-jersey-double-cream--taste-the-difference-284ml', "Sainsbury's Jersey Double Cream, Taste the Difference 284ml", '£1.85', '65p / 100ml')
('https://www.sainsburys.co.uk/shop/gb/groceries/product/details/all-mothers-day/sainsburys-orange-juice--freshly-squeezed-smooth--taste-the-difference-1l', "Sainsbury's Freshly Squeezed Smooth Orange Juice, Taste the Difference 1L", '£2.50', '25p / 100ml')
('https://www.sainsburys.co.uk/shop/gb/groceries/product/details/all-mothers-day/sainsburys-sweet-pancakes-375g', "Sainsbury's Sweet Pancakes x6 375g", '£1.50', '40p / 100g')
('https://www.sainsburys.co.uk/shop/gb/groceries/product/details/all-mothers-day/maltesers-box-120g', 'Maltesers Chocolate Box 110g', '£1.25', '£1.13 / 100g')
('https://www.sainsburys.co.uk/shop/gb/groceries/product/details/all-mothers-day/sainsburys-brioche-bread---butter-pud--taste-the-difference-535g', "Sainsbury's Brioche Bread & Butter Pudding Dessert, Taste the Difference 535g", '£4.00', '75p / 100g')
('https://www.sainsburys.co.uk/shop/gb/groceries/product/details/all-mothers-day/sainsburys-multigrain---rye-bloomer-taste-the-difference-400g-6542212-p', "Sainsbury's Multigrain & Rye Bloomer Taste the Difference 400g", '£1.70', '43p / 100g')
('https://www.sainsburys.co.uk/shop/gb/groceries/product/details/all-mothers-day/lindt-lindor-extra-dark-chocolate-truffles-box-200g', 'Lindt Lindor Extra Dark Chocolate Truffles Box 200g', '£4.00', '£2.00 / 100g')
('https://www.sainsburys.co.uk/shop/gb/groceries/product/details/all-mothers-day/mr-kipling-viennese-whirls-x6', 'Mr Kipling Viennese Whirls x6', '£1.60', '27p / ea')
('https://www.sainsburys.co.uk/shop/gb/groceries/product/details/all-mothers-day/mr-kipling-french-fancies-x8', 'Mr Kipling French Fancies x8', '£1.50', '19p / ea')
('https://www.sainsburys.co.uk/shop/gb/groceries/product/details/all-mothers-day/sainsburys-coconut-macaroons-x6', "Sainsbury's Coconut Macaroons x6", '£1.00', '17p / ea')
('https://www.sainsburys.co.uk/shop/gb/groceries/product/details/all-mothers-day/sainsburys-red-chocolate-hearts-net-75g', "Sainsbury's Chocolate Hearts 77g", '3p', '4p / 100g')
('https://www.sainsburys.co.uk/shop/gb/groceries/product/details/all-mothers-day/lindt-dark-hazelnut-150g', 'Lindt Les Grandes Dark Chocolate Hazelnut Bar 150g', '£3.00', '£2.00 / 100g')
('https://www.sainsburys.co.uk/shop/gb/groceries/product/details/all-mothers-day/alpro-almond-milk--unsweetened-uht-1l', 'Alpro Almond No Sugars Long Life Drink 1L', '£1.80', '£1.80 / ltr')
('https://www.sainsburys.co.uk/shop/gb/groceries/product/details/all-mothers-day/mum-sending-all-my-love-mothers-day-card', "Mum Sending All my Love Mother's Day Card", '£4.00', '£4.00 / ea')
('https://www.sainsburys.co.uk/shop/gb/groceries/product/details/all-mothers-day/thanks-for-all-you-do-happy-mothers-day-card', 'Thanks for all you do Happy Mothers Day Card', '£3.50', '£3.50 / ea')
('https://www.sainsburys.co.uk/shop/gb/groceries/product/details/all-mothers-day/lovely-mother-mothers-day-card', 'Lovely Mother Mothers Day Card', '£2.75', '£2.75 / ea')
('https://www.sainsburys.co.uk/shop/gb/groceries/product/details/all-mothers-day/lee-stafford-making-waves-multi-waver', "Lee Stafford 'Making Waves' Multi Waver", '£35.00', '£35.00 / ea')
('https://www.sainsburys.co.uk/shop/gb/groceries/product/details/all-mothers-day/mug-f', 'Mug "F"', '£4.50', '£4.50 / ea')
('https://www.sainsburys.co.uk/shop/gb/groceries/product/details/all-mothers-day/mug-r-138078118-p-44', 'Mug "R"', '£4.50', '£4.50 / ea')
('https://www.sainsburys.co.uk/shop/gb/groceries/product/details/all-mothers-day/mug-m-138077967-p-44', 'Mug "M"', '£4.50', '£4.50 / ea')
('https://www.sainsburys.co.uk/shop/gb/groceries/product/details/all-mothers-day/qa-hyaluronic-acid-gel-cleanser-125ml', 'Q+A Hyaluronic Acid Gel Cleanser 125ml', '£5.50', '£4.40 / 100ml')
('https://www.sainsburys.co.uk/shop/gb/groceries/product/details/all-mothers-day/drinks-bottle-k', 'Drinks Bottle "K"', '£5.00', '£5.00 / ea')
('https://www.sainsburys.co.uk/shop/gb/groceries/product/details/all-mothers-day/sainsburys-vegan-gravy-taste-the-difference-350g', "Sainsbury's Vegan Gravy, Taste the Difference 350g", '£1.50', '43p / 100g')
('https://www.sainsburys.co.uk/shop/gb/groceries/product/details/all-mothers-day/coconut-collab-melt-in-the-middle-2x90g', 'The Coconut Collaborative Chocolate Melt in the Middle Puddings 2x90g', '£3.00', '£1.67 / 100g')
('https://www.sainsburys.co.uk/shop/gb/groceries/product/details/all-mothers-day/sainsburys-blueberry-pancakes-taste-the-difference-x4-240g', "Sainsbury's Blueberry Pancakes, Taste the Difference x4 240g", '£1.25', '31p / ea')
('https://www.sainsburys.co.uk/shop/gb/groceries/product/details/all-mothers-day/nipfab-vitamin-c-fix-serum', 'Nip+Fab Vitamin C Fix Serum 50ml', '£20.00', '£40.00 / 100ml')
('https://www.sainsburys.co.uk/shop/gb/groceries/product/details/all-mothers-day/nipfab-retinol-fix-sheet-mask', 'Nip+Fab Retinol Fix Sheet Mask 25ml', '£5.50', '£22.00 / 100ml')
('https://www.sainsburys.co.uk/shop/gb/groceries/product/details/all-mothers-day/boofle-nanny-mothers-day-card', 'Boofle Nanny Mothers Day Card', '£2.50', '£2.50 / ea')
('https://www.sainsburys.co.uk/shop/gb/groceries/product/details/all-mothers-day/sainsburys-deliciously-free-from-eric-the-caterpillar-cake-592g', "Sainsbury's Deliciously Free From Eric The Caterpillar Cake 592g", '£6.00', '£1.01 / 100g')
('https://www.sainsburys.co.uk/shop/gb/groceries/product/details/all-mothers-day/bisto-best-beef-gravy-250g', 'Bisto Best Beef Gravy 250g', '£2.90', '£1.16 / 100g')
('https://www.sainsburys.co.uk/shop/gb/groceries/product/details/all-mothers-day/olay-retinol-night-serum-40ml', 'Olay Retinol24 Night Serum With Retinol & Vitamin B3 40ml', '£17.50', '£35.00 / 100g')
('https://www.sainsburys.co.uk/shop/gb/groceries/product/details/all-mothers-day/dermo-exp-revita-laser-day-spf-50ml', "L'Oreal Paris Revitalift Laser Renew Anti-Ageing Cream SPF20 50ml", '£15.00', '£2.00 / 100g')
('https://www.sainsburys.co.uk/shop/gb/groceries/product/details/all-mothers-day/method-simply-nourish-shower-532ml', 'Method Simply Nourish Body Wash 532ml', '£6.00', '£1.13 / 100ml')
('https://www.sainsburys.co.uk/shop/gb/groceries/product/details/all-mothers-day/monty-bojangles-truffle-selection-135g', 'Monty Bojangles Truffle Selection 135g', '£3.00', '£2.22 / 100g')
('https://www.sainsburys.co.uk/shop/gb/groceries/product/details/all-mothers-day/fentimans-light-raspberry-250ml', 'Fentimans Light Sparkling Raspberry 250ml', '£1.25', '50p / 100ml')
('https://www.sainsburys.co.uk/shop/gb/groceries/product/details/all-mothers-day/outdoor-reindeer-novelty', "Sainsbury's Outdoor Animal Novelty", '£7.00', '£7.00 / ea')
('https://www.sainsburys.co.uk/shop/gb/groceries/product/details/all-mothers-day/sainsburys-deliciously-free-from-2-croissants-130g', "Sainsbury's Deliciously Free From 2 Croissants 130g", '£2.00', '£1.54 / 100g')
('https://www.sainsburys.co.uk/shop/gb/groceries/product/details/all-mothers-day/leon-mayonnaise-245ml', 'LEON The Original Vegan Mayo 240g', '£2.50', '£1.04 / 100g')
('https://www.sainsburys.co.uk/shop/gb/groceries/product/details/all-mothers-day/habitat-hand-duo-2x300ml', 'Habitat Hand Wash Duo 2x300ml', '£8.00', '£1.33 / 100ml')
('https://www.sainsburys.co.uk/shop/gb/groceries/product/details/all-mothers-day/campo-viejo-albariño-2018-rias-baixas-white-wine-75cl', 'Campo Viejo Albariño 2018, Rias Baixas White Wine, 75cl', '£8.50', '£8.50 / 75cl')
('https://www.sainsburys.co.uk/shop/gb/groceries/product/details/all-mothers-day/baylis-harding-royale-garden-hand-cream-x3', 'Baylis & Harding Royale Garden Hand Cream x3', '£6.00', '£2.00 / ea')
('https://www.sainsburys.co.uk/shop/gb/groceries/product/details/all-mothers-day/phil-smith-salon-collection-dc-dryer-with-diffuser', 'Phil Smith Rose Salon Collection Hair Dryer', '£18.00', '£18.00 / ea')
('https://www.sainsburys.co.uk/shop/gb/groceries/product/details/all-mothers-day/sanctuary-spa-12-hour-shower-cream-250ml-7968767-p', 'Sanctuary Spa 12 Hour Shower Cream 250ml', '£5.50', '£2.20 / 100ml')
('https://www.sainsburys.co.uk/shop/gb/groceries/product/details/cucumber-celery/sainsburys-cucumber--large', "Sainsbury's Large Whole Cucumber", '75p', '75p / ea')
('https://www.sainsburys.co.uk/shop/gb/groceries/product/details/spring-onions-radish-beetroot/florette-beetroot-330g', 'Florette Beetroot 330g', '£1.50', '45p / 100g')
('https://www.sainsburys.co.uk/shop/gb/groceries/product/details/spring-onions-radish-beetroot/sainsburys-radish-200g', "Sainsbury's Radish 200g", '55p', '28p / 100g')
('https://www.sainsburys.co.uk/shop/gb/groceries/product/details/spring-onions-radish-beetroot/sainsburys-cocktail-beetroot--taste-the-difference-200g', "Sainsbury's Cocktail Beetroot 200g", '£1.50', '75p / 100g')
('https://www.sainsburys.co.uk/shop/gb/groceries/product/details/spring-onions-radish-beetroot/sainsburys-salad-spring-onion-bunch--so-organic-100g', "Sainsbury's Spring Onion Bunch, SO Organic 100g", '95p', '95p / ea')
('https://www.sainsburys.co.uk/shop/gb/groceries/product/details/spring-onions-radish-beetroot/sainsburys-beetroot-in-vinegar-300g', "Sainsbury's Beetroot In Vinegar 300g", '£1.00', '33p / 100g')
('https://www.sainsburys.co.uk/shop/gb/groceries/product/details/spring-onions-radish-beetroot/the-greengrocers-scallions-bunches', "The Greengrocer's Scallions Bunches", '37p', '37p / ea')
('https://www.sainsburys.co.uk/shop/gb/groceries/product/details/spring-onions-radish-beetroot/sainsburys-bunched-radish-135g-5005-p-44', "Sainsbury's Bunched Radish 135g", '£1.00', '74p / 100g')
('https://www.sainsburys.co.uk/shop/gb/groceries/product/details/spring-onions-radish-beetroot/sainsburys-beetroot-vacuum-pack-250g', "Sainsbury's Beetroot Vacuum Pack 250g", '80p', '32p / 100g')
('https://www.sainsburys.co.uk/shop/gb/groceries/product/details/spring-onions-radish-beetroot/sainsburys-sweet-chilli-cocktail-beetroot-taste-the-difference-200g', "Sainsbury's Sweet Chilli Beetroot 200g", '£1.50', '75p / 100g')
('https://www.sainsburys.co.uk/shop/gb/groceries/product/details/spring-onions-radish-beetroot/sainsburys-spring-onions-bunch-100g', "Sainsbury's Spring Onions Bunch 100g", '37p', '37p / ea')
('https://www.sainsburys.co.uk/shop/gb/groceries/product/details/spring-onions-radish-beetroot/sainsburys-salad-onions--large-130g', "Sainsbury's Salad Onions, Large 130g", '£1.00', '£1.00 / ea')
('https://www.sainsburys.co.uk/shop/gb/groceries/product/details/spring-onions-radish-beetroot/sainsburys-beetroot-vacuum-pack--so-organic-250g', "Sainsbury's Beetroot Vacuum Pack, SO Organic 250g", '£1.00', '40p / 100g')
('https://www.sainsburys.co.uk/shop/gb/groceries/product/details/special-offers-234766-44/florette-crispy-salad-170g', 'Florette Classic Crispy Salad 170g', '£1.00', '59p / 100g')
('https://www.sainsburys.co.uk/shop/gb/groceries/product/details/all-fresh-herbs---ingredients/the-greengrocers-basil-20g', "The Greengrocer's Basil 20g", '75p', '38p / 10g')
('https://www.sainsburys.co.uk/shop/gb/groceries/product/details/all-fresh-herbs---ingredients/the-greengrocers-rosemary-20g', "The Greengrocer's Rosemary 20g", '75p', '38p / 10g')
('https://www.sainsburys.co.uk/shop/gb/groceries/product/details/all-fresh-herbs---ingredients/sainsburys-thai-herb-kit', "Sainsbury's Thai Style Herb Kit 80g", '£2.00', '25p / 10g')
('https://www.sainsburys.co.uk/shop/gb/groceries/product/details/all-fresh-herbs---ingredients/gourmet-garden-lightly-dried-basil', 'Gourmet Garden Lightly Dried Basil', '£2.00', '£2.00 / 10g')
('https://www.sainsburys.co.uk/shop/gb/groceries/product/details/all-fresh-herbs---ingredients/sainsburys-coriander-paste-75g', "Sainsbury's Coriander Paste 75g", '£1.60', '£2.00 / 100g')
('https://www.sainsburys.co.uk/shop/gb/groceries/product/details/all-fresh-herbs---ingredients/sainsburys-chilli-paste-75g', "Sainsbury's Chilli Paste 80g", '£1.45', '£1.81 / 100g')
('https://www.sainsburys.co.uk/shop/gb/groceries/product/details/all-fresh-herbs---ingredients/sainsburys-stir-fry-vegetables-230g', "Sainsbury's Stir Fry Vegetables 230g", '£1.75', '£7.61 / kg')
('https://www.sainsburys.co.uk/shop/gb/groceries/product/details/all-fresh-herbs---ingredients/sainsburys-stuffing-herb-mix-40g-6276267-p-44', "Sainsbury's Stuffing Herb Mix 40g", '£1.00', '25p / 10g')
('https://www.sainsburys.co.uk/shop/gb/groceries/product/details/all-fresh-herbs---ingredients/sainsburys-japanese-style-stir-fry-sauce-175ml', "Sainsbury's Katsu Curry Stir Fry Sauce 175ml", '50p', '29p / 100ml')
('https://www.sainsburys.co.uk/shop/gb/groceries/product/details/all-fresh-herbs---ingredients/chilli-green-jalapeno-loose', "Sainsbury's Chilli Green Jalapeno Loose", '£10.00 / kg', '£10.00 / kg')
('https://www.sainsburys.co.uk/shop/gb/groceries/product/details/all-fresh-herbs---ingredients/sainsburys-living-basil-small-pot', "Sainsbury's Living Basil Small Pot", '£1.00', '£1.00 / ea')
('https://www.sainsburys.co.uk/shop/gb/groceries/product/details/all-fresh-herbs---ingredients/sainsburys-fresh-packed-lime-leaves-x4', "Sainsbury's Fresh Packed Lime Leaves x4", '£1.20', '30p / ea')
('https://www.sainsburys.co.uk/shop/gb/groceries/product/details/all-fresh-herbs---ingredients/sainsburys-lemongrass-puree-40g', "Sainsbury's Lemongrass Puree 40g", '£1.00', '£2.50 / 100g')
('https://www.sainsburys.co.uk/shop/gb/groceries/product/details/all-fresh-herbs---ingredients/sainsburys-ginger-100g', "Sainsbury's Ginger 100g", '85p', '85p / 100g')
('https://www.sainsburys.co.uk/shop/gb/groceries/product/details/all-fresh-herbs---ingredients/wealmoor-fresh-tamarind-500g-7684386-p-44', 'Wealmoor Fresh Tamarind 500g', '£2.50', '£5.00 / kg')
('https://www.sainsburys.co.uk/shop/gb/groceries/product/details/all-fresh-herbs---ingredients/sainsburys-sweet---crunchy-stir-fry-600g', "Sainsbury's Sweet & Crunchy Stir Fry 600g", '£1.50', '25p / 100g')
('https://www.sainsburys.co.uk/shop/gb/groceries/product/details/all-fresh-herbs---ingredients/sainsburys-fresh-living-oregano-pot', "Sainsbury's Fresh Living Oregano Pot", '£1.25', '£1.25 / ea')
('https://www.sainsburys.co.uk/shop/gb/groceries/product/details/all-fresh-herbs---ingredients/sainsburys-fresh-coriander-bunch-150g', "Sainsbury's Bunched Coriander 150g", '£1.25', '8p / 10g')
('https://www.sainsburys.co.uk/shop/gb/groceries/product/details/all-fresh-herbs---ingredients/sainsburys-dhudi', "Sainsbury's Dhudi", '£1.60', '£1.60 / ea')
('https://www.sainsburys.co.uk/shop/gb/groceries/product/details/all-fresh-herbs---ingredients/sainsburys-sweet-potatoes--so-organic-750g', "Sainsbury's Sweet Potato, SO Organic 750g", '£2.40', '£3.20 / kg')
('https://www.sainsburys.co.uk/shop/gb/groceries/product/details/all-fresh-herbs---ingredients/sainsburys-okra-loose', "Sainsbury's Okra Loose", '£4.95 / kg', '£4.95 / kg')
('https://www.sainsburys.co.uk/shop/gb/groceries/product/details/all-fresh-herbs---ingredients/sainsburys-living-basil-pot', "Sainsbury's Fresh Living Large Basil Pot", '£1.80', '£1.80 / ea')
('https://www.sainsburys.co.uk/shop/gb/groceries/product/details/all-fresh-herbs---ingredients/sainsburys-garlic--so-organic-x3', "Sainsbury's Garlic, SO Organic x3", '£1.00', '33p / ea')
('https://www.sainsburys.co.uk/shop/gb/groceries/product/details/all-fresh-herbs---ingredients/sainsburys-tenderstem-stir-fry--taste-the-difference-240g', "Sainsbury's Tenderstem Stir Fry, Taste the Difference 240g", '£2.50', '£1.04 / 100g')
('https://www.sainsburys.co.uk/shop/gb/groceries/product/details/fresh-pot-herbs/the-greengrocers-basil-20g', "The Greengrocer's Basil 20g", '75p', '38p / 10g')
('https://www.sainsburys.co.uk/shop/gb/groceries/product/details/fresh-pot-herbs/the-greengrocers-rosemary-20g', "The Greengrocer's Rosemary 20g", '75p', '38p / 10g')
('https://www.sainsburys.co.uk/shop/gb/groceries/product/details/fresh-pot-herbs/gourmet-garden-lightly-dried-basil', 'Gourmet Garden Lightly Dried Basil', '£2.00', '£2.00 / 10g')
('https://www.sainsburys.co.uk/shop/gb/groceries/product/details/fresh-pot-herbs/sainsburys-stuffing-herb-mix-40g-6276267-p-44', "Sainsbury's Stuffing Herb Mix 40g", '£1.00', '25p / 10g')
('https://www.sainsburys.co.uk/shop/gb/groceries/product/details/fresh-pot-herbs/sainsburys-living-basil-small-pot', "Sainsbury's Living Basil Small Pot", '£1.00', '£1.00 / ea')
('https://www.sainsburys.co.uk/shop/gb/groceries/product/details/all-beef/sainsburys-beef-sizzler-steaks-350g-7876533-p-44', "Sainsbury's 21 Day Matured Beef Sizzler Steaks 350g", '£3.00', '£8.57 / kg')
('https://www.sainsburys.co.uk/shop/gb/groceries/product/details/all-beef/sainsburys-small-fatted-roasting-joint-500g', "Sainsbury's Small Fatted Roasting Joint 500g", '£5.00', '£10.00 / kg')
('https://www.sainsburys.co.uk/shop/gb/groceries/product/details/all-beef/sainsburys-beef-sizzler-steaks-350g', "Sainsbury's 21 Day Matured Beef Sizzler Steaks 350g", '£3.00', '£8.57 / kg')
('https://www.sainsburys.co.uk/shop/gb/groceries/product/details/all-beef/sainsburys-beef-mince-12-fat-500g-7871219-p-44', "Sainsbury's Beef Mince 12% Fat 500g", '£2.75', '£5.50 / kg')
('https://www.sainsburys.co.uk/shop/gb/groceries/product/details/all-beef/sainsburys-beef-mince-12-fat-500g', "Sainsbury's Beef Mince 12% Fat 500g", '£2.50', '£5.00 / kg')
('https://www.sainsburys.co.uk/shop/gb/groceries/product/details/all-beef/sainsburys-beef-mince-5-fat-250g', "Sainsbury's Beef Mince 5% Fat 250g", '£1.89', '£7.56 / kg')
('https://www.sainsburys.co.uk/shop/gb/groceries/product/details/all-beef/sainsburys-rump-steak-225g-7810587-p-44', "Sainsbury's 21 Day Matured Rump Steak 225g", '£3.50', '£15.56 / kg')
('https://www.sainsburys.co.uk/shop/gb/groceries/product/details/all-beef/sainsburys-rump-steak--so-organic-225g', "Sainsbury's 30 Day Matured Beef Rump Steak, SO Organic 225g", '£4.25', '£18.89 / kg')
('https://www.sainsburys.co.uk/shop/gb/groceries/product/details/all-beef/sainsburys-butchers-choice-beef-burgers-x4-454g', "Sainsbury's Quarter Pounder Beef Burgers x4 454g", '£2.50', '£5.51 / kg')
('https://www.sainsburys.co.uk/shop/gb/groceries/product/details/all-beef/sainsburys-northern-irish-beef-fillet-steak-x-2-cw', "Sainsbury's 21 day Matured Northern Irish Fillet Steak x2 (approx. 300g)", '£10.56', '£2.64 / 100g')
('https://www.sainsburys.co.uk/shop/gb/groceries/product/details/all-beef/sainsburys-pastrami--taste-the-difference-120g', "Sainsbury's Pastrami, Taste the Difference 120g", '£2.75', '£2.29 / 100g')
('https://www.sainsburys.co.uk/shop/gb/groceries/product/details/all-beef/sainsburys-beef-burgers-with-west-country-cheddar--taste-the-difference-x2-340g', "Sainsbury's Beef Burgers With West Country Cheddar, Taste the Difference x2 340g", '£2.25', '£6.62 / kg')
('https://www.sainsburys.co.uk/shop/gb/groceries/product/details/all-beef/sainsburys-british-ultimate-steak-burgers--taste-the-difference-x2-340g', "Sainsbury's British Beef Burgers, Taste the Difference x2 340g", '£2.50', '£7.35 / kg')
('https://www.sainsburys.co.uk/shop/gb/groceries/product/details/all-beef/sainsburys-welsh-ex-lean-diced-beef-500g', "Sainsbury's Welsh Ex Lean Diced Beef 500g", '£4.50', '£9.00 / kg')
('https://www.sainsburys.co.uk/shop/gb/groceries/product/details/all-beef/sainsburys-northern-irish-extra-lean-diced-beef-250g', "Sainsbury's Northern Irish Extra Lean Diced Beef 250g", '£2.50', '£10.00 / kg')
('https://www.sainsburys.co.uk/shop/gb/groceries/product/details/all-beef/sainsburys-northern-irish-extra-lean-beef-casserole-steak-500g', "Sainsbury's Northern Irish Extra Lean Beef Casserole Steak 500g", '£4.40', '£8.80 / kg')
('https://www.sainsburys.co.uk/shop/gb/groceries/product/details/all-beef/sainsburys-extra-lean-diced-beef-750g', "Sainsbury's Extra Lean Diced Beef 750g", '£5.75', '£7.67 / kg')
('https://www.sainsburys.co.uk/shop/gb/groceries/product/details/all-beef/sainsburys-british-beef-rump-pave-steaks-with-triple-pepper-butters-taste-the-difference-470g', "Sainsbury's British Beef Rump Pave Steaks with Triple Pepper Butters, Taste the Difference 470g", '£7.50', '£15.96 / kg')
('https://www.sainsburys.co.uk/shop/gb/groceries/product/details/all-beef/malcolm-allan-beef-olives-420g', 'Malcolm Allan Beef Olives 420g', '£4.00', '£9.52 / kg')
('https://www.sainsburys.co.uk/shop/gb/groceries/product/details/all-beef/sainsburys-british-extra-lean-beef-escalopes-300g', "Sainsbury's 21 Day Matured Beef Escalopes, Extra Lean 300g", '£3.95', '£13.17 / kg')
('https://www.sainsburys.co.uk/shop/gb/groceries/product/details/all-beef/sainsburys-slow-cooked-british-beef-shin-casserole-in-a-rich-beef-red-wine-gravy-1kg', "Sainsbury's Slow Cooked British Beef Shin Casserole in a Rich Beef & Red Wine Gravy 1kg", '£9.00', '£9.00 / kg')
('https://www.sainsburys.co.uk/shop/gb/groceries/product/details/all-beef/sainsburys-scotch-ex-lean-diced-beef-500g', "Sainsbury's Scotch Ex Lean Diced Beef 500g", '£5.00', '£10.00 / kg')
('https://www.sainsburys.co.uk/shop/gb/groceries/product/details/all-beef/sainsburys-british-diced-beef-so-organic-500g', "Sainsbury's British Diced Beef, SO Organic 500g", '£5.00', '£10.00 / kg')
('https://www.sainsburys.co.uk/shop/gb/groceries/product/details/all-beef/sainsburys-british-beef-chateaubriand-taste-the-difference-450g', "Sainsbury's British Beef Chateaubriand, Taste the Difference 450g", '£20.00', '£44.44 / kg')
('https://www.sainsburys.co.uk/shop/gb/groceries/product/details/all-beef/naked-glory-no-beef-strips-165g', 'Naked Glory Meat Free Vegan No Beef Strips 165g', '£2.75', '£16.18 / kg')
('https://www.sainsburys.co.uk/shop/gb/groceries/product/details/all-beef/sainsburys-shin-of-beef-cw-taste-the-difference', "Sainsbury's 30 day Matured British Beef Shin, Taste the Difference (approx. 385g)", '£8.50 / kg', '85p / 100g')
('https://www.sainsburys.co.uk/shop/gb/groceries/product/details/all-beef/sainsburys-beef-sirloin-with-salt-pepper-taste-the-difference-1kg', "Sainsbury's Beef Sirloin with Salt & Pepper, Taste the Difference 1kg", '£25.00', '£25.00 / kg')
('https://www.sainsburys.co.uk/shop/gb/groceries/product/details/all-beef/sainsburys-ni-beef-joint-cw-organic', "Sainsbury's Organic Beef Joint (approx. 1.05kg)", '£16.20', '£13.50 / kg')
('https://www.sainsburys.co.uk/shop/gb/groceries/product/details/all-beef/sainsburys-thick-cut-ribeye-taste-the-difference-400g', "Sainsbury's Thick Cut Ribeye Steak, Taste the Difference 400g", '£9.00', '£22.50 / kg')
('https://www.sainsburys.co.uk/shop/gb/groceries/product/details/all-beef/sainsburys-21-days-matured-big-daddy-rump-steak-450g', "Sainsbury's 21 Days Matured Big Daddy Rump Steak 450g", '£5.00', '£11.11 / kg')
('https://www.sainsburys.co.uk/shop/gb/groceries/product/details/all-beef/sainsburys-5-fat-outdoor-bred-british-pork-mince-taste-the-difference', "Sainsbury's 5% Fat Outdoor Bred British Pork Mince, Taste the Difference", '£3.25', '£6.50 / kg')
('https://www.sainsburys.co.uk/shop/gb/groceries/product/details/all-beef/sainsburys-scotch-lean-diced-beef-400g', "Sainsbury's Scotch Lean Diced Beef 400g", '£3.75', '£9.38 / kg')
('https://www.sainsburys.co.uk/shop/gb/groceries/product/details/all-beef/sainsburys-diced-beef-so-organic-400g', "Sainsbury's Diced Beef, SO Organic 400g", '£4.00', '£10.00 / kg')
('https://www.sainsburys.co.uk/shop/gb/groceries/product/details/all-beef/sainsburys-extra-lean-casserole-steak-400g', "Sainsbury's Extra Lean Casserole Steak 400g", '£3.50', '£8.75 / kg')
('https://www.sainsburys.co.uk/shop/gb/groceries/product/details/all-beef/sainsburys-extra-lean-diced-beef-600g', "Sainsbury's Extra Lean Diced Beef 600g", '£4.50', '£7.50 / kg')
('https://www.sainsburys.co.uk/shop/gb/groceries/product/details/all-beef/sainsburys-30-day-matured-fillet-steak-so-organic-170g', "Sainsbury's 30 Day Matured Fillet Steak, SO Organic 170g", '£6.10', '£35.88 / kg')
('https://www.sainsburys.co.uk/shop/gb/groceries/product/details/all-beef/hulls-platinum-steak-burgers-6oz-x2-340g', 'Hulls Platinum Steak Burgers x2 340g', '£3.00', '£8.82 / kg')
('https://www.sainsburys.co.uk/shop/gb/groceries/product/details/all-beef/sainsburys-beef-mince-12-fat-taste-the-difference-500g', "Sainsbury's Beef Mince 12% Fat, Taste the Difference 500g", '£3.00', '£6.00 / kg')
('https://www.sainsburys.co.uk/shop/gb/groceries/product/details/all-beef/sainsburys-corned-beef-crispbake-227g', "Sainsbury's Corned Beef Crispbake 227g", '£1.60', '£7.05 / kg')
('https://www.sainsburys.co.uk/shop/gb/groceries/product/details/all-beef/sainsburys-skinny-burger--taste-the-difference-227g', "Sainsbury's Skinny Burgers, Taste the Difference x2 227g", '£2.50', '£11.01 / kg')
('https://www.sainsburys.co.uk/shop/gb/groceries/product/details/all-pies-pasties-quiche/higgidy-chicken-pot-pie-with-leek---ham-250g', 'Higgidy Chicken & Ham Hock Pie 250g', '£3.00', '£1.20 / 100g')
('https://www.sainsburys.co.uk/shop/gb/groceries/product/details/all-pies-pasties-quiche/peters-premier-pork---pickle-sausage-roll-165g', "Peter's Premier Pork & Pickle Sausage Roll 165g", '£1.30', '79p / 100g')
('https://www.sainsburys.co.uk/shop/gb/groceries/product/details/all-pies-pasties-quiche/vale-of-mowbray-snack-pork-pies-x4-300g', 'Vale Of Mowbray Snack Pork Pies x4 300g', '£2.20', '73p / 100g')
('https://www.sainsburys.co.uk/shop/gb/groceries/product/details/all-pies-pasties-quiche/higgidy-beef--stilton---ale-pie-280g', 'Higgidy Beef, Stilton & Ale Pie 270g', '£3.70', '£1.37 / 100g')
('https://www.sainsburys.co.uk/shop/gb/groceries/product/details/all-pies-pasties-quiche/dicksons-mince-pies-flow-wrap-x2', 'Dicksons Minced Beef & Onion Pies x2 164g', '£2.10', '66p / 100g')
('https://www.sainsburys.co.uk/shop/gb/groceries/product/details/all-pies-pasties-quiche/sainsburys-cornish-pasty-150g', "Sainsbury's Cornish Pasty 130g", '80p', '62p / 100g')
('https://www.sainsburys.co.uk/shop/gb/groceries/product/details/all-pies-pasties-quiche/bells-mini-scotch-pies-x4', 'Bells Mini Scotch Pies x4', '£1.40', '55p / 100g')
('https://www.sainsburys.co.uk/shop/gb/groceries/product/details/all-pies-pasties-quiche/sainsburys-broccoli--tomato---cheese-quiche-400g', "Sainsbury's Broccoli, Tomato & Cheese Quiche 400g", '£2.00', '50p / 100g')
('https://www.sainsburys.co.uk/shop/gb/groceries/product/details/all-pies-pasties-quiche/sainsburys-scotch-eggs-x2-226g', "Sainsbury's Scotch Eggs x2 226g", '£1.20', '53p / 100g')
('https://www.sainsburys.co.uk/shop/gb/groceries/product/details/all-pies-pasties-quiche/sainsburys-egg-bites-x12-240g', "Sainsbury's Egg Bites x12 222g", '£1.30', '60p / 100g')
('https://www.sainsburys.co.uk/shop/gb/groceries/product/details/all-pies-pasties-quiche/sainsburys-sausage-mini-rolls-x20-310g', "Sainsbury's Sausage Mini Rolls x20 310g", '£2.20', '71p / 100g')
('https://www.sainsburys.co.uk/shop/gb/groceries/product/details/chilled-pies/hollands-meat---potato-pies-x4', "Holland's Meat & Potato Pies x4", '£3.10', '44p / 100g')
('https://www.sainsburys.co.uk/shop/gb/groceries/product/details/chilled-pies/hollands-meat-pie-142g', "Holland's Meat Pie 142g (Serves 1)", '75p', '53p / 100g')
('https://www.sainsburys.co.uk/shop/gb/groceries/product/details/chilled-pies/pukka-pies-steak---kidney-pie-238g', 'Pukka Pies Steak & Kidney Pie 219g', '£1.00', '46p / 100g')
('https://www.sainsburys.co.uk/shop/gb/groceries/product/details/chilled-pies/sainsburys-chicken-wiltshire-ham-hock-leek-pie-taste-the-difference-250g', "Sainsbury's Chicken Wiltshire Ham Hock & Leek Pie, Taste the Difference 250g", '£2.50', '£1.00 / 100g')
('https://www.sainsburys.co.uk/shop/gb/groceries/product/details/chilled-pies/sainsburys-chicken-gravy-shortcrust-pastry-pie-550g', "Sainsbury's Chicken & Gravy Shortcrust Pastry Pie 500g", '£3.00', '60p / 100g')
('https://www.sainsburys.co.uk/shop/gb/groceries/product/details/chilled-pies/sainsburys-steak-kidney-shortcrust-pastry-pie-200g', "Sainsbury's Steak & Kidney Shortcrust Pastry Pie 200g", '£1.50', '75p / 100g')
('https://www.sainsburys.co.uk/shop/gb/groceries/product/details/chilled-pies/peters-premier-corned-beef-pie-235g', "Peter's Premier Corned Beef Pie 235g", '£1.50', '64p / 100g')
('https://www.sainsburys.co.uk/shop/gb/groceries/product/details/chilled-pies/tasty-foods-creamy-chicken-pie-800g', 'Tasty Foods Creamy Chicken Pie 800g', '£4.30', '54p / 100g')
('https://www.sainsburys.co.uk/shop/gb/groceries/product/details/chilled-pies/malcolm-allan-steak-pie-380g', 'Malcolm Allan Steak Pie 380g (Serves 2)', '£3.80', '£1.00 / 100g')
('https://www.sainsburys.co.uk/shop/gb/groceries/product/details/chilled-pies/malcolm-allan-braveheart-steak-pie-1kg', 'Malcolm Allan Braveheart Steak Pie 1kg (Serves 4)', '£7.00', '70p / 100g')
('https://www.sainsburys.co.uk/shop/gb/groceries/product/details/chilled-pies/malcolm-allan-steak-pie-700g', 'Malcolm Allan Steak Pie 700g (Serves 3)', '£5.00', '71p / 100g')
('https://www.sainsburys.co.uk/shop/gb/groceries/product/details/chilled-pies/peters-premier-steak---kidney-pie-235g', "Peter's Premier Steak & Kidney Pie 235g", '£1.50', '64p / 100g')
('https://www.sainsburys.co.uk/shop/gb/groceries/product/details/chilled-pies/bells-scotch-pie-x4-584g', 'Bells Scotch Pie x4 584g', '£2.20', '55p / ea')
('https://www.sainsburys.co.uk/shop/gb/groceries/product/details/chilled-pies/bells-beef-mince-round-315g', 'Bells Beef Mince Round 315g (Serves 2-3)', '£1.55', '49p / 100g')
('https://www.sainsburys.co.uk/shop/gb/groceries/product/details/chilled-pies/pukka-chicken-pie-450g', 'Pukka Just For Two Chicken, Ham & Leek Pie 450g', '£3.00', '67p / 100g')
('https://www.sainsburys.co.uk/shop/gb/groceries/product/details/chilled-pies/pukka-pie-steak-450g', 'Pukka Just For Two Steak & Red Wine Pie 450g', '£3.00', '67p / 100g')
('https://www.sainsburys.co.uk/shop/gb/groceries/product/details/chilled-pies/sainsburys-chicken-bacon-puff-pastry-pie-200g', "Sainsbury's Chicken & Bacon Puff Pastry Pie 200g", '£1.50', '75p / 100g')
('https://www.sainsburys.co.uk/shop/gb/groceries/product/details/chilled-pies/brownings-kilmarnock-pie', 'Brownings Kilmarnock Pie', '£1.50', '70p / 100g')
('https://www.sainsburys.co.uk/shop/gb/groceries/product/details/chilled-pies/higgidy-special-guest-pie-250g', 'Higgidy Special Guest Pie 250g', '£3.00', '£1.20 / 100g')
('https://www.sainsburys.co.uk/shop/gb/groceries/product/details/chilled-pies/sainsburys-chicken---spinach-filo-pie--taste-the-difference-380g', "Sainsbury's Chicken & Spinach Filo Pie, Taste the Difference 380g (Serves 1)", '£3.40', '£8.95 / kg')
('https://www.sainsburys.co.uk/shop/gb/groceries/product/details/chilled-pies/charlie-bighams-steak---ale-pies-x2', "Charlie Bigham's Steak & Ale Pies x2 600g", '£8.00', '£13.33 / kg')
('https://www.sainsburys.co.uk/shop/gb/groceries/product/details/chilled-pies/tasty-foods-minced-steak---onion-800g', 'Tasty Foods Minced Steak & Onion Pie 800g', '£4.30', '54p / 100g')
('https://www.sainsburys.co.uk/shop/gb/groceries/product/details/chilled-pies/dickson-family-corned-beef---potato-pie-720g', 'Dicksons Family Corned Beef & Potato Pie 720g', '£3.30', '45p / 100g')
('https://www.sainsburys.co.uk/shop/gb/groceries/product/details/chilled-pies/hollands-cheese---onion-pie-185g', "Holland's Cheese & Onion Pie 185g", '75p', '41p / 100g')
('https://www.sainsburys.co.uk/shop/gb/groceries/product/details/chilled-pies/sainsburys-steak---guiness-puff-pastry-pie-235g', "Sainsbury's Steak & Ale Puff Pastry Pie 235g (Serves 1)", '£2.00', '85p / 100g')
('https://www.sainsburys.co.uk/shop/gb/groceries/product/details/chilled-pies/pukka-all-steak-pie-233g', 'Pukka Pies All Steak Pie 209g', '£1.00', '48p / 100g')
('https://www.sainsburys.co.uk/shop/gb/groceries/product/details/chilled-pies/peters-premier-steak-pie-235g', "Peter's Premier Steak Pie 235g", '£1.50', '64p / 100g')
('https://www.sainsburys.co.uk/shop/gb/groceries/product/details/chilled-pies/sainsburys-steak-puff-pastry-pie-150g', "Sainsbury's Steak Puff Pastry Pie 150g", '75p', '50p / 100g')
('https://www.sainsburys.co.uk/shop/gb/groceries/product/details/chilled-pies/bells-macaroni-pie-x2-144g', 'Bells Macaroni Pie x2 144g', '£1.35', '68p / ea')
('https://www.sainsburys.co.uk/shop/gb/groceries/product/details/chilled-pies/sainsburys-chicken-bacon-puff-pastry-pie-550g', "Sainsbury's Chicken & Bacon Puff Pastry Pie 500g", '£3.00', '60p / 100g')
('https://www.sainsburys.co.uk/shop/gb/groceries/product/details/chilled-pies/sainsburys-steak-gravy-puff-pastry-pie-550g', "Sainsbury's Steak & Gravy Puff Pastry Pie 500g", '£3.00', '60p / 100g')
('https://www.sainsburys.co.uk/shop/gb/groceries/product/details/chilled-pies/sainsburys-steak-stilton-pie-taste-the-difference-250g', "Sainsbury's Steak & Stilton Pie, Taste the Difference 250g", '£3.00', '£1.20 / 100g')
('https://www.sainsburys.co.uk/shop/gb/groceries/product/details/chilled-pies/sainsburys-steak-cornish-ale-pie-taste-the-difference-250g', "Sainsbury's Steak & Cornish Ale Pie, Taste the Difference 250g", '£2.50', '£1.00 / 100g')
('https://www.sainsburys.co.uk/shop/gb/groceries/product/details/new-355373-44/galaxy-fusions-dark-chocolate-raspberry-meringue-bar-100g', 'Galaxy Fusions Dark Chocolate Raspberry Meringue Bar 100g', '£2.00', '£2.00 / 100g')
('https://www.sainsburys.co.uk/shop/gb/groceries/product/details/new-355373-44/aviation-american-gin-700ml', 'Aviation American Gin 70cl', '£28.00', '£40.00 / ltr')
('https://www.sainsburys.co.uk/shop/gb/groceries/product/details/new-355373-44/habitat-novelty-wall-art', 'Habitat Novelty Wall Art', '£12.00', '£12.00 / ea')
('https://www.sainsburys.co.uk/shop/gb/groceries/product/details/new-355373-44/flarin-joint-and-muscular-pain-relief-soft-capsules-x12-200mg', 'Flarin Joint and Muscular Pain Relief Soft Capsules x12 200mg', '£5.30', '£5.30 / ea')
('https://www.sainsburys.co.uk/shop/gb/groceries/product/details/new-355373-44/by-sainsburys-easter-vegan-cupcakes-x2', "Sainsbury's Easter Cupcakes 118g x2", '£1.50', '£1.15 / 100g')
('https://www.sainsburys.co.uk/shop/gb/groceries/product/details/new-355373-44/by-sainsburys-easter-cupcakes-x6-358g', "Sainsbury's Easter Cupcakes 320g x6", '£3.50', '98p / 100g')
('https://www.sainsburys.co.uk/shop/gb/groceries/product/details/new-355373-44/old-mout-cider-watermelon-lime-500ml', 'Old Mout Cider Watermelon & Lime 500ml', '£1.80', '£3.60 / ltr')
('https://www.sainsburys.co.uk/shop/gb/groceries/product/details/new-355373-44/henry-westons-vintage-rosé-cider-4x500ml', 'Henry Westons Vintage Rosé Cider 4x500ml', '£7.00', '£3.50 / ltr')
('https://www.sainsburys.co.uk/shop/gb/groceries/product/details/new-355373-44/starbucks-blonde-espresso-roast-by-nespresso-coffee-pods-40-drinks', 'Starbucks Blonde Espresso Roast Coffee Pods x40 228g', '£9.00', '£3.95 / 100g')
('https://www.sainsburys.co.uk/shop/gb/groceries/product/details/new-355373-44/sainsburys-mini-sausage-rolls-x38-380g', "Sainsbury's Mini Sausage Rolls x38 380g", '£3.00', '79p / 100g')
('https://www.sainsburys.co.uk/shop/gb/groceries/product/details/new-355373-44/sainsburys-chicken-liver-parfait-taste-the-difference-175g', "Sainsbury's Chicken Liver Parfait, Taste the Difference 175g", '£5.00', '£2.86 / 100g')
('https://www.sainsburys.co.uk/shop/gb/groceries/product/details/new-355373-44/kopparberg-premium-cider-light-with-passionfruit-500ml', 'Kopparberg Premium Cider Light with Passionfruit 500ml', '£1.80', '£3.60 / ltr')
('https://www.sainsburys.co.uk/shop/gb/groceries/product/details/new-355373-44/regina-blitz-household-towel-roll-x4', 'Regina Blitz Household Towel Roll x4', '£5.95', '£2.13 / 100sht')
('https://www.sainsburys.co.uk/shop/gb/groceries/product/details/new-355373-44/malvern-gold-medium-dry-herefordshire-cider-500ml', 'Malvern Gold Medium Dry Herefordshire Cider 500ml', '£2.10', '£4.20 / ltr')
('https://www.sainsburys.co.uk/shop/gb/groceries/product/details/new-355373-44/tefal-uks-longest-frying-pan-28cm', 'Tefal Uks Longest Frying Pan 28cm', '£21.00', '£21.00 / ea')
('https://www.sainsburys.co.uk/shop/gb/groceries/product/details/new-355373-44/henry-westons-cloudy-vintage-cider-500ml', 'Henry Westons Cloudy Vintage Cider 500ml', '£1.90', '£3.80 / ltr')
('https://www.sainsburys.co.uk/shop/gb/groceries/product/details/new-355373-44/cafepod-craft-coffee-brunch-blend-nespresso-compatible-x18-99g', 'Cafepod Craft Coffee Brunch Blend Nespresso Compatible x18 99g', '£5.00', '£5.05 / 100g')
('https://www.sainsburys.co.uk/shop/gb/groceries/product/details/new-355373-44/nescafe-dolce-gusto-americano-coffee-pods-x16-per-box', 'Nescafe Dolce Gusto Americano Coffee Pods x16', '£3.50', '£2.73 / 100g')
('https://www.sainsburys.co.uk/shop/gb/groceries/product/details/new-355373-44/nescafe-dolce-gusto-americano-intenso-coffee-pods-x16-per-box', 'Nescafe Dolce Gusto Americano Intenso Coffee Pods x16', '£3.50', '£2.43 / 100g')
('https://www.sainsburys.co.uk/shop/gb/groceries/product/details/new-355373-44/mrs-crimbles-pancake-batter-mix-200g', "Mrs Crimble's Pancake & Batter Mix 200g", '£2.75', '£1.38 / 100g')
('https://www.sainsburys.co.uk/shop/gb/groceries/product/details/new-355373-44/naked-big-eat-japanese-style-katsu-curry-long-grain-rice-104g', 'Naked Big Eat Japanese Style Katsu Curry Long Grain Rice 104g', '£1.50', '£1.44 / 100g')
('https://www.sainsburys.co.uk/shop/gb/groceries/product/details/new-355373-44/fairy-non-bio-liquid-detergent-455l-130-washes', 'Fairy Non-Bio Liquid Detergent 4.55L 130 Washes', '£14.50', '32p / 100ml')
('https://www.sainsburys.co.uk/shop/gb/groceries/product/details/new-355373-44/pot-noodle-curry-lost-the-pot-92g', 'Pot Noodle Curry Lost The Pot 92g', '80p', '87p / 100g')
('https://www.sainsburys.co.uk/shop/gb/groceries/product/details/new-355373-44/nzo-pukka-juice-blue-raspberry-ice-re-fill-cartridge-salt-nicotine-10mg', 'NZO Pukka Juice Blue Raspberry Ice Re-Fill Cartridge Salt Nicotine 10mg', '£7.50', '£1.47 / ml')
('https://www.sainsburys.co.uk/shop/gb/groceries/product/details/new-355373-44/lenor-fabric-conditioner-with-spring-awakening-392l-112-washes', 'Lenor Fabric Conditioner With Spring Awakening 3.92L 112 Washes', '£5.00', '13p / 100ml')
('https://www.sainsburys.co.uk/shop/gb/groceries/product/details/new-355373-44/ember-venison-slices-50g', 'Ember Venison Slices 50g', '£2.95', '£5.90 / 100g')
('https://www.sainsburys.co.uk/shop/gb/groceries/product/details/new-355373-44/sainsburys-butternut-squash-sweet-potato-coconut-400g', "Sainsbury's Butternut Squash, Sweet Potato & Coconut 400g", '90p', '23p / 100g')
('https://www.sainsburys.co.uk/shop/gb/groceries/product/details/new-355373-44/sainsburys-parsnip-bacon-truffle-soup-taste-the-difference-400g', "Sainsbury's Parsnip, Bacon & Truffle Soup, Taste the Difference 400g", '90p', '23p / 100g')
('https://www.sainsburys.co.uk/shop/gb/groceries/product/details/new-355373-44/batchelors-big-pasta-sauce-cheese-broccoli-85g', "Batchelors Big Pasta 'n' Sauce, Cheese & Broccoli 85g", '70p', '82p / 100g')
('https://www.sainsburys.co.uk/shop/gb/groceries/product/details/new-355373-44/batchelors-big-super-noodles-chicken-flavour-100g', 'Batchelors Big Super Noodles Chicken Flavour 100g', '70p', '70p / 100g')
('https://www.sainsburys.co.uk/shop/gb/groceries/product/details/new-355373-44/burgess-excel-feeding-hay-with-meadow-flowers-500g', 'Burgess Excel Feeding Hay with Meadow Flowers 500g', '£3.00', '£6.00 / kg')
('https://www.sainsburys.co.uk/shop/gb/groceries/product/details/new-355373-44/glade-electric-holder-refill-sandalwood-jasmine-scented-oil-plugin-20ml', 'Glade Electric Holder & Refill Sandalwood & Jasmine Scented Oil Plugin 20ml', '£3.50', '£3.50 / ea')
('https://www.sainsburys.co.uk/shop/gb/groceries/product/details/new-355373-44/sausage-dog-walking-animated-plush', 'Sausage Dog Walking Animated Plush', '£15.00', '£15.00 / ea')
('https://www.sainsburys.co.uk/shop/gb/groceries/product/details/new-355373-44/sainsburys-ftg-almonds-25g', "Sainsbury's On the Go Almonds 25g", '50p', '£2.00 / 100g')
('https://www.sainsburys.co.uk/shop/gb/groceries/product/details/new-355373-44/5pk-shaker-berry-scene-globe-card', "Sainsbury's Home 5Pk Shaker Berry Scene Globe Card", '£4.00', '£4.00 / ea')
('https://www.sainsburys.co.uk/shop/gb/groceries/product/details/new-355373-44/gift-tag-accessories-pack-christmas-noir', "Sainsbury's Home Gift Tag & Accessories Pack - Christmas Noir", '£3.50', '£3.50 / ea')
('https://www.sainsburys.co.uk/shop/gb/groceries/product/details/new-355373-44/extra-large-bag-merry-bright', "Sainsbury's Home Extra Large Bag - Merry & Bright", '£3.00', '£3.00 / ea')
('https://www.sainsburys.co.uk/shop/gb/groceries/product/details/new-355373-44/medium-bag-contemporary', "Sainsbury's Home Medium Bag - Contemporary", '£1.50', '£1.50 / ea')
('https://www.sainsburys.co.uk/shop/gb/groceries/product/details/new-355373-44/medium-bag-winters-cabin-scene', "Sainsbury's Home Medium Bag - Winter's Cabin Scene", '£1.50', '£1.50 / ea')
('https://www.sainsburys.co.uk/shop/gb/groceries/product/details/new-355373-44/bottle-bag-winters-cabin-scene', "Sainsbury's Home Bottle Bag - Winter'S Cabin Scene", '£1.00', '£1.00 / ea')
('https://www.sainsburys.co.uk/shop/gb/groceries/product/details/new-355373-44/petface-cat-treat-cracker', 'Petface Cat Treat Cracker', '£5.00', '£5.00 / ea')
('https://www.sainsburys.co.uk/shop/gb/groceries/product/details/all-dairy-free-food-and-drink/sainsburys-feefrom-chocolate-brownies-x4-140g', "Sainsbury's Deliciously Free From Chocolate Brownies x4", '£2.00', '£1.75 / 100g')
('https://www.sainsburys.co.uk/shop/gb/groceries/product/details/all-dairy-free-food-and-drink/sainsburys-freefrom-chocolate-chip-cookies-150g-7783517-p-44', "Sainsbury's Deliciously Free From Chocolate Chip Cookies 150g", '£1.20', '80p / 100g')
('https://www.sainsburys.co.uk/shop/gb/groceries/product/details/all-dairy-free-food-and-drink/sainsburys-stir-in-chargrilled-vegetable-pasta-sauce-150g', "Sainsbury's Stir In Chargrilled Vegetable Pasta Sauce 150g", '90p', '60p / 100g')
('https://www.sainsburys.co.uk/shop/gb/groceries/product/details/all-dairy-free-food-and-drink/sacla-freefrom-basil-pesto-190g', 'Sacla Free From Basil Pesto 190g', '£2.60', '£1.37 / 100g')
('https://www.sainsburys.co.uk/shop/gb/groceries/product/details/all-dairy-free-food-and-drink/warburtons-freefrom-seeded-sandwich-thins-x4', 'Warburtons Gluten Free Multiseed Sandwich Thins x4', '£2.00', '83p / 100g')
('https://www.sainsburys.co.uk/shop/gb/groceries/product/details/all-dairy-free-food-and-drink/genius-gluten-free-chocolate-cupcakes-126g', 'Genius Gluten Free Chocolate Cupcakes x2', '£1.75', '£1.39 / 100g')
('https://www.sainsburys.co.uk/shop/gb/groceries/product/details/all-dairy-free-food-and-drink/genius-crumpets-220g', 'Genius Gluten Free Crumpets x4', '£2.00', '91p / 100g')
('https://www.sainsburys.co.uk/shop/gb/groceries/product/details/all-dairy-free-food-and-drink/rude-health-uht-oat-drink-1l', 'Rude Health Oat Drink 1L', '£2.00', '£2.00 / ltr')
('https://www.sainsburys.co.uk/shop/gb/groceries/product/details/dairy-free-cheese-and-milk/alpro-my-cuppa-soya-drink-750ml', 'Alpro My Cuppa Soya Chilled Drink 750ml', '£1.60', '£2.13 / ltr')
('https://www.sainsburys.co.uk/shop/gb/groceries/product/details/dairy-free-cheese-and-milk/rebel-kitchen-semi-mylk-1l', 'Rebel Kitchen 100% Dairy Free Organic Semi Skimmed Mylk 1L', '£2.00', '£2.00 / ltr')
('https://www.sainsburys.co.uk/shop/gb/groceries/product/details/dairy-free-cheese-and-milk/rude-health-organic-soya-drink-1l', 'Rude Health Organic Soya Drink 1L', '£1.75', '£1.75 / ltr')
('https://www.sainsburys.co.uk/shop/gb/groceries/product/details/dairy-free-cheese-and-milk/nush-almond-yoghurt-350g', 'Nush Almond Milk Dairy Free Yoghurt 350g', '£3.00', '86p / 100g')
('https://www.sainsburys.co.uk/shop/gb/groceries/product/details/dairy-free-cheese-and-milk/rude-health-oat-barista-drink-1l', 'Rude Health Organic Barista Oat 1L', '£2.00', '£2.00 / ltr')
('https://www.sainsburys.co.uk/shop/gb/groceries/product/details/dairy-free-cheese-and-milk/violife-creamy-tzatziki-flavour-200g', 'Violife Creamy Tzatziki Flavour 200g', '£2.50', '£1.25 / 100g')
('https://www.sainsburys.co.uk/shop/gb/groceries/product/details/dairy-free-cheese-and-milk/daiya-mozzerella-shreds-200g', 'Daiya Mozzerella Shreds 200g', '£4.50', '£2.25 / 100g')
('https://www.sainsburys.co.uk/shop/gb/groceries/product/details/dairy-free-cheese-and-milk/califia-almond-vanilla-milk--unsweetened-750ml', 'Califia Farms Almond Unsweetened Vanilla Drink 750ml', '£2.40', '£3.20 / ltr')
('https://www.sainsburys.co.uk/shop/gb/groceries/product/details/dairy-free-cheese-and-milk/sainsburys-almond-unsweetened-uht-milk-1l', "Sainsbury's Unsweetened Almond Drink 1L", '£1.00', '£1.00 / ltr')
('https://www.sainsburys.co.uk/shop/gb/groceries/product/details/dairy-free-cheese-and-milk/sainsburys-freefrom-cheddar-style-with-onion-dairy-free-cheese-200g', "Sainsbury's Deliciously Free From Cheddar Style With Onion Coconut Based Alternative To Cheese 200g", '£2.25', '£1.13 / 100g')
('https://www.sainsburys.co.uk/shop/gb/groceries/product/details/dairy-free-cheese-and-milk/sainsburys-freefrom-original-dairy-free-soft-cheese-170g', "Sainsbury's Deliciously Free From Original Coconut Based alternative To Soft Cheese 170g", '£1.80', '£1.06 / 100g')
('https://www.sainsburys.co.uk/shop/gb/groceries/product/details/dairy-free-cheese-and-milk/alpro-yogurt-alternative-coconut-yogurt-500g', 'Alpro Plain With Coconut Yoghurt Alternative 500g', '£1.75', '35p / 100g')
('https://www.sainsburys.co.uk/shop/gb/groceries/product/details/dairy-free-cheese-and-milk/alpro-soya-vanilla-yogurt--500g', 'Alpro Vanilla Yoghurt Alternative 500g', '£1.75', '35p / 100g')
('https://www.sainsburys.co.uk/shop/gb/groceries/product/details/dairy-free-cheese-and-milk/alpro-smooth-yogurt-alternative-4x125g', 'Alpro No Bits Strawberry-Banana & Peach-Pear Yoghurt Alternative 4x125g', '£1.90', '38p / 100g')
('https://www.sainsburys.co.uk/shop/gb/groceries/product/details/dairy-free-cheese-and-milk/blue-diamond-long-life-almond-milk--unsweetened-1l', 'Blue Diamond Almond Breeze Long Life Unsweetened Drink 1L', '£1.60', '£1.60 / ltr')
('https://www.sainsburys.co.uk/shop/gb/groceries/product/details/dairy-free-cheese-and-milk/alpro-long-life-soya-milk-alternative--original-1l', 'Alpro Soya Long Life Drink 1L', '£1.20', '£1.20 / ltr')
('https://www.sainsburys.co.uk/shop/gb/groceries/product/details/dairy-free-cheese-and-milk/califia-farms-oat-barista-blend-1l', 'Califia Farms Oat Barista Blend 1L', '£2.00', '£2.00 / ltr')
('https://www.sainsburys.co.uk/shop/gb/groceries/product/details/dairy-free-cheese-and-milk/danone-light-free-oat-vanilla-350g', 'Light & Free Dairy Free Oat Vanilla Yoghurt 350g', '£2.25', '64p / 100g')
('https://www.sainsburys.co.uk/shop/gb/groceries/product/details/dairy-free-cheese-and-milk/alpro-barista-soya-uht-1l', 'Alpro Barista Soya Long Life Drink 1L', '£1.90', '£1.90 / ltr')
('https://www.sainsburys.co.uk/shop/gb/groceries/product/details/dairy-free-cheese-and-milk/sainsburys-sweetened-soya-drink-1l', "Sainsbury's Sweetened Soya Drink 1L", '95p', '95p / ltr')
('https://www.sainsburys.co.uk/shop/gb/groceries/product/details/dairy-free-cheese-and-milk/daiya-medium-cheddar-style-block-200g', 'Daiya Medium Cheddar Style Block 200g', '£3.25', '£1.63 / 100g')
('https://www.sainsburys.co.uk/shop/gb/groceries/product/details/dairy-free-cheese-and-milk/koko-dairy-free-milk--unsweetened-1l', 'Koko Dairy Free Unsweetened Drink 1L', '£1.10', '£1.10 / ltr')
('https://www.sainsburys.co.uk/shop/gb/groceries/product/details/dairy-free-cheese-and-milk/alpro-growing-up-drink-soya-1-3-3x250ml', 'Alpro Soya Growing Up Long Life Drink 3 x 250ml', '£1.60', '£2.13 / ltr')
('https://www.sainsburys.co.uk/shop/gb/groceries/product/details/dairy-free-cheese-and-milk/sainsburys-deliciously-freefrom-garlic---herb-dairy-free-soft-cheese-170g', "Sainsbury's Deliciously Free From Garlic & Herb Coconut Based Alternative To Soft Cheese 170g", '£1.80', '£1.06 / 100g')
('https://www.sainsburys.co.uk/shop/gb/groceries/product/details/dairy-free-cheese-and-milk/sainsburys-deliciously-freefrom-cheddar-style-dairy-free-cheese-200g', "Sainsbury's Deliciously Free From Cheddar-Style Coconut Based Alternative To Cheese 200g", '£2.25', '£1.13 / 100g')
('https://www.sainsburys.co.uk/shop/gb/groceries/product/details/dairy-free-cheese-and-milk/flora-spread-dairy-free-500g', 'Flora Freedom Spread Dairy Free 500g', '£2.00', '£4.00 / kg')
('https://www.sainsburys.co.uk/shop/gb/groceries/product/details/dairy-free-cheese-and-milk/pure-olive-spread-500g', 'Pure Dairy Free Vegan Olive Spread 500g', '£1.60', '£3.20 / kg')
('https://www.sainsburys.co.uk/shop/gb/groceries/product/details/dairy-free-cheese-and-milk/provitamil-uht-oat-drink-1l', 'Provitamil Oat Drink 1L', '£1.50', '£1.50 / ltr')
('https://www.sainsburys.co.uk/shop/gb/groceries/product/details/dairy-free-cheese-and-milk/rude-health-uht-brown-rice-drink-1l', 'Rude Health Brown Rice Drink 1L', '£2.00', '£2.00 / ltr')
('https://www.sainsburys.co.uk/shop/gb/groceries/product/details/dairy-free-cheese-and-milk/rude-health-uht-almond-milk-1l', 'Rude Health Almond Drink 1L', '£2.00', '£2.00 / ltr')
('https://www.sainsburys.co.uk/shop/gb/groceries/product/details/milk-free-chocolate-and-biscuits/rhythm-108-swiss-made-mlk-hazelnut-truffle-100g', "Rhythm 108 Swiss Made M'lk & Hazelnut Truffle 100g", '£3.60', '£3.60 / 100g')
('https://www.sainsburys.co.uk/shop/gb/groceries/product/details/exclusives-44/drury-173-elderflower-lychee-gin-liqueur-50cl', 'Drury 173 Elderflower & Lychee Gin Liqueur 50cl', '£9.00', '£18.00 / ltr')
('https://www.sainsburys.co.uk/shop/gb/groceries/product/details/exclusives-44/ultimate-plant-burgers-x2-210g', 'Plant Pioneers Ultimate Plant Burgers x2 210g', '£2.00', '£9.52 / kg')
('https://www.sainsburys.co.uk/shop/gb/groceries/product/details/exclusives-44/sainsburys-love-your-veg!-the-smoky-jack-quarter-pounder-227g', "Plant Pioneers Smoky ‘Jack' Quarter Pounders 227g", '£2.50', '£11.01 / kg')
('https://www.sainsburys.co.uk/shop/gb/groceries/product/details/exclusives-44/goatsbridge-eat-trout-hot-smoked-flaked-trout-100g', 'Goatsbridge Eat Trout Hot Smoked Flaked Trout 100g', '£3.75', '£3.75 / 100g')
('https://www.sainsburys.co.uk/shop/gb/groceries/product/details/exclusives-44/happy-naturals-nourishing-body-scrub-argan-oil-sweet-orange-200ml', 'Happy Naturals Nourishing Body Scrub Argan Oil & Shea 200ml', '£3.00', '£1.50 / 100g')
('https://www.sainsburys.co.uk/shop/gb/groceries/product/details/exclusives-44/the-collection-feel-alive-invigorating-shower-gel-250ml', 'The Collection Feel Alive Invigorating Shower Gel 250ml', '85p', '34p / 100ml')
('https://www.sainsburys.co.uk/shop/gb/groceries/product/details/exclusives-44/the-collection-coconut-bodywash-250ml', 'The Collection Coconut Bodywash 250ml', '85p', '34p / 100ml')
('https://www.sainsburys.co.uk/shop/gb/groceries/product/details/exclusives-44/boutique-7-way-buffer-block', 'Boutique 7 Way Buffer Block', '£2.50', '£2.50 / ea')
('https://www.sainsburys.co.uk/shop/gb/groceries/product/details/exclusives-44/seriously-good-to-satsuma-indulgence-collection', 'Seriously Good To... Satsuma Indulgence Collection', '£8.00', '£8.00 / ea')
('https://www.sainsburys.co.uk/shop/gb/groceries/product/details/exclusives-44/tariq-halal-beef-sirloin-steak-200g', 'Tariq Halal Beef Sirloin Steak 200g', '£5.00', '£25.00 / kg')
('https://www.sainsburys.co.uk/shop/gb/groceries/product/details/exclusives-44/tariq-halal-fresh-grade-a-whole-chicken-without-giblets-1kg', 'Tariq Halal Fresh Grade A Whole Chicken Without Giblets 1kg', '£3.00', '£3.00 / kg')
('https://www.sainsburys.co.uk/shop/gb/groceries/product/details/exclusives-44/tariq-halal-fresh-grade-a-chicken-drumsticks-thighs-1kg', 'Tariq Halal Fresh Grade A Chicken Drumsticks & Thighs 1kg', '£3.00', '£3.00 / kg')
('https://www.sainsburys.co.uk/shop/gb/groceries/product/details/exclusives-44/happy-naturals-sleek-smooth-conditioner-plant-keratin-plum-300ml', 'Happy Naturals Sleek + Smooth Conditioner Plant Keratin & Plum 300ml', '£4.00', '£1.33 / 100ml')
('https://www.sainsburys.co.uk/shop/gb/groceries/product/details/exclusives-44/boutique-long-lasting-colour-correction-concealer-green-5ml', 'Boutique Long Lasting Colour Correction Concealer Green 5ml', '£5.00', '£10.00 / 10ml')
('https://www.sainsburys.co.uk/shop/gb/groceries/product/details/exclusives-44/boutique-illuminating-drops-champagne-12ml', 'Boutique Illuminating Drops Champagne 12ml', '£4.00', '£4.76 / 10g')
('https://www.sainsburys.co.uk/shop/gb/groceries/product/details/exclusives-44/boutique-blusher-palette-true-love-18g', 'Boutique Blusher Palette True Love 18g', '£5.00', '£2.78 / 10g')
('https://www.sainsburys.co.uk/shop/gb/groceries/product/details/exclusives-44/boutique-velvet-blusher-terracotta', 'Boutique Velvet Blusher Terracotta 10ml', '£3.00', '£3.00 / 10ml')
('https://www.sainsburys.co.uk/shop/gb/groceries/product/details/exclusives-44/boutique-bronzer-brick-mocha-9g', 'Boutique Bronzer Brick Mocha 9g', '£4.00', '£4.44 / 10g')
('https://www.sainsburys.co.uk/shop/gb/groceries/product/details/exclusives-44/boutique-intense-liquid-eyeliner-electric-blue', 'Boutique Intense Liquid Eyeliner Electric Blue', '£1.50', '£1.50 / ea')
('https://www.sainsburys.co.uk/shop/gb/groceries/product/details/exclusives-44/men-advance-2-blade-disposable-razor-with-fixed-head-x20', 'Men Advance 2 Blade Disposable Razor with Fixed Head x20', '£2.50', '13p / bld')
('https://www.sainsburys.co.uk/shop/gb/groceries/product/details/exclusives-44/men-advance-anti-fatigue-moisturiser-50ml', 'Men Advance Anti-Fatigue Moisturiser 50ml', '£3.50', '£7.00 / 100ml')
('https://www.sainsburys.co.uk/shop/gb/groceries/product/details/exclusives-44/men-advance-deep-cleansing-face-wash-150ml', 'Men Advance Deep Cleansing Face Wash 150ml', '£2.00', '£1.33 / 100ml')
('https://www.sainsburys.co.uk/shop/gb/groceries/product/details/exclusives-44/naturals-facial-wipes-x25', 'Source of Nature Green Tea & Chamomile Facial Wipes x25', '£1.50', '6p / wipe')
('https://www.sainsburys.co.uk/shop/gb/groceries/product/details/exclusives-44/purify-micellar-cleansing-wipes', 'Purify Micellar Cleansing Wipes', '£1.25', '5p / wipe')
('https://www.sainsburys.co.uk/shop/gb/groceries/product/details/exclusives-44/sainsburys-hand---nails-cream-75ml', 'My Skin Matters Hand & Nails Cream 75ml', '£1.50', '£2.00 / 100ml')
('https://www.sainsburys.co.uk/shop/gb/groceries/product/details/exclusives-44/sainsburys-anti-age-serum-30ml', 'My Skin Matters Anti-Age Serum 30ml', '£4.00', '£13.33 / 100ml')
('https://www.sainsburys.co.uk/shop/gb/groceries/product/details/exclusives-44/origin-of-nature-anti-age-day-crm-50ml', 'Source of Nature Anti-Age Day Cream White Tea & Elderflower 50ml', '£4.50', '£9.00 / 100ml')
('https://www.sainsburys.co.uk/shop/gb/groceries/product/details/exclusives-44/good-fibrations-raspberry-coconut-bar-35g', 'Good Fibrations Raspberry & Coconut Bar 35g', '£1.30', '£3.71 / 100g')
('https://www.sainsburys.co.uk/shop/gb/groceries/product/details/exclusives-44/ortiz-bonito-tuna-in-olive-oil-158g', 'Ortiz Bonito Tuna In Olive Oil 158g', '£3.90', '£2.47 / 100g')
('https://www.sainsburys.co.uk/shop/gb/groceries/product/details/exclusives-44/good-earth-english-breakfast-tb-15s-41g', 'Good Earth Bold English Breakfast Tea Bags x15', '£2.75', '£6.71 / 100g')
('https://www.sainsburys.co.uk/shop/gb/groceries/product/details/exclusives-44/good-earth-rose-sweet-berries-tb-15s-39g', 'Good Earth Hibiscus, Rose & Sweet Berries Tea Bags x 15 39g', '£2.75', '£7.05 / 100g')
('https://www.sainsburys.co.uk/shop/gb/groceries/product/details/exclusives-44/manilife-original-roast-smooth-295g', 'ManiLife Original Roast Smooth Peanut Butter 295g', '£3.75', '£1.27 / 100g')
('https://www.sainsburys.co.uk/shop/gb/groceries/product/details/exclusives-44/ortiz-el-velero-white-tuna-in-olive-oil-112g', 'Ortiz El Velero White Tuna in Olive Oil 112g', '£3.05', '£2.73 / 100g')
('https://www.sainsburys.co.uk/shop/gb/groceries/product/details/exclusives-44/plant-pioneers-vegan-shroomballs-240g', 'Plant Pioneers Shroomballs', '£2.50', '£10.42 / kg')
('https://www.sainsburys.co.uk/shop/gb/groceries/product/details/exclusives-44/btq-a-w-collctn-nail-varnish-burnt-gold', 'Boutique Nail Polish Burnt Gold 10ml', '£3.00', '£3.00 / 10ml')
('https://www.sainsburys.co.uk/shop/gb/groceries/product/details/exclusives-44/boutique-lip-mousse-3', 'Boutique High Coverage Moisturising Lip Velvet Rusted Orange 5ml', '£4.00', '£4.00 / ea')
('https://www.sainsburys.co.uk/shop/gb/groceries/product/details/exclusives-44/sainsburys-vegetarian-chicken-nuggets-320g', 'Plant Pioneers Meat Free Chicken Style Nuggets 320g', '£1.75', '£5.47 / kg')
('https://www.sainsburys.co.uk/shop/gb/groceries/product/details/exclusives-44/collection-lengthening-waterproof-mascara-ultra-black-17-8ml', 'Collection Lengthening Waterproof Mascara Ultra Black 17 8ml', '£4.00', '£4.00 / ea')
('https://www.sainsburys.co.uk/shop/gb/groceries/product/details/exclusives-44/happy-naturals-nourishing-body-butter-argan-oil-sweet-orange-200ml', 'Happy Naturals Nourishing Body Butter Argan Oil & Sweet Orange 200ml', '£3.00', '£1.50 / 100ml')
('https://www.sainsburys.co.uk/shop/gb/groceries/product/details/exclusives-44/happy-naturals-sea-minerals-body-polish', 'Happy Naturals Sea Minerals Body Polish', '£3.50', '£1.17 / 100ml')
('https://www.sainsburys.co.uk/shop/gb/groceries/product/details/exclusives-44/the-collection-lemon-bodywash-250ml', 'The Collection Lemon Bodywash 250ml', '85p', '34p / 100ml')
('https://www.sainsburys.co.uk/shop/gb/groceries/product/details/dairy-all-cheese/cathedral-city-snack-bar-original-cheese-24g', 'Cathedral City Snack Bar Original Cheese 24g', '65p', '£27.08 / kg')
('https://www.sainsburys.co.uk/shop/gb/groceries/product/details/dairy-all-cheese/sainsburys-baking-cam--red-onion-relish--taste-the-difference-290g', "Sainsbury's Baking Camembert & Onion Relish 280g", '£2.60', '£9.29 / kg')
('https://www.sainsburys.co.uk/shop/gb/groceries/product/details/dairy-all-cheese/sainsburys-s-fire-chedder-with-red-peppers--taste-the-difference-200g', "Sainsbury's S/fire Chedder With Red Peppers, Taste the Difference 200g", '£2.55', '£12.75 / kg')
('https://www.sainsburys.co.uk/shop/gb/groceries/product/details/dairy-all-cheese/cathedral-city-grated-mature-cheddar-cheese-180g', 'Cathedral City Grated Mature Cheddar Cheese 180g', '£1.25', '£6.94 / kg')
('https://www.sainsburys.co.uk/shop/gb/groceries/product/details/dairy-all-cheese/yester-farm-dairies-natural-cottage-cheese-320g', 'Yester Farm Dairies Natural Cottage Cheese 320g', '£1.50', '£5.00 / kg')
('https://www.sainsburys.co.uk/shop/gb/groceries/product/details/dairy-all-cheese/pilgrims-choice-vintage-cheddar-cheese-300g', 'Pilgrims Choice Vintage Cheddar Cheese 300g', '£3.00', '£10.00 / kg')
('https://www.sainsburys.co.uk/shop/gb/groceries/product/details/dairy-all-cheese/sainsburys-blue-stilton-220g', "Sainsbury's Blue Stilton Cheese 220g", '£1.90', '£8.64 / kg')
('https://www.sainsburys.co.uk/shop/gb/groceries/product/details/dairy-all-cheese/galloway-medium-coloured-cheddar-500g', 'Galloway Medium Coloured Cheddar Cheese 500g', '£3.50', '£7.00 / kg')
('https://www.sainsburys.co.uk/shop/gb/groceries/product/details/dairy-all-cheese/savera-paneer-225g', 'Apetina Paneer Cheese 225g', '£1.55', '£6.89 / kg')
('https://www.sainsburys.co.uk/shop/gb/groceries/product/details/dairy-all-cheese/dairylea-cheese-spread-270g', 'Dairylea Cheese Spread 270g', '£1.90', '£7.04 / kg')
('https://www.sainsburys.co.uk/shop/gb/groceries/product/details/dairy-all-cheese/philadelphia-light-180g', 'Philadelphia Light Soft Cheese 180g', '£1.95', '£10.83 / kg')
('https://www.sainsburys.co.uk/shop/gb/groceries/product/details/dairy-all-cheese/philadelphia-light-chives-170g', 'Philadelphia Chives Soft Cheese 170g', '£1.95', '£11.47 / kg')
('https://www.sainsburys.co.uk/shop/gb/groceries/product/details/dairy-all-cheese/sainsburys-welsh-slate-cavern-aged-cheddar--taste-the-difference-200g', "Sainsbury's Welsh Slate Cavern Aged Cheddar, Taste the Difference 200g", '£2.60', '£13.00 / kg')
('https://www.sainsburys.co.uk/shop/gb/groceries/product/details/dairy-all-cheese/sainsburys-morbier--taste-the-difference-200g', "Sainsbury's Morbier Cheese, Taste the Difference 200g", '£3.00', '£15.00 / kg')
('https://www.sainsburys.co.uk/shop/gb/groceries/product/details/dairy-all-cheese/sainsburys-full-flavoured-coloured--basics-625g', "Mary Ann's Dairy Mature Coloured Cheddar  600g", '£2.70', '£4.50 / kg')
('https://www.sainsburys.co.uk/shop/gb/groceries/product/details/dairy-all-cheese/sainsburys-full-flavour-cheddar--basics-625g', "Mary Ann's Dairy Mature Cheddar Cheese 600g", '£2.66', '£4.43 / kg')
('https://www.sainsburys.co.uk/shop/gb/groceries/product/details/dairy-all-cheese/chevington-sliced-mild-cheddar-200g', 'Chevington Sliced Mild Cheddar 200g', '£2.30', '£1.15 / 100g')
('https://www.sainsburys.co.uk/shop/gb/groceries/product/details/dairy-all-cheese/sainsburys-smoky-cheddar-truckle-100g', "Sainsbury's Smoky Cheddar 100g", '1p', '10p / kg')
('https://www.sainsburys.co.uk/shop/gb/groceries/product/details/dairy-all-cheese/sainsburys-mature-white--be-good-to-yourself-270g', "Sainsbury's Mature White Cheddar Cheese, Be Good To Yourself 270g", '£1.85', '£6.85 / kg')
('https://www.sainsburys.co.uk/shop/gb/groceries/product/details/dairy-all-cheese/sainsburys-taleggio--taste-the-difference-200g', "Sainsbury's Taleggio Cheese, Taste the Difference 200g", '£3.00', '£15.00 / kg')
('https://www.sainsburys.co.uk/shop/gb/groceries/product/details/dairy-all-cheese/sainsburys-parmigiano-reggiano--so-organic-200g', "Sainsbury's Parmigiano Reggiano Cheese, SO Organic 200g", '£4.00', '£20.00 / kg')
('https://www.sainsburys.co.uk/shop/gb/groceries/product/details/dairy-all-cheese/sainsburys-ricotta-cheese-250g', "Sainsbury's Ricotta Cheese 250g", '£1.20', '£4.80 / kg')
('https://www.sainsburys.co.uk/shop/gb/groceries/product/details/dairy-all-cheese/sainsburys-wensleydale-apricot-amaretto-taste-the-difference-200g', "Sainsbury's Wensleydale, Apricot & Amaretto, Taste the Difference 200g", '£2.50', '£12.50 / kg')
('https://www.sainsburys.co.uk/shop/gb/groceries/product/details/dairy-all-cheese/sainsburys-festive-melt-280g-7974224-p-44', "Sainsbury's Festive Cheese Stacks x2 280g", '£3.75', '£13.39 / kg')
('https://www.sainsburys.co.uk/shop/gb/groceries/product/details/dairy-all-cheese/sainsburys-nacho-cheese-triangles-x12-240g', "Sainsbury's Nacho Cheese Triangles x12 240g", '£2.00', '£8.33 / kg')
('https://www.sainsburys.co.uk/shop/gb/groceries/product/details/dairy-all-cheese/st-helens-farm-mild-goats-cheese-170g', "St Helen's Farm Mild Goats Cheese 170g", '£2.85', '£16.76 / kg')
('https://www.sainsburys.co.uk/shop/gb/groceries/product/details/dairy-all-cheese/pilgrims-choice-grated-extra-mature-180g', 'Pilgrims Choice Grated Extra Mature Cheddar 180g', '£2.00', '£11.11 / kg')
('https://www.sainsburys.co.uk/shop/gb/groceries/product/details/dairy-all-cheese/baby-bel-mini-rolls-85g', 'Baby Bel Mini Rolls 85g', '£2.00', '£23.53 / kg')
('https://www.sainsburys.co.uk/shop/gb/groceries/product/details/dairy-all-cheese/nush-almond-cream-cheese-150g', 'Nush Almond Cream Cheese 150g', '£2.50', '£16.67 / kg')
('https://www.sainsburys.co.uk/shop/gb/groceries/product/details/dairy-all-cheese/sainsburys-extra-mature-cumbrian-cheddar-taste-the-difference-350g', "Sainsbury's Extra Mature Cumbrian Cheddar, Taste the Difference 350g", '£3.00', '£8.57 / kg')
('https://www.sainsburys.co.uk/shop/gb/groceries/product/details/dairy-all-cheese/violife-epic-grated-150g', 'Violife Epic Grated 150g', '£2.20', '£1.47 / 100g')
('https://www.sainsburys.co.uk/shop/gb/groceries/product/details/dairy-all-cheese/fridge-raiders-combos-honey-bbq-40g', 'Fridge Raiders Honey BBQ Cheese & Nut Snack Combos 40g', '£1.30', '£32.50 / kg')
('https://www.sainsburys.co.uk/shop/gb/groceries/product/details/dairy-all-cheese/sainsburys-grated-four-cheese-mix-250g', "Sainsbury's Grated Four Cheese Mix 250g", '£1.70', '£6.80 / kg')
('https://www.sainsburys.co.uk/shop/gb/groceries/product/details/dairy-all-cheese/midas-grilling-cheese-200g', 'Midas Grilling Cheese 200g', '£1.40', '£7.00 / kg')
('https://www.sainsburys.co.uk/shop/gb/groceries/product/details/dairy-all-cheese/cathedral-city-kids-snack-nibbles-mild-lighter-cheese-5x16g', 'Cathedral City Kids Snack Nibbles Mild Lighter Cheese 5x16g', '£1.25', '£15.63 / kg')
('https://www.sainsburys.co.uk/shop/gb/groceries/product/details/dairy-all-cheese/mexicana-original-hot!-cheese-160g', 'Mexicana Original Hot! Cheese Slices 160g', '£1.95', '£12.19 / kg')
('https://www.sainsburys.co.uk/shop/gb/groceries/product/details/dairy-all-cheese/sainsburys-mozzarella-cheese-pearls-125g', "Sainsbury's Mozzarella Cheese Pearls 125g", '£1.20', '£9.60 / kg')
('https://www.sainsburys.co.uk/shop/gb/groceries/product/details/dairy-all-cheese/sainsburys-cypriot-halloumi-taste-the-difference-250g', "Sainsbury's Cypriot Halloumi, Taste the Difference 250g", '£3.15', '£12.60 / kg')
('https://www.sainsburys.co.uk/shop/gb/groceries/product/details/dairy-all-cheese/sainsburys-cheese-tipple', "Sainsbury's Secret Santa Gift Pack", '24p', '24p / ea')
('https://www.sainsburys.co.uk/shop/gb/groceries/product/details/dairy-all-cheese/cathedral-city-extra-mature-cheddar-550g-7752452-p-44', 'Cathedral City Extra Mature Cheddar Cheese 550g', '£4.50', '£8.18 / kg')
('https://www.sainsburys.co.uk/shop/gb/groceries/product/details/dairy-all-cheese/sainsburys-freefrom-cheddar-style-with-onion-dairy-free-cheese-200g', "Sainsbury's Deliciously Free From Cheddar Style With Onion Coconut Based Alternative To Cheese 200g", '£2.25', '£1.13 / 100g')
('https://www.sainsburys.co.uk/shop/gb/groceries/product/details/immunity-and-iron-/spatone-liquid-iron-supplement-with-vitamin-c-sachets-28x25ml-700ml', 'Spatone Liquid Iron Supplement with Vitamin C Sachets (28x25ml) 700ml', '£12.50', '£12.50 / ea')
('https://www.sainsburys.co.uk/shop/gb/groceries/product/details/immunity-and-iron-/spatone-liquid-iron-supplement-with-vitamin-c-14x25ml-350ml', 'Spatone Liquid Iron Supplement with Vitamin C (14x25ml) 350ml', '£8.00', '£8.00 / ea')
('https://www.sainsburys.co.uk/shop/gb/groceries/product/details/immunity-and-iron-/spatone-liquid-iron-sachets-14x25ml-350ml', 'Spatone Liquid Iron Sachets (14x25ml) 350ml', '£8.00', '£8.00 / ea')
('https://www.sainsburys.co.uk/shop/gb/groceries/product/details/immunity-and-iron-/redoxon-immune-support-x15', 'Redoxon Orange Immune Support Vitamin C Tablets x15', '£5.00', '33p / ea')
('https://www.sainsburys.co.uk/shop/gb/groceries/product/details/immunity-and-iron-/centrum-for-women-50-x30', 'Centrum For Women 50+ x30', '£6.00', '20p / ea')
('https://www.sainsburys.co.uk/shop/gb/groceries/product/details/immunity-and-iron-/centrum-advance-for-women-x30', 'Centrum Advance For Women x30', '£5.00', '17p / ea')
('https://www.sainsburys.co.uk/shop/gb/groceries/product/details/immunity-and-iron-/sainsburys-vitamin-c---zinc-x60', "Sainsbury's Vitamin C & Zinc x60", '£2.00', '3p / ea')
('https://www.sainsburys.co.uk/shop/gb/groceries/product/details/immunity-and-iron-/sainsburys-zinc-x60-15mg', "Sainsbury's Zinc x60 15mg", '£1.50', '3p / ea')
('https://www.sainsburys.co.uk/shop/gb/groceries/product/details/immunity-and-iron-/phizz-multivitamin-hydration-orange-tablets-x20', 'Phizz Multivitamin Hydration Orange Tablets x20', '£5.00', '£5.00 / ea')
('https://www.sainsburys.co.uk/shop/gb/groceries/product/details/immunity-and-iron-/hri-coldcare-30-tablets', 'HRI Coldcare 30 Tablets', '£8.00', '£8.00 / ea')
('https://www.sainsburys.co.uk/shop/gb/groceries/product/details/immunity-and-iron-/sainsburys-slow-release-vitamin-c-500mg-x-60', "Sainsbury's Immune Slow Release Vitamin C 500mg One A Day x60 Tablets", '£3.00', '5p / ea')
('https://www.sainsburys.co.uk/shop/gb/groceries/product/details/immunity-and-iron-/sainsburys-effervescent-vitamin-c-1000mg-x20', "Sainsbury's Effervescent Vitamin C 1000mg x20", '£1.20', '6p / ea')
('https://www.sainsburys.co.uk/shop/gb/groceries/product/details/immunity-and-iron-/centrum-advance-multivitamin-50-x100', 'Centrum Advance Multivitamin 50+ x100', '£10.00', '10p / tblt')
('https://www.sainsburys.co.uk/shop/gb/groceries/product/details/immunity-and-iron-/spatone-iron-supplement-sachets--x28', 'Spatone Sachets 28 Day', '£12.00', '43p / ea')
('https://www.sainsburys.co.uk/shop/gb/groceries/product/details/heart-brain-and-eye/centrum-for-women-50-x30', 'Centrum For Women 50+ x30', '£6.00', '20p / ea')
('https://www.sainsburys.co.uk/shop/gb/groceries/product/details/heart-brain-and-eye/centrum-advance-for-women-x30', 'Centrum Advance For Women x30', '£5.00', '17p / ea')
('https://www.sainsburys.co.uk/shop/gb/groceries/product/details/heart-brain-and-eye/sainsburys-omega-369-x60', "Sainsbury's Omega 3+6+9 x60", '£3.50', '6p / ea')
('https://www.sainsburys.co.uk/shop/gb/groceries/product/details/heart-brain-and-eye/sainsburys-omega-3-for-vegetarians---vegans-450mg-x60', "Sainsbury's Omega 3 For Vegetarians & Vegans x60 450mg", '£3.50', '6p / ea')
('https://www.sainsburys.co.uk/shop/gb/groceries/product/details/heart-brain-and-eye/sainsburys-omega-3-fish-oils-1000mg-x-180', "Sainsbury's Omega 3 Fish Oil 1000mg One A Day x180 Capsules", '£8.00', '4p / ea')
('https://www.sainsburys.co.uk/shop/gb/groceries/product/details/heart-brain-and-eye/sainsburys-omega-3-fish-oils-1000mg-x-60', "Sainsbury's Heart Omega 3 Fish Oil 1000mg Capsules 1 a Day x60", '£3.50', '6p / ea')
('https://www.sainsburys.co.uk/shop/gb/groceries/product/details/heart-brain-and-eye/centrum-advance-multivitamin-50-x100', 'Centrum Advance Multivitamin 50+ x100', '£10.00', '10p / tblt')
('https://www.sainsburys.co.uk/shop/gb/groceries/product/details/sleep-and-relaxation-/this-works-stress-check-cbd-face-shield-50ml', 'This Works Stress Check CBD Face Shield 50ml', '£17.00', '£34.00 / 100ml')
('https://www.sainsburys.co.uk/shop/gb/groceries/product/details/sleep-and-relaxation-/bach-rescue-soothing-pastilles-orange-elderflower-flavour-50g', 'Bach Rescue Soothing Pastilles Orange & Elderflower Flavour 50g', '£6.00', '£6.00 / ea')
('https://www.sainsburys.co.uk/shop/gb/groceries/product/details/sleep-and-relaxation-/tisserand-aromatherapy-total-de-stress-pulse-point-roller-ball-10ml', 'Tisserand Aromatherapy Total De-Stress Pulse Point Roller Ball 10ml', '£5.95', '£5.95 / ea')
('https://www.sainsburys.co.uk/shop/gb/groceries/product/details/sleep-and-relaxation-/tisserand-aromatherapy-happy-vibes-pulse-point-roller-ball-10ml', 'Tisserand Aromatherapy Happy Vibes Pulse Point Roller Ball 10ml', '£5.95', '£5.95 / ea')
('https://www.sainsburys.co.uk/shop/gb/groceries/product/details/sleep-and-relaxation-/tisserand-aromatherapy-green-eucalyptus-organic-pure-essential-oil-9ml', 'Tisserand Aromatherapy Green Eucalyptus Organic Pure Essential Oil 9ml', '£4.85', '£4.85 / ea')
('https://www.sainsburys.co.uk/shop/gb/groceries/product/details/sleep-and-relaxation-/nytol-one-a-night-tabletsx20', 'Nytol One A Night Tablets x20', '£4.50', '23p / ea')
('https://www.sainsburys.co.uk/shop/gb/groceries/product/details/sleep-and-relaxation-/tonic-health-natural-cherry-chamomile-high-dose-night-time-immunity-drink-7x55g', 'Tonic Health Natural Cherry & Chamomile High Dose Night Time Immunity Drink 7x5.5g', '£5.35', '£5.35 / ea')
('https://www.sainsburys.co.uk/shop/gb/groceries/product/details/sleep-and-relaxation-/this-works-stress-check-mood-manager-35ml', 'This Works Stress Check Mood Manager 35ml', '£15.00', '£42.86 / 100ml')
('https://www.sainsburys.co.uk/shop/gb/groceries/product/details/sleep-and-relaxation-/bach-rescue-plus-logenze-natural-orange-elderflower-flavour-42g', 'Bach Rescue Plus Logenze Natural Orange & Elderflower Flavour 42g', '£3.70', '£3.70 / ea')
('https://www.sainsburys.co.uk/shop/gb/groceries/product/details/sleep-and-relaxation-/tisserand-aromatherapy-sleep-better-pulse-point-roller-ball-10ml', 'Tisserand Aromatherapy Sleep Better Pulse Point Roller Ball 10ml', '£5.95', '£5.95 / ea')
('https://www.sainsburys.co.uk/shop/gb/groceries/product/details/sleep-and-relaxation-/sainsburys-sleep-aid-x60', "Sainsbury's Sleep Aid x60", '£4.00', '7p / tblt')
('https://www.sainsburys.co.uk/shop/gb/groceries/product/details/sleep-and-relaxation-/kalms-one-a-day-lavender-oil-80mg-x14-capsules', 'Kalms One-A-Day Lavender Oil 80mg x14 Capsules', '£6.50', '46p / ea')
('https://www.sainsburys.co.uk/shop/gb/groceries/product/details/sleep-and-relaxation-/tonic-health-natural-lemon-honey-high-dose-immunity-drink-10x55g', 'Tonic Health Natural Lemon & Honey High Dose Immunity Drink 10x5.5g', '£5.35', '£5.35 / ea')
('https://www.sainsburys.co.uk/shop/gb/groceries/product/details/sleep-and-relaxation-/this-works-stress-check-gentle-wash-250ml', 'This Works Stress Check Gentle Wash 250ml', '£15.00', '£6.00 / 100ml')
('https://www.sainsburys.co.uk/shop/gb/groceries/product/details/sleep-and-relaxation-/tisserand-aromatherapy-3-step-ritual-to-sleep-better', 'Tisserand Aromatherapy 3-Step Ritual to Sleep Better', '£5.95', '£2.13 / 10ml')
('https://www.sainsburys.co.uk/shop/gb/groceries/product/details/sleep-and-relaxation-/nytol-herbal-simply-sleep-calm-elixir-100ml', 'Nytol Herbal Simply Sleep & Calm Elixir 100ml', '£6.00', '£6.00 / 100ml')
('https://www.sainsburys.co.uk/shop/gb/groceries/product/details/sleep-and-relaxation-/nytol-anti-snoring-throat-spray-50ml', 'Nytol Anti-Snoring Throat Spray 50ml', '£8.00', '£1.60 / 10ml')
('https://www.sainsburys.co.uk/shop/gb/groceries/product/details/sleep-and-relaxation-/nytol-herbal-tablets-x30', 'Nytol Herbal Tablets x30', '£4.00', '13p / ea')
('https://www.sainsburys.co.uk/shop/gb/groceries/product/details/sleep-and-relaxation-/tisserand-aromatherapy-green-tea-tree-organic-pure-essential-oil-20ml', 'Tisserand Aromatherapy Green Tea Tree Organic Pure Essential Oil 20ml', '£11.20', '£11.20 / ea')
('https://www.sainsburys.co.uk/shop/gb/groceries/product/details/all-price-lock/brooke-bond-scottish-blend-tea-bags--pyramid-bag-x160', 'Scottish Blend Pyramid Tea x160 500g', '£3.00', '65p / 100g')
('https://www.sainsburys.co.uk/shop/gb/groceries/product/details/all-price-lock/pg-tips-everyday-pyramid-tea-bags-x40', 'PG tips Original Biodegradable Black Tea Bags x40', '£1.35', '£1.16 / 100g')
('https://www.sainsburys.co.uk/shop/gb/groceries/product/details/all-price-lock/kelloggs-bran-flakes-cereal-750g-2133980-p', "Kellogg's Bran Flakes Cereal 750g", '£2.50', '33p / 100g')
('https://www.sainsburys.co.uk/shop/gb/groceries/product/details/all-price-lock/heinz-cream-of-chicken-soup-400g', 'Heinz Cream of Chicken Soup 400g', '80p', '20p / 100g')
('https://www.sainsburys.co.uk/shop/gb/groceries/product/details/all-price-lock/sainsburys-lemon-curd-411g', "Sainsbury's Lemon Curd 411g", '65p', '16p / 100g')
('https://www.sainsburys.co.uk/shop/gb/groceries/product/details/all-price-lock/sainsburys-mackerel-fillets--in-olive-oil-125g', "Sainsbury's Mackerel Fillets in Olive Oil 125g (90g*)", '80p', '89p / 100g')
('https://www.sainsburys.co.uk/shop/gb/groceries/product/details/price-lock-bakery/mr-kipling-mini-sponge-tart-selection-x9', 'Mr Kipling Mini Sponge Tart Selection x9', '£1.50', '17p / ea')
('https://www.sainsburys.co.uk/shop/gb/groceries/product/details/price-lock-bakery/mr-kipling-bakewell-selection-x9', 'Mr Kipling Mini Bakewell Tart Selection x9', '£1.50', '17p / ea')
('https://www.sainsburys.co.uk/shop/gb/groceries/product/details/price-lock-bakery/sainsburys-brownie-slices-x4', "Sainsbury's Brownie Slices x4", '£1.00', '25p / ea')
('https://www.sainsburys.co.uk/shop/gb/groceries/product/details/price-lock-bakery/sainsburys-flapjack-bites-x20', "Sainsbury's Flapjack Bites x20", '£1.50', '8p / ea')
('https://www.sainsburys.co.uk/shop/gb/groceries/product/details/price-lock-bakery/sainsburys-brownie-bites-x20', "Sainsbury's Brownie Bites x20", '£1.50', '8p / ea')
('https://www.sainsburys.co.uk/shop/gb/groceries/product/details/price-lock-bakery/mr-kipling-30-less-sugar-angel-slices-x6', 'Mr Kipling 30% Less Sugar Angel Slices x6', '90p', '15p / ea')
('https://www.sainsburys.co.uk/shop/gb/groceries/product/details/price-lock-bakery/sainsburys-wholemeal-tortilla-x8-10', "Sainsbury's Wholemeal Tortilla Wraps x8 512g", '90p', '11p / ea')
('https://www.sainsburys.co.uk/shop/gb/groceries/product/details/price-lock-bakery/sainsburys-giraffe-baguette-tiger-400g', "Sainsbury's Giraffe Baguette (Tiger) 400g", '85p', '85p / ea')
('https://www.sainsburys.co.uk/shop/gb/groceries/product/details/price-lock-bakery/sainsburys-madeira-loaf-cake-470g', "Sainsbury's Madeira Loaf Cake 470g", '£2.00', '£2.00 / ea')
('https://www.sainsburys.co.uk/shop/gb/groceries/product/details/price-lock-bakery/sainsburys-granola-yoghurt-bites-210g', "Sainsbury's Granola & Yoghurt Bites 210g", '£2.00', '95p / 100g')
('https://www.sainsburys.co.uk/shop/gb/groceries/product/details/price-lock-bakery/sainsburys-split-tin-white-bread-800g-6539339-p', "Sainsbury's Split Tin White Bread 800g", '£1.10', '14p / 100g')
('https://www.sainsburys.co.uk/shop/gb/groceries/product/details/price-lock-bakery/sainsburys-farmhouse-loaf-white-bread-800g-6504660-p', "Sainsbury's Farmhouse Loaf White Bread 800g", '£1.10', '14p / 100g')
('https://www.sainsburys.co.uk/shop/gb/groceries/product/details/price-lock-bakery/sainsburys-white-rolls-x6', "Sainsbury's White Rolls x6", '70p', '12p / ea')
('https://www.sainsburys.co.uk/shop/gb/groceries/product/details/price-lock-bakery/sainsburys-flamebaked-plain-naans--large-x2-260g', "Sainsbury's Flamebaked Plain Naans x2 260g", '80p', '31p / 100g')
('https://www.sainsburys.co.uk/shop/gb/groceries/product/details/price-lock-bakery/sainsburys-sultana-loaf-cake-495g', "Sainsbury's Sultana Loaf Cake 495g", '£2.00', '£2.00 / ea')
('https://www.sainsburys.co.uk/shop/gb/groceries/product/details/price-lock-bakery/sainsburys-milk-chocolate-mini-rolls-x14', "Sainsbury's Milk Chocolate Mini Rolls x14", '£1.50', '11p / ea')
('https://www.sainsburys.co.uk/shop/gb/groceries/product/details/price-lock-bakery/sainsburys-millionaire-bites-x22', "Sainsbury's Millionaire Bites x22", '£1.50', '7p / ea')
('https://www.sainsburys.co.uk/shop/gb/groceries/product/details/price-lock-bakery/sainsburys-mini-gingerbread-men-x30', "Sainsbury's Mini Gingerbread Men x30", '£1.50', '5p / ea')
('https://www.sainsburys.co.uk/shop/gb/groceries/product/details/price-lock-bakery/sainsburys-4-mini-plain-naan', "Sainsbury's Mini Plain Naan x4", '90p', '45p / 100g')
('https://www.sainsburys.co.uk/shop/gb/groceries/product/details/price-lock-bakery/sainsburys-giant-wholemeal-baps-x4', "Sainsbury's Large Wholemeal Baps x4", '70p', '18p / ea')
('https://www.sainsburys.co.uk/shop/gb/groceries/product/details/price-lock-bakery/sainsburys-wholemeal-rolls-x6', "Sainsbury's Wholemeal Rolls x6", '70p', '12p / ea')
('https://www.sainsburys.co.uk/shop/gb/groceries/product/details/price-lock-bakery/sainsburys-white-finger-rolls-x6', "Sainsbury's White Finger Rolls x6", '70p', '12p / ea')
('https://www.sainsburys.co.uk/shop/gb/groceries/product/details/price-lock-bakery/sainsburys-white-baton-6540535-p', "Sainsbury's White Baton", '45p', '45p / ea')
('https://www.sainsburys.co.uk/shop/gb/groceries/product/details/price-lock-bakery/sainsburys-giraffe-bread-tiger-800g', "Sainsbury's Giraffe Bread (Tiger) 800g", '£1.10', '14p / 100g')
('https://www.sainsburys.co.uk/shop/gb/groceries/product/details/price-lock-bakery/sainsburys-buttermilk-pancakes-x4', "Sainsbury's Buttermilk Pancakes x4", '85p', '21p / ea')
('https://www.sainsburys.co.uk/shop/gb/groceries/product/details/price-lock-bakery/sainsburys-flapjack-slices-x4', "Sainsbury's Flapjack Slices x4", '£1.00', '25p / ea')
('https://www.sainsburys.co.uk/shop/gb/groceries/product/details/price-lock-bakery/sainsburys-milk-chocolate-flapjack-bites-x18', "Sainsbury's Milk Chocolate Flapjack Bites x18", '£1.50', '8p / ea')
('https://www.sainsburys.co.uk/shop/gb/groceries/product/details/price-lock-bakery/sainsburys-crispy-caramel-chocolate-bites-x20', "Sainsbury's Crispy Caramel & Chocolate Bites x20", '£1.50', '8p / ea')
('https://www.sainsburys.co.uk/shop/gb/groceries/product/details/price-lock-bakery/sainsburys-chocolate-cornflake-clusters-x15', "Sainsbury's Chocolate Cornflake Clusters x15", '£1.50', '10p / ea')
('https://www.sainsburys.co.uk/shop/gb/groceries/product/details/price-lock-bakery/sainsburys-rocky-road-bites-x18-7998897-p-44', "Sainsbury's Rocky Road Bites x18", '£1.50', '8p / ea')
('https://www.sainsburys.co.uk/shop/gb/groceries/product/details/price-lock-bakery/sainsburys-mini-shortcake-bites-x20', "Sainsbury's Mini Shortcake Bites x20", '£1.50', '8p / ea')
('https://www.sainsburys.co.uk/shop/gb/groceries/product/details/price-lock-bakery/sainsburys-double-chocolate-mini-rolls-295g', "Sainsbury's Double Chocolate Mini Rolls 295g", '£2.00', '68p / 100g')
('https://www.sainsburys.co.uk/shop/gb/groceries/product/details/price-lock-bakery/sainsburys-double-chocolate-brownie-bites-234g', "Sainsbury's Double Chocolate Brownie Bites 234g", '£2.00', '77p / 100g')
('https://www.sainsburys.co.uk/shop/gb/groceries/product/details/price-lock-bakery/sainsburys-all-butter-flapjack-bites-325g', "Sainsbury's All Butter Flapjack Bites 325g", '£2.00', '62p / 100g')
('https://www.sainsburys.co.uk/shop/gb/groceries/product/details/price-lock-food-cupboard/heinz-vegetable-soup-400g', 'Heinz Vegetable Soup 400g', '80p', '20p / 100g')
('https://www.sainsburys.co.uk/shop/gb/groceries/product/details/price-lock-food-cupboard/kelloggs-frosties-cereal-500g-2059600-p', "Kellogg's Frosties Cereal 500g", '£2.50', '50p / 100g')
('https://www.sainsburys.co.uk/shop/gb/groceries/product/details/price-lock-food-cupboard/yorkshire-everyday-tea-bags-x80', 'Yorkshire Tea Tea Bags x80', '£2.50', '£1.00 / 100g')
('https://www.sainsburys.co.uk/shop/gb/groceries/product/details/price-lock-food-cupboard/sainsburys-red-salmon--skinless---boneless-105g', "Sainsbury's Wild Pacific Red Salmon, Skinless & Boneless 105g", '£2.30', '£2.19 / 100g')
('https://www.sainsburys.co.uk/shop/gb/groceries/product/details/price-lock-food-cupboard/sainsburys-prunes--californian--pitted--in-juice-290g', "Sainsbury's Prunes, Pitted, in Juice 290g", '80p', '46p / 100g')
('https://www.sainsburys.co.uk/shop/gb/groceries/product/details/chilled-pies/cookstown-chicken---ham-pie-500g', 'Cookstown Chicken & Ham Pie 500g (Serves 4)', '£3.00', '60p / 100g')
('https://www.sainsburys.co.uk/shop/gb/groceries/product/details/chilled-pies/sainsburys-freefrom-cheese---onion-quiche-170g', "Sainsbury's Deliciously Free From Cheese & Onion Quiche 170g", '£2.00', '£1.18 / 100g')
('https://www.sainsburys.co.uk/shop/gb/groceries/product/details/fresh-quiche/sainsburys-broccoli--tomato---cheese-quiche-400g', "Sainsbury's Broccoli, Tomato & Cheese Quiche 400g", '£2.00', '50p / 100g')
('https://www.sainsburys.co.uk/shop/gb/groceries/product/details/fresh-quiche/mccolgans-cheese-onion-quiche-400g', "McColgan's Cheese & Onion Quiche 400g", '£3.59', '90p / 100g')
('https://www.sainsburys.co.uk/shop/gb/groceries/product/details/fresh-quiche/sainsburys-crustless-quiche-lorraine-150g', "Sainsbury's Crustless Quiche Lorraine 150g", '£1.50', '£1.00 / 100g')
('https://www.sainsburys.co.uk/shop/gb/groceries/product/details/fresh-quiche/sainsburys-crustless-quiche-lorraine-340g', "Sainsbury's Crustless Quiche Lorraine 340g", '£2.00', '59p / 100g')
('https://www.sainsburys.co.uk/shop/gb/groceries/product/details/fresh-quiche/sainsburys-taste-the-difference-12-christmas-tree-vol-au-vents-192g', "Sainsbury's Festive Vol Au Vent Selection, Taste the Difference x12 216g", '£5.50', '£28.65 / kg')
('https://www.sainsburys.co.uk/shop/gb/groceries/product/details/fresh-quiche/higgidy-salmon---spinach-quiche-155g', 'Higgidy Smoked Salmon & Spinach Quiche 155g', '£2.00', '£1.29 / 100g')
('https://www.sainsburys.co.uk/shop/gb/groceries/product/details/fresh-quiche/sainsburys-crustles-tom-bas--mozarlla-quiche150g', "Sainsbury's Crustless Tomato Basil & Mozzarella Quiche 150g", '£1.50', '£1.00 / 100g')
('https://www.sainsburys.co.uk/shop/gb/groceries/product/details/fresh-quiche/sainsburys-crustless-tomato---mozzella-quiche-340g', "Sainsbury's Crustless Tomato, Mozzarella & Basil Quiche 340g", '£2.00', '59p / 100g')
('https://www.sainsburys.co.uk/shop/gb/groceries/product/details/fresh-quiche/higgidy-smoked-english-bacon---mature-cheddar-quiche-400g', 'Higgidy Smoked English Bacon Quiche 400g', '£4.00', '£1.00 / 100g')
('https://www.sainsburys.co.uk/shop/gb/groceries/product/details/fresh-quiche/sainsburys-quiche-lorraine-400g', "Sainsbury's Quiche Lorraine 400g", '£2.00', '50p / 100g')
('https://www.sainsburys.co.uk/shop/gb/groceries/product/details/fresh-quiche/sainsburys-mediterranean-style-vegetable-quiche-400g', "Sainsbury's Mediterranean Style Vegetable Quiche 400g", '£2.00', '50p / 100g')
('https://www.sainsburys.co.uk/shop/gb/groceries/product/details/fresh-quiche/sainsburys-quiche-lorraine-170g', "Sainsbury's Quiche Lorraine 170g", '£1.50', '88p / 100g')
('https://www.sainsburys.co.uk/shop/gb/groceries/product/details/fresh-quiche/sainsburys-wensleydale-cranberry-yuletide-log-taste-the-difference-570g', "Sainsbury's Wensleydale & Cranberry Yuletide Log, Taste the Difference 570g", '£6.00', '£1.05 / 100g')
('https://www.sainsburys.co.uk/shop/gb/groceries/product/details/fresh-quiche/higgidy-welsh-goats-cheese-and-leek-frittata-300g-serves-2-', "Higgidy Welsh Goat's Cheese and Leek Frittata 300g (Serves 2)", '£4.00', '1p / g')
('https://www.sainsburys.co.uk/shop/gb/groceries/product/details/fresh-quiche/higgidy-spinach--feta---roasted-pepper-quiche-400g', 'Higgidy Spinach, Red Pepper & Feta Quiche 400g', '£4.00', '£1.00 / 100g')
('https://www.sainsburys.co.uk/shop/gb/groceries/product/details/fresh-quiche/sainsburys-mushroom---farmhouse-cheddar-quiche-400g', "Sainsbury's Mushroom & Farmhouse Cheddar Quiche 400g", '£2.00', '50p / 100g')
('https://www.sainsburys.co.uk/shop/gb/groceries/product/details/freefrom-pies-pasties-quiche/pieminister-gluten-free-moo-british-beef-steak---gluten-free-ale-pie-275g', 'Pieminister Gluten Free Moo British Beef Steak & Gluten Free Ale Pie 275g', '£3.50', '£1.28 / 100g')
('https://www.sainsburys.co.uk/shop/gb/groceries/product/details/freefrom-pies-pasties-quiche/to-good-to-be-gluten-free-sausage-rolls-110g', 'Too Good To Be Gluten Free Sausage Roll 110g', '£2.00', '£1.82 / 100g')
('https://www.sainsburys.co.uk/shop/gb/groceries/product/details/freefrom-pies-pasties-quiche/sainsburys-deliciously-freefrom-cheese---bacon-quiche-170g', "Sainsbury's Deliciously Free From Cheese & Bacon Quiche 170g", '£2.00', '£1.18 / 100g')
('https://www.sainsburys.co.uk/shop/gb/groceries/product/details/freefrom-pies-pasties-quiche/sainsburys-freefrom-broccoli---tomato-quiche-170g', "Sainsbury's Deliciously Free From Broccoli & Tomato Quiche 170g", '£2.00', '£1.18 / 100g')
('https://www.sainsburys.co.uk/shop/gb/groceries/product/details/freefrom-pies-pasties-quiche/sainsburys-freefrom-cheese---onion-quiche-170g', "Sainsbury's Deliciously Free From Cheese & Onion Quiche 170g", '£2.00', '£1.18 / 100g')
('https://www.sainsburys.co.uk/shop/gb/groceries/product/details/freefrom-pies-pasties-quiche/nog-pork-pie-130g', 'Too Good To Be Gluten Free Pork Pie 130g', '£2.00', '£1.54 / 100g')
('https://www.sainsburys.co.uk/shop/gb/groceries/product/details/freefrom-pies-pasties-quiche/pieminister-gluten-free-ranger-chicken--leek--ham---thyme-pie-275g', 'Pieminister Gluten Free Ranger Chicken, Leek, Ham & Thyme Pie 275g', '£3.50', '£1.28 / 100g')
('https://www.sainsburys.co.uk/shop/gb/groceries/product/details/freefrom-pies-pasties-quiche/sainsburys-freefrom-courgette--feta---spinach-pie-170g', "Sainsbury's Deliciously Free From Courgette, Feta & Spinach Pie 170g (Serves 1)", '£2.00', '£1.18 / 100g')
('https://www.sainsburys.co.uk/shop/gb/groceries/product/details/freefrom-pies-pasties-quiche/sainsburys-freefrom-chicken---gravy-pie-200g', "Sainsbury's Deliciously Free From Chicken & Gravy Pie 200g (Serves 1)", '£2.00', '£1.00 / 100g')
('https://www.sainsburys.co.uk/shop/gb/groceries/product/details/freefrom-pies-pasties-quiche/sainsburys-freefrom-steak---gravy-pie-200g', "Sainsbury's Deliciously Free From Steak & Gravy Pie 200g (Serves 1)", '£2.00', '£1.00 / 100g')
('https://www.sainsburys.co.uk/shop/gb/groceries/product/details/all-chilled-savoury-snacks/quorn-southern-fried-poppers-60g', 'Quorn Southern Fried Poppers 60g', '£1.30', '£21.67 / kg')
('https://www.sainsburys.co.uk/shop/gb/groceries/product/details/all-chilled-savoury-snacks/sainsburys-iberico-cebo-chorizo-taste-the-difference-100g', "Sainsbury's Iberico Cebo Chorizo, Taste the Difference 100g", '£3.00', '£3.00 / 100g')
('https://www.sainsburys.co.uk/shop/gb/groceries/product/details/all-chilled-savoury-snacks/the-curators-the-original-beef-biltong-30g', 'The Curators The Original Beef Biltong 28g', '£1.75', '£6.25 / 100g')
('https://www.sainsburys.co.uk/shop/gb/groceries/product/details/all-chilled-savoury-snacks/sainsburys-pitted-green-olives-120g', "Sainsbury's Pitted Green Olives 120g", '£1.50', '£1.25 / 100g')
('https://www.sainsburys.co.uk/shop/gb/groceries/product/details/all-chilled-savoury-snacks/sainsburys-garlic-stuffed-halkidiki-olives-180g', "Sainsbury's Garlic Stuffed Halkidiki Olives 160g", '£2.40', '£1.50 / 100g')
('https://www.sainsburys.co.uk/shop/gb/groceries/product/details/all-chilled-savoury-snacks/sainsburys-conservolia---kalamata-olives-180g', "Sainsbury's Conservolia & Kalamata Olives 160g", '£2.40', '£1.50 / 100g')
('https://www.sainsburys.co.uk/shop/gb/groceries/product/details/all-chilled-savoury-snacks/sainsburys-mini-melton-mowbray-pork-pies--taste-the-difference-x6-320g', "Sainsbury's Mini Melton Mowbray Pork Pies, Taste the Difference x6 300g", '£3.30', '£1.10 / 100g')
('https://www.sainsburys.co.uk/shop/gb/groceries/product/details/all-chilled-savoury-snacks/sainsburys-mixed-olives---greek-feta-300g', "Sainsbury's Mixed Olives & Greek Feta 300g", '£3.50', '£1.17 / 100g')
('https://www.sainsburys.co.uk/shop/gb/groceries/product/details/all-chilled-savoury-snacks/sainsburys-trio-of-olives-60g', "Sainsbury's Trio Of Olives 60g", '£1.00', '£1.67 / 100g')
('https://www.sainsburys.co.uk/shop/gb/groceries/product/details/all-chilled-savoury-snacks/sainsburys-pork---pickle-snack-pie-x2-130g', "Sainsbury's Pork & Pickle Snack Pie x2 130g", '£1.25', '96p / 100g')
('https://www.sainsburys.co.uk/shop/gb/groceries/product/details/all-mothers-day/drury-173-elderflower-lychee-gin-liqueur-50cl', 'Drury 173 Elderflower & Lychee Gin Liqueur 50cl', '£9.00', '£18.00 / ltr')
('https://www.sainsburys.co.uk/shop/gb/groceries/product/details/all-mothers-day/sainsburys-harlequin-rose-7961034-p-44', "Sainsbury's Harlequin Rose", '£3.00', '£3.00 / ea')
('https://www.sainsburys.co.uk/shop/gb/groceries/product/details/all-mothers-day/sainsburys-blue-moon-bouquet', "Sainsbury's Blue Moon Bouquet", '£10.00', '£10.00 / ea')
('https://www.sainsburys.co.uk/shop/gb/groceries/product/details/all-mothers-day/the-coconut-collaborative-salted-caramel-choc-pots-4x45g', 'The Coconut Collaborative Salted Caramel Choc Pots 4x45g', '£2.50', '£1.39 / 100g')
('https://www.sainsburys.co.uk/shop/gb/groceries/product/details/all-mothers-day/feather-down-sweet-dreams-sleep-butter-with-calming-lavender-and-chamomile-essential-oils-300ml', 'Feather & Down Sweet Dreams Sleep Butter with Calming Lavender and Chamomile Essential Oils 300ml', '£5.00', '£1.67 / 100ml')
('https://www.sainsburys.co.uk/shop/gb/groceries/product/details/all-mothers-day/nip-fab-glycolic-fix-serum-30ml', 'Nip + Fab Glycolic Fix Serum 30ml', '£20.00', '£66.67 / 100ml')
('https://www.sainsburys.co.uk/shop/gb/groceries/product/details/all-mothers-day/loreal-paris-revitalift-filler-renew-anti-ageing-day-cream-50ml', "L'Oreal Paris Revitalift Filler Renew Anti-Ageing Day Cream 50ml", '£14.00', '£28.00 / 100ml')
('https://www.sainsburys.co.uk/shop/gb/groceries/product/details/all-mothers-day/sainsburys-chocolate-enrobed-gift-cake-342g', "Sainsbury's Chocolate Enrobed Gift Cake 240g", '£4.00', '£1.67 / 100g')
('https://www.sainsburys.co.uk/shop/gb/groceries/product/details/all-mothers-day/happy-naturals-nourishing-body-scrub-argan-oil-sweet-orange-200ml', 'Happy Naturals Nourishing Body Scrub Argan Oil & Shea 200ml', '£3.00', '£1.50 / 100g')
('https://www.sainsburys.co.uk/shop/gb/groceries/product/details/all-mothers-day/mr-kipling-angel-slices-x6-3023617-p-44', 'Mr Kipling Angel Cake Slices x6', '£1.60', '27p / ea')
('https://www.sainsburys.co.uk/shop/gb/groceries/product/details/all-mothers-day/sainsburys-barbers-mature-cruncher-cheese-taste-the-difference-350g', "Sainsbury's Barber's Mature Cruncher Cheese, Taste the Difference 350g", '£3.00', '£8.57 / kg')
('https://www.sainsburys.co.uk/shop/gb/groceries/product/details/all-mothers-day/sainsburys-wiltshire-unsmoked-back-bacon--taste-the-difference-240g', "Sainsbury's Unsmoked Wiltshire Cured Back Bacon, Taste the Difference x8 240g", '£2.75', '£11.46 / kg')
('https://www.sainsburys.co.uk/shop/gb/groceries/product/details/all-mothers-day/fever-tree-aromatic-tonic-water-500ml', 'Fever Tree Aromatic Tonic Water 500ml (Sugar levy applied)', '£1.95', '39p / 100ml')
('https://www.sainsburys.co.uk/shop/gb/groceries/product/details/all-mothers-day/sainsburys-crémant-de-loire-taste-the-difference-75cl', "Sainsbury's Crémant De Loire, Taste the Difference 75cl", '£9.00', '£9.00 / 75cl')
('https://www.sainsburys.co.uk/shop/gb/groceries/product/details/all-mothers-day/thorntons-continental-chocolates-284g', 'Thorntons Continental Chocolates 284g', '£7.00', '£2.47 / 100g')
('https://www.sainsburys.co.uk/shop/gb/groceries/product/details/all-mothers-day/oriental-lily-gift', "Sainsbury's Oriental Lily Gift", '£8.00', '£8.00 / ea')
('https://www.sainsburys.co.uk/shop/gb/groceries/product/details/all-mothers-day/sainsburys-stonebaked-ciabatta-taste-the-difference-400g-7781270-p', "Sainsbury's Stonebaked Ciabatta Taste the Difference 400g", '£1.70', '43p / 100g')
('https://www.sainsburys.co.uk/shop/gb/groceries/product/details/all-mothers-day/sainsburys-rosemary---sea-salt-focaccia-taste-the-difference-375g-7781182-p', "Sainsbury's Rosemary & Sea Salt Focaccia, Taste the Difference 375g", '£1.70', '45p / 100g')
('https://www.sainsburys.co.uk/shop/gb/groceries/product/details/all-mothers-day/twinings-ceylon-tea-bags-x50-125g', 'Twinings Ceylon Tea, 50 Tea Bags', '£3.50', '£2.80 / 100g')
('https://www.sainsburys.co.uk/shop/gb/groceries/product/details/all-mothers-day/alpro-long-life-coconut-rice-drink-1l', 'Alpro Coconut Long Life Drink 1L', '£1.80', '£1.80 / ltr')
('https://www.sainsburys.co.uk/shop/gb/groceries/product/details/all-mothers-day/sainsburys-beef-gravy--taste-the-difference-450g', "Sainsbury's Beef & Red Wine Gravy 450g", '£3.15', '70p / 100g')
('https://www.sainsburys.co.uk/shop/gb/groceries/product/details/all-mothers-day/sainsburys-white-oriental-lilies', "Sainsbury's White Oriental Lilies Bouquet", '£6.00', '£6.00 / ea')
('https://www.sainsburys.co.uk/shop/gb/groceries/product/details/all-mothers-day/sainsburys-roast-potatoes--taste-the-difference-450g', "Sainsbury's Roast Potatoes with Goose Fat, Taste the Difference 450g (Serves 2)", '£2.70', '£6.00 / kg')
('https://www.sainsburys.co.uk/shop/gb/groceries/product/details/all-mothers-day/valdo-prosecco-marca-oro-75cl', 'Valdo Prosecco Marca Oro 75cl', '£7.50', '£7.50 / 75cl')
('https://www.sainsburys.co.uk/shop/gb/groceries/product/details/all-mothers-day/sainsburys-roast-topside-beef-finely-sliced--taste-the-difference-110g', "Sainsbury's Roast Beef Topside Sliced, Taste the Difference 110g", '£2.75', '£2.50 / 100g')
('https://www.sainsburys.co.uk/shop/gb/groceries/product/details/all-mothers-day/sainsburys-melting-middle-cod---parsley-sauce-fishcakes--taste-the-difference-x2-290g', "Sainsbury's Fishcakes Melting Middle Cod & Parsley Sauce Fishcakes Taste the Difference x2 290g", '£2.00', '£6.90 / kg')
('https://www.sainsburys.co.uk/shop/gb/groceries/product/details/all-mothers-day/quorn-family-roast-454g', 'Quorn Vegetarian Family Roast 454g', '£3.00', '£6.61 / kg')
('https://www.sainsburys.co.uk/shop/gb/groceries/product/details/all-mothers-day/gressingham-foods-spatchcock-poussin-with-salt---pepper-450g', 'Gressingham Spatchcock Poussin With Salt & Pepper 450g (serves 2)', '£2.95', '£6.56 / kg')
('https://www.sainsburys.co.uk/shop/gb/groceries/product/details/all-mothers-day/sainsburys-pineapple-pieces-400g', "Sainsbury's Pineapple Pieces 400g", '£2.00', '£5.00 / kg')
('https://www.sainsburys.co.uk/shop/gb/groceries/product/details/all-mothers-day/sainsburys-golden-yolked-free-range-eggs--taste-the-difference-x6', "Sainsbury's Woodland Free Range Golden Yolked Mixed Weight Eggs, Taste the Difference x6", '£1.90', '32p / ea')
('https://www.sainsburys.co.uk/shop/gb/groceries/product/details/all-mothers-day/sainsburys-no-added-sugar-milk-chocolate-100g', "Sainsbury's No Added Sugar Milk Chocolate 100g", '85p', '85p / 100g')
('https://www.sainsburys.co.uk/shop/gb/groceries/product/details/all-mothers-day/roc-de-lussac--lussac-st-emilion-75cl', 'Roc De Lussac, Lussac St Emilion 75cl', '£7.75', '£7.75 / 75cl')
('https://www.sainsburys.co.uk/shop/gb/groceries/product/details/all-mothers-day/sainsburys-victoria-sponge-with-strawberry-conserve---cream-330g', "Sainsbury's Victoria Sponge with Strawberry Conserve & Cream Dessert 330g (Serves 6)", '£2.50', '74p / 100g')
('https://www.sainsburys.co.uk/shop/gb/groceries/product/details/all-mothers-day/sainsburys-rioja-reserva--taste-the-difference-75cl', "Sainsbury's Rioja Reserva, Taste the Difference 75cl", '£7.50', '£7.50 / 75cl')
('https://www.sainsburys.co.uk/shop/gb/groceries/product/details/all-mothers-day/lindt-milk-hazelnut-150g', 'Lindt Les Grandes Milk Chocolate Hazelnut Bar 150g', '£3.00', '£2.00 / 100g')
('https://www.sainsburys.co.uk/shop/gb/groceries/product/details/all-mothers-day/green-blacks-organic-70-dark-chocolate-bar-90g', "Green & Black's Organic 70% Dark Chocolate Bar 90g", '£2.00', '£2.22 / 100g')
('https://www.sainsburys.co.uk/shop/gb/groceries/product/details/all-mothers-day/sainsburys-bordeaux-rosé-taste-the-difference-75cl', "Sainsbury's Bordeaux Rosé, Taste the Difference 75cl", '£6.50', '£6.50 / 75cl')
('https://www.sainsburys.co.uk/shop/gb/groceries/product/details/all-mothers-day/loreal-paris-wrinkle-decrease-collagen-day-cream-50ml', "L'Oreal Paris Wrinkle Decrease Collagen Day Cream 50ml", '£11.50', '£23.00 / 100ml')
('https://www.sainsburys.co.uk/shop/gb/groceries/product/details/all-mothers-day/alpro-long-life-soya-milk-alternative--original-1l', 'Alpro Soya Long Life Drink 1L', '£1.20', '£1.20 / ltr')
('https://www.sainsburys.co.uk/shop/gb/groceries/product/details/fresh-pot-herbs/sainsburys-fresh-packed-lime-leaves-x4', "Sainsbury's Fresh Packed Lime Leaves x4", '£1.20', '30p / ea')
('https://www.sainsburys.co.uk/shop/gb/groceries/product/details/fresh-pot-herbs/sainsburys-lemongrass-puree-40g', "Sainsbury's Lemongrass Puree 40g", '£1.00', '£2.50 / 100g')
('https://www.sainsburys.co.uk/shop/gb/groceries/product/details/fresh-pot-herbs/sainsburys-fresh-living-greek-basil-pot', "Sainsbury's Fresh Living Greek Basil Pot", '£1.25', '£1.25 / ea')
('https://www.sainsburys.co.uk/shop/gb/groceries/product/details/fresh-pot-herbs/sainsburys-fresh-living-curly-parsley-pot', "Sainsbury's Fresh Living Curly Parsley Pot", '£1.25', '£1.25 / ea')
('https://www.sainsburys.co.uk/shop/gb/groceries/product/details/fresh-pot-herbs/sainsburys-fresh-flat-leaf-parsley-28g', "Sainsbury's Fresh Packed Flat Leaf Parsley 30g", '75p', '25p / 10g')
('https://www.sainsburys.co.uk/shop/gb/groceries/product/details/fresh-pot-herbs/sainsburys-fresh-chives-25g', "Sainsbury's Fresh Packed Chives 25g", '70p', '28p / 10g')
('https://www.sainsburys.co.uk/shop/gb/groceries/product/details/fresh-pot-herbs/sainsburys-fresh-thyme-15g', "Sainsbury's Fresh Packed Thyme 15g", '70p', '47p / 10g')
('https://www.sainsburys.co.uk/shop/gb/groceries/product/details/fresh-pot-herbs/the-greengrocers-flat-leaf-parsley-20g', "The Greengrocer's Flat Leaf Parsley 20g", '75p', '38p / 10g')
('https://www.sainsburys.co.uk/shop/gb/groceries/product/details/asian-ingredients/sainsburys-okra-loose', "Sainsbury's Okra Loose", '£4.95 / kg', '£4.95 / kg')
('https://www.sainsburys.co.uk/shop/gb/groceries/product/details/asian-ingredients/sainsburys-living-basil-pot', "Sainsbury's Fresh Living Large Basil Pot", '£1.80', '£1.80 / ea')
('https://www.sainsburys.co.uk/shop/gb/groceries/product/details/asian-ingredients/sainsburys-garlic--so-organic-x3', "Sainsbury's Garlic, SO Organic x3", '£1.00', '33p / ea')
('https://www.sainsburys.co.uk/shop/gb/groceries/product/details/asian-ingredients/sainsburys-tenderstem-stir-fry--taste-the-difference-240g', "Sainsbury's Tenderstem Stir Fry, Taste the Difference 240g", '£2.50', '£1.04 / 100g')
('https://www.sainsburys.co.uk/shop/gb/groceries/product/details/indian-ingredients/sainsburys-coriander-paste-75g', "Sainsbury's Coriander Paste 75g", '£1.60', '£2.00 / 100g')
('https://www.sainsburys.co.uk/shop/gb/groceries/product/details/indian-ingredients/sainsburys-chilli-paste-75g', "Sainsbury's Chilli Paste 80g", '£1.45', '£1.81 / 100g')
('https://www.sainsburys.co.uk/shop/gb/groceries/product/details/indian-ingredients/chilli-green-jalapeno-loose', "Sainsbury's Chilli Green Jalapeno Loose", '£10.00 / kg', '£10.00 / kg')
('https://www.sainsburys.co.uk/shop/gb/groceries/product/details/indian-ingredients/sainsburys-ginger-100g', "Sainsbury's Ginger 100g", '85p', '85p / 100g')
('https://www.sainsburys.co.uk/shop/gb/groceries/product/details/indian-ingredients/sainsburys-okra-175g', "Sainsbury's Okra 175g", '£1.60', '£9.14 / kg')
('https://www.sainsburys.co.uk/shop/gb/groceries/product/details/indian-ingredients/gourmet-garden-lightly-dried-coriander', 'Gourmet Garden Lightly Dried Coriander', '£2.00', '£2.50 / 10g')
('https://www.sainsburys.co.uk/shop/gb/groceries/product/details/indian-ingredients/sainsburys-yams-loose', "Sainsbury's Yams Loose", '£2.00 / kg', '£2.00 / kg')
('https://www.sainsburys.co.uk/shop/gb/groceries/product/details/indian-ingredients/sainsburys-living-dill-pot', "Sainsbury's Fresh Living Dill Pot", '£1.00', '£1.00 / ea')
('https://www.sainsburys.co.uk/shop/gb/groceries/product/details/indian-ingredients/sainsburys-mango-box-2kg', "Sainsbury's Mango Box 2kg", '£4.50', '£2.25 / kg')
('https://www.sainsburys.co.uk/shop/gb/groceries/product/details/indian-ingredients/sainsburys-scotch-bonnet-hot-chilli-30', "Sainsbury's Scotch Bonnet Hot Chilli 30g", '70p', '£2.33 / 100g')
('https://www.sainsburys.co.uk/shop/gb/groceries/product/details/indian-ingredients/sainsburys-bunch-coriander-31g', "Sainsbury's Fresh Packed Bunch Coriander 30g", '75p', '25p / 10g')
('https://www.sainsburys.co.uk/shop/gb/groceries/product/details/indian-ingredients/sainsburys-root-ginger-loose', "Sainsbury's Root Ginger Loose", '£5.00 / kg', '£5.00 / kg')
('https://www.sainsburys.co.uk/shop/gb/groceries/product/details/indian-ingredients/sainsburys-baby-aubergines-200g', "Sainsbury's Baby Aubergines 200g", '£1.60', '£8.00 / kg')
('https://www.sainsburys.co.uk/shop/gb/groceries/product/details/indian-ingredients/sainsburys-garlic', "Sainsbury's Garlic", '25p', '25p / ea')
('https://www.sainsburys.co.uk/shop/gb/groceries/product/details/indian-ingredients/sainsburys-curry-leaves-5g', "Sainsbury's Curry Leaves 5g", '£1.20', '£2.40 / 10g')
('https://www.sainsburys.co.uk/shop/gb/groceries/product/details/indian-ingredients/sainsburys-aji-amarillo-chillies-50g', "Sainsbury's Aji Amarillo Chillies 50g", '£1.30', '£2.17 / 100g')
('https://www.sainsburys.co.uk/shop/gb/groceries/product/details/indian-ingredients/sainsburys-rocket-chillies', "Sainsbury's Rocket Chillies", '£1.65', '£6.60 / kg')
('https://www.sainsburys.co.uk/shop/gb/groceries/product/details/indian-ingredients/sainsburys-mooli-loose', "Sainsbury's Mooli Loose", '£1.30 / kg', '£1.30 / kg')
('https://www.sainsburys.co.uk/shop/gb/groceries/product/details/indian-ingredients/sainsburys-mixed-chillis-80g', "Sainsbury's Mixed Chillis 80g", '80p', '10p / 10g')
('https://www.sainsburys.co.uk/shop/gb/groceries/product/details/indian-ingredients/sainsburys-fresh-coriander-100g', "Sainsbury's Fresh Packed Coriander 100g", '£1.25', '13p / 10g')
('https://www.sainsburys.co.uk/shop/gb/groceries/product/details/indian-ingredients/sainsburys-fresh-packed-mint-28g', "Sainsbury's Fresh Packed Mint 30g", '75p', '25p / 10g')
('https://www.sainsburys.co.uk/shop/gb/groceries/product/details/all-prepared-fruit--veg---salad/sainsburys-rocket-salad--so-organic-60g', "Sainsbury's Rocket Salad, SO Organic 60g", '£1.50', '£2.50 / 100g')
('https://www.sainsburys.co.uk/shop/gb/groceries/product/details/all-prepared-fruit--veg---salad/sainsburys-swede---carrot-600g', "Sainsbury's Swede & Carrot 600g", '80p', '£1.33 / kg')
('https://www.sainsburys.co.uk/shop/gb/groceries/product/details/all-prepared-fruit--veg---salad/sainsburys-butternut-squash---spinach-croquettes', "Sainsbury's Butternut Squash & Spinach Croquettes 225g", '£2.00', '£8.89 / kg')
('https://www.sainsburys.co.uk/shop/gb/groceries/product/details/all-prepared-fruit--veg---salad/sainsburys-sweet-potato-mash-400g', "Sainsbury's Sweet Potato Mash 400g", '£2.00', '£5.00 / kg')
('https://www.sainsburys.co.uk/shop/gb/groceries/product/details/all-prepared-fruit--veg---salad/sainsburys-melon-140g', "Sainsbury's Melon 150g", '£1.00', '£6.67 / kg')
('https://www.sainsburys.co.uk/shop/gb/groceries/product/details/all-prepared-fruit--veg---salad/sainsburys-mango-fingers-with-lime-200g', "Sainsbury's Mango Fingers With Lime 200g", '£2.10', '£10.50 / kg')
('https://www.sainsburys.co.uk/shop/gb/groceries/product/details/all-prepared-fruit--veg---salad/sainsburys-minted-british-gem-new-potatoes--taste-the-difference-385g', "Sainsbury's Minted British Gem New Potatoes, Taste the Difference 385g", '£2.00', '£5.19 / kg')
('https://www.sainsburys.co.uk/shop/gb/groceries/product/details/all-prepared-fruit--veg---salad/sainsburys-mango---watermelon-fingers-280g', "Sainsbury's Mango & Watermelon Fingers 280g", '£2.50', '£8.93 / kg')
('https://www.sainsburys.co.uk/shop/gb/groceries/product/details/all-prepared-fruit--veg---salad/sainsburys-mango-fridge-bag-500g', "Sainsbury's Mango Fridge Bag 500g", '£4.00', '£8.00 / kg')
('https://www.sainsburys.co.uk/shop/gb/groceries/product/details/all-prepared-fruit--veg---salad/sainsburys-pineapple-fridge-bag-500g', "Sainsbury's Pineapple Fridge Bag 500g", '£2.75', '£5.50 / kg')
('https://www.sainsburys.co.uk/shop/gb/groceries/product/details/all-prepared-fruit--veg---salad/sainsburys-mediterranean-stuffed-peppers-330g', "Sainsbury's Mediterranean Stuffed Peppers 330g", '£2.00', '£6.06 / kg')
('https://www.sainsburys.co.uk/shop/gb/groceries/product/details/all-prepared-fruit--veg---salad/florette-mixed-salad-180g', 'Florette Mixed Salad 180g', '£1.25', '69p / 100g')
('https://www.sainsburys.co.uk/shop/gb/groceries/product/details/new-355373-44/wrap-3m-gold-glitter', 'Wrap 3m - Gold Glitter', '£3.00', '£3.00 / ea')
('https://www.sainsburys.co.uk/shop/gb/groceries/product/details/new-355373-44/bird-thermal-flask', 'Bird Thermal Flask', '£7.00', '£7.00 / ea')
('https://www.sainsburys.co.uk/shop/gb/groceries/product/details/new-355373-44/wrap-3m-foil-partridge', "Sainsbury's Home Wrap 3M - Foil Partridge", '£2.00', '£2.00 / ea')
('https://www.sainsburys.co.uk/shop/gb/groceries/product/details/new-355373-44/wrap-10m-simulated-kraft-snowflake', "Sainsbury's Home Wrap 10M - Simulated Kraft Snowflake", '£3.00', '£3.00 / ea')
('https://www.sainsburys.co.uk/shop/gb/groceries/product/details/new-355373-44/gorilla-hottie', 'Gorilla Hottie', '£10.00', '£10.00 / ea')
('https://www.sainsburys.co.uk/shop/gb/groceries/product/details/new-355373-44/princes-corned-beef-130g', 'Princes Corned Beef 130g', '£1.05', '81p / 100g')
('https://www.sainsburys.co.uk/shop/gb/groceries/product/details/new-355373-44/planet-mug-socks', 'Planet Mug & Socks', '£8.00', '£8.00 / ea')
('https://www.sainsburys.co.uk/shop/gb/groceries/product/details/new-355373-44/sloth-squishy', 'Sloth Squishy', '£5.00', '£5.00 / ea')
('https://www.sainsburys.co.uk/shop/gb/groceries/product/details/new-355373-44/lemon-pom-pom-keyring', 'Lemon Pom Pom Keyring', '£4.00', '£4.00 / ea')
('https://www.sainsburys.co.uk/shop/gb/groceries/product/details/new-355373-44/professor-puzzle-pub-quiz', 'Professor Puzzle Pub Quiz', '£10.00', '£10.00 / ea')
('https://www.sainsburys.co.uk/shop/gb/groceries/product/details/new-355373-44/cat-tea-towel', 'Cat Tea Towel', '£3.00', '£3.00 / ea')
('https://www.sainsburys.co.uk/shop/gb/groceries/product/details/new-355373-44/tranquil-small-drinks-bottle-mirror-set', 'Tranquil Small Drinks Bottle and Mirror Set', '£10.00', '£10.00 / ea')
('https://www.sainsburys.co.uk/shop/gb/groceries/product/details/new-355373-44/32-pack-tags-christmas-noir', "Sainsbury's Home 32 Pack Tags - Christmas Noir", '£1.75', '£1.75 / ea')
('https://www.sainsburys.co.uk/shop/gb/groceries/product/details/new-355373-44/see-you-later-aligator-drinks-bottle-with-bag', 'See You Later Aligator Drinks Bottle With Bag', '£8.00', '£8.00 / ea')
('https://www.sainsburys.co.uk/shop/gb/groceries/product/details/new-355373-44/yankee-wax-welts-white-hammock-134770473-p', 'Yankee Wax Welts White Hammock', '£3.50', '£3.50 / ea')
('https://www.sainsburys.co.uk/shop/gb/groceries/product/details/new-355373-44/yankee-wax-melts-coastal-peony-134770342-p', 'Yankee Wax Melts Coastal Peony', '£3.50', '£3.50 / ea')
('https://www.sainsburys.co.uk/shop/gb/groceries/product/details/new-355373-44/yankee-small-jar-white-linen---lace-134770001-p', 'Yankee Small Jar White Linen And Lace Candle', '£5.00', '£5.00 / ea')
('https://www.sainsburys.co.uk/shop/gb/groceries/product/details/new-355373-44/cadbury-mini-eggs-easter-hunt-super-pack-3427g', 'Cadbury Mini Eggs Easter Hunt Super Pack 342.7g', '£7.00', '£2.04 / 100g')
('https://www.sainsburys.co.uk/shop/gb/groceries/product/details/new-355373-44/lego-christmas-train-ride-40262-134786432-p', 'Lego Christmas Train Ride 40262', '£8.49', '£8.49 / ea')
('https://www.sainsburys.co.uk/shop/gb/groceries/product/details/new-355373-44/baileys-chocolate-yule-log', 'Baileys Chocolate Yule Log', '£5.00', '89p / 100g')
('https://www.sainsburys.co.uk/shop/gb/groceries/product/details/new-355373-44/sainsburys-home-ceramic-jug-134637533-p', "Sainsbury's Home Ceramic Jug", '£12.00', '£12.00 / ea')
('https://www.sainsburys.co.uk/shop/gb/groceries/product/details/new-355373-44/peppa-pig-nursery-box--134638528-p', 'Peppa Pig Nursery Box', '£17.00', '£17.00 / ea')
('https://www.sainsburys.co.uk/shop/gb/groceries/product/details/new-355373-44/sainsburys-home-retreat-notebook-wiro-large-134631351-p', "Sainsbury's Home Retreat Notebook Wiro Large", '£7.00', '£7.00 / ea')
('https://www.sainsburys.co.uk/shop/gb/groceries/product/details/new-355373-44/sainsburys-home-retreat-ring-binder-colour-may-vary-', "Sainsbury's Home Retreat Ring Binder (Colour may vary)", '£2.00', '£2.00 / ea')
('https://www.sainsburys.co.uk/shop/gb/groceries/product/details/new-355373-44/sainsburys-home-retreat-weekly-planner-with-notes-134611392-p', "Sainsbury's Home Retreat Weekly Planner with Notes", '£5.00', '£5.00 / ea')
('https://www.sainsburys.co.uk/shop/gb/groceries/product/details/new-355373-44/sainsburys-home-retreat-exercise-book-medium-colour-may-vary-', "Sainsbury's Home Retreat Exercise Book Medium (Colour may vary)", '£2.50', '£2.50 / ea')
('https://www.sainsburys.co.uk/shop/gb/groceries/product/details/new-355373-44/sainsburys-home-drury-lane-ceramic-utensil-pot-134608695-p', "Sainsbury's Home Drury Lane Ceramic Utensil Pot", '£8.00', '£8.00 / ea')
('https://www.sainsburys.co.uk/shop/gb/groceries/product/details/new-355373-44/sainsburys-home-lighthouse-objet-134570017-p', "Sainsbury's Home Lighthouse Objet", '£10.00', '£10.00 / ea')
('https://www.sainsburys.co.uk/shop/gb/groceries/product/details/new-355373-44/sainsburys-home-leaning-bird-objet--134569876-p', "Sainsbury's Home Leaning Bird Objet", '£10.00', '£10.00 / ea')
('https://www.sainsburys.co.uk/shop/gb/groceries/product/details/new-355373-44/sainsburys-home-cote-dazur-weekly-planner-with-shopper-134575045-p', "Sainsbury's Home Cote d'Azur Weekly Planner with Shopper", '£6.00', '£6.00 / ea')
('https://www.sainsburys.co.uk/shop/gb/groceries/product/details/new-355373-44/sainsburys-mothers-day-floral-gel-candle---------------132803219-p', "Sainsbury's Mother's Day Floral Gel Candle", '£3.50', '£3.50 / ea')
('https://www.sainsburys.co.uk/shop/gb/groceries/product/details/new-355373-44/sainsburys-mothers-day-koala-objet-132802208-p', "Sainsbury's Mother's Day Koala Objet", '£4.00', '£4.00 / ea')
('https://www.sainsburys.co.uk/shop/gb/groceries/product/details/new-355373-44/sainsburys-mothers-day-house-plaque-mum-132800106-p', "Sainsbury's Mother's Day House Plaque Mum", '£4.50', '£4.50 / ea')
('https://www.sainsburys.co.uk/shop/gb/groceries/product/details/new-355373-44/sainsburys-mothers-day-mummy---me-tankard--132795327-p', "Sainsbury's Mother's Day Mummy & Me Tankard", '£4.50', '£4.50 / ea')
('https://www.sainsburys.co.uk/shop/gb/groceries/product/details/new-355373-44/sainsburys-mothers-day-grandma-jug-132795255-p', "Sainsbury's Mother's Day Grandma Jug", '£9.00', '£9.00 / ea')
('https://www.sainsburys.co.uk/shop/gb/groceries/product/details/new-355373-44/sainsburys-mothers-day-beware-sleep-deprived-mum-mug-132781195-p', "Sainsbury's Mother's Day Beware Sleep Deprived Mum Mug", '£4.50', '£4.50 / ea')
('https://www.sainsburys.co.uk/shop/gb/groceries/product/details/new-355373-44/sainsburys-mothers-day-metal-token-mum--132778316-p', "Sainsbury's Mother's Day Metal Token Mum", '£3.50', '£3.50 / ea')
('https://www.sainsburys.co.uk/shop/gb/groceries/product/details/new-355373-44/sainsburys-valentines-furry-patch-keyring-132778201-p', "Sainsbury's Valentine's Furry Patch Keyring", '£4.50', '£4.50 / ea')
('https://www.sainsburys.co.uk/shop/gb/groceries/product/details/new-355373-44/sainsburys-mothers-day-heart-keyring-nan-132595181-p', "Sainsbury's Mother's Day Heart Keyring Nan", '£3.50', '£3.50 / ea')
('https://www.sainsburys.co.uk/shop/gb/groceries/product/details/new-355373-44/sainsburys-valentines-love-light-132759465-p', "Sainsbury's Valentine's Love Light", '£12.00', '£12.00 / ea')
('https://www.sainsburys.co.uk/shop/gb/groceries/product/details/new-355373-44/sainsburys-home-kraft-brights-oversized-exercise-book-132754331-p', "Sainsbury's Home Kraft Brights Oversized Exercise Book", '£2.00', '£2.00 / ea')
('https://www.sainsburys.co.uk/shop/gb/groceries/product/details/new-355373-44/sainsburys-valentines-faux-rose-petals-132742866-p', "Sainsbury's Valentine's Faux Rose Petals", '£4.50', '£4.50 / ea')
('https://www.sainsburys.co.uk/shop/gb/groceries/product/details/new-355373-44/sainsburys-valentines-crackers-x4-132740123-p', "Sainsbury's Valentine's Crackers x4", '£6.00', '£6.00 / ea')
('https://www.sainsburys.co.uk/shop/gb/groceries/product/details/new-355373-44/sainsburys-valentines-grey-photo-frame-132567957-p', "Sainsbury's Valentine's Grey Photo Frame", '£8.00', '£8.00 / ea')
('https://www.sainsburys.co.uk/shop/gb/groceries/product/details/milk-free-chocolate-and-biscuits/nomo-fruit-crunch-chocolate-bar-32g', 'NOMO Fruit & Crunch Chocolate Bar 32g', '90p', '£2.81 / 100g')
('https://www.sainsburys.co.uk/shop/gb/groceries/product/details/milk-free-chocolate-and-biscuits/pico-fairtrade-organic-salted-caramel-chocolate-bar-80g', 'Pico Fairtrade Organic Salted Caramel Chocolate Bar 80g', '£2.95', '£3.69 / 100g')
('https://www.sainsburys.co.uk/shop/gb/groceries/product/details/milk-free-chocolate-and-biscuits/creative-nature-3-high-protein-crunch-bars-brilliant-orange-cacao', 'Creative Nature 3 High Protein Crunch Bars Brilliant Orange Cacao', '£2.75', '£2.29 / 100g')
('https://www.sainsburys.co.uk/shop/gb/groceries/product/details/milk-free-chocolate-and-biscuits/livias-nugglets-raw-cookie-dough-35g', "Livia's Nugglets Raw Cookie Dough 35g", '£1.50', '£4.29 / 100g')
('https://www.sainsburys.co.uk/shop/gb/groceries/product/details/milk-free-chocolate-and-biscuits/livias-nugglets-salted-almond-butter-35g', "Livia's Nugglets Salted Almond Butter 35g", '£1.50', '£4.29 / 100g')
('https://www.sainsburys.co.uk/shop/gb/groceries/product/details/milk-free-chocolate-and-biscuits/nakd-salted-caramel-fruit---nut-bars-4-x-35g-7952131-p', 'Nakd Salted Caramel Fruit & Nut Bars 4 x 35g', '£2.50', '£1.79 / 100g')
('https://www.sainsburys.co.uk/shop/gb/groceries/product/details/milk-free-chocolate-and-biscuits/freeist-sugar-free-gluten-free-gummy-worm-sweets-with-sweeteners-100g', "Free'ist Sugar Free & Gluten Free Gummy Worm Sweets with Sweeteners 100g", '£1.30', '£1.30 / 100g')
('https://www.sainsburys.co.uk/shop/gb/groceries/product/details/milk-free-chocolate-and-biscuits/candy-kittens-wild-strawberry-sweets-115g', 'Candy Kittens Wild Strawberry Sweets 125g', '£2.00', '£1.60 / 100g')
('https://www.sainsburys.co.uk/shop/gb/groceries/product/details/milk-free-chocolate-and-biscuits/montezumas-dark-chocolate-absolute-black-100-cocoa-90g', "Montezuma's Dark Chocolate Absolute Black 100% Cocoa 90g", '£2.00', '£2.22 / 100g')
('https://www.sainsburys.co.uk/shop/gb/groceries/product/details/milk-free-chocolate-and-biscuits/candy-kittens-sour-watermelon-115g', 'Candy Kittens Sour Watermelon Sweets 125g', '£2.00', '£1.60 / 100g')
('https://www.sainsburys.co.uk/shop/gb/groceries/product/details/milk-free-chocolate-and-biscuits/kind-dark-chocolate-nuts-and-sea-salt-multipack-3-x-40g', 'Kind Dark Chocolate Nuts and Sea Salt Multipack 3x30g', '£3.00', '£3.33 / 100g')
('https://www.sainsburys.co.uk/shop/gb/groceries/product/details/milk-free-chocolate-and-biscuits/freeist-sugar-free-gluten-free-cola-bottle-sweets-with-sweeteners-100g', "Free'ist Sugar Free & Gluten Free Cola Bottle Sweets with Sweeteners 100g", '£1.30', '£1.30 / 100g')
('https://www.sainsburys.co.uk/shop/gb/groceries/product/details/milk-free-chocolate-and-biscuits/sainsburys-freefrom-ginger-crunch-cookies-150g', "Sainsbury's Deliciously Free From Ginger Crunch Cookies 150g", '£1.20', '80p / 100g')
('https://www.sainsburys.co.uk/shop/gb/groceries/product/details/milk-free-chocolate-and-biscuits/booja-booja-hazelnut-chocolate-truffles-104g', 'Booja-booja Hazelnut Chocolate Truffles 104g', '£7.00', '£6.73 / 100g')
('https://www.sainsburys.co.uk/shop/gb/groceries/product/details/milk-free-chocolate-and-biscuits/nakd-salted-caramel-fruit---nut-nibbles-40g-7745561-p', 'Nakd Salted Caramel Fruit & Nut Nibbles 40g', '75p', '£1.88 / 100g')
('https://www.sainsburys.co.uk/shop/gb/groceries/product/details/milk-free-chocolate-and-biscuits/lazy-day-foods-freefom-belgian-rocky-road-chocolate-150g', 'Lazy Day Foods Belgian Rocky Road Chocolate 150g', '£2.00', '£1.33 / 100g')
('https://www.sainsburys.co.uk/shop/gb/groceries/product/details/milk-free-chocolate-and-biscuits/sainsburys-rich-tea-fingers--fingers-250g', "Sainsbury's Rich Tea Fingers, Fingers 250g", '65p', '26p / 100g')
('https://www.sainsburys.co.uk/shop/gb/groceries/product/details/milk-free-chocolate-and-biscuits/lazy-day-foods-millionaires-shortbread-150g', "Lazy Day Foods Millionaire's Shortbread 150g", '£2.00', '£1.33 / 100g')
('https://www.sainsburys.co.uk/shop/gb/groceries/product/details/milk-free-chocolate-and-biscuits/galaxy-vegan-smooth-orange-bar-100g', 'Galaxy Vegan Smooth Orange Bar 100g', '£3.00', '£3.00 / 100g')
('https://www.sainsburys.co.uk/shop/gb/groceries/product/details/milk-free-chocolate-and-biscuits/raw-halo-mylk-vanilla-organic-raw-chocolate-70g', 'Raw Halo Mylk & Vanilla Organic Raw Chocolate 70g', '£2.75', '£3.93 / 100g')
('https://www.sainsburys.co.uk/shop/gb/groceries/product/details/milk-free-chocolate-and-biscuits/moo-free-original-santa-bar-32g', 'Moo Free Original Santa Bar 32g', '10p', '31p / 100g')
('https://www.sainsburys.co.uk/shop/gb/groceries/product/details/milk-free-chocolate-and-biscuits/pico-fairtrade-organic-coconut-milk-chocolate-bar-80g', 'Pico Fairtrade Organic Coconut Milk Chocolate Bar 80g', '£2.95', '£3.69 / 100g')
('https://www.sainsburys.co.uk/shop/gb/groceries/product/details/milk-free-chocolate-and-biscuits/nomo-free-from-choc-bar-85g', 'Nomo Deliciously Creamy Choc Bar 85g', '£2.00', '£2.35 / 100g')
('https://www.sainsburys.co.uk/shop/gb/groceries/product/details/milk-free-chocolate-and-biscuits/nakd-bar-strawberry-cheesecake-35g', 'Nakd Strawberry Sundae Fruit & Nut Bar 35g', '50p', '£1.43 / 100g')
('https://www.sainsburys.co.uk/shop/gb/groceries/product/details/frozen-milk-free/whole-creations-butternut-squash-red-pepper-caramelised-onion-sheesy-pizza-300g', 'Whole Creations Butternut Squash, Red Pepper & Caramelised Onion Sheesy Pizza 300g', '£3.75', '£1.25 / 100g')
('https://www.sainsburys.co.uk/shop/gb/groceries/product/details/frozen-milk-free/sainsburys-chicken-gravy-vegetable-pie-x4-600g', "Sainsbury's Chicken, Gravy & Vegetable Pie x4 600g", '£2.00', '33p / 100g')
('https://www.sainsburys.co.uk/shop/gb/groceries/product/details/frozen-milk-free/amys-kitchen-pad-thai-rice-noodles-with-vegetables-tofu-269g', "Amy's Kitchen Pad Thai Rice Noodles with Vegetables & Tofu 269g", '£3.50', '£1.30 / 100g')
('https://www.sainsburys.co.uk/shop/gb/groceries/product/details/frozen-milk-free/genius-gluten-free-shortcrust-pastry-400g', 'Genius Gluten Free Shortcrust Pastry 400g', '£1.75', '£4.38 / kg')
('https://www.sainsburys.co.uk/shop/gb/groceries/product/details/frozen-milk-free/sainsburys-rainbow-lollies-320ml', "Sainsbury's Rainbow Ice Lollies 8x40ml", '£1.10', '34p / 100ml')
('https://www.sainsburys.co.uk/shop/gb/groceries/product/details/frozen-milk-free/halo-top-dairy-free-peanut-butter-cup-low-calorie-ice-cream-473ml', 'Halo Top Dairy Free Peanut Butter Cup Low Calorie Ice Cream 473ml', '£5.00', '£1.06 / 100ml')
('https://www.sainsburys.co.uk/shop/gb/groceries/product/details/frozen-milk-free/sainsburys-deliciously-free-from-vanilla-iced-dessert-500ml', "Sainsbury's Deliciously Free From Vanilla Iced Dessert 500ml", '£3.50', '70p / 100ml')
('https://www.sainsburys.co.uk/shop/gb/groceries/product/details/frozen-milk-free/sainsburys-ready-roll-puff-pastry-375g', "Sainsbury's Puff Pastry Ready Roll 375g", '£1.30', '35p / 100g')
('https://www.sainsburys.co.uk/shop/gb/groceries/product/details/frozen-milk-free/sainsburys-ready-roll-short-pastry-375g', "Sainsbury's Shortcrust Pastry Ready Roll 375g", '£1.30', '35p / 100g')
('https://www.sainsburys.co.uk/shop/gb/groceries/product/details/frozen-milk-free/gardein-seven-grain-crispy-tenders-255g', 'Gardein Seven Grain Crispy Tenders 255g', '£4.50', '£17.65 / kg')
('https://www.sainsburys.co.uk/shop/gb/groceries/product/details/frozen-milk-free/sainsburys-deliciously-free-from-choc-iced-dessert-500ml', "Sainsbury's Deliciously Free From Choc Iced Dessert 500ml", '£3.50', '70p / 100ml')
('https://www.sainsburys.co.uk/shop/gb/groceries/product/details/frozen-milk-free/alpro-360-passionate-mango-swirl-450ml', 'Alpro 360 Passionate Mango Swirl Ice Cream 450ml', '£5.00', '£1.11 / 100ml')
('https://www.sainsburys.co.uk/shop/gb/groceries/product/details/frozen-milk-free/magnum-vegan-almond-ice-cream-3x90ml', 'Magnum Vegan Almond Ice Cream 3x90ml', '£2.00', '74p / 100ml')
('https://www.sainsburys.co.uk/shop/gb/groceries/product/details/frozen-milk-free/rule-of-crumb-dairy---gluten-free-6-chocolate-eclairs-150g', 'Rule of Crumb Dairy & Gluten Free 6 Chocolate Eclairs 150g', '£3.00', '£20.00 / kg')
('https://www.sainsburys.co.uk/shop/gb/groceries/product/details/all-beef/edwards-of-conway-steak-burgers-320g', 'Edwards Of Conwy Steak Burgers x2 320g', '£3.00', '£9.38 / kg')
('https://www.sainsburys.co.uk/shop/gb/groceries/product/details/all-beef/sainsburys-slow-cook-beef-shin-casserole-550g', "Sainsbury's Slow Cook Beef Shin Casserole 550g (Serves 2)", '£4.25', '£7.73 / kg')
('https://www.sainsburys.co.uk/shop/gb/groceries/product/details/all-beef/sainsburys-rump-steak--taste-the-difference-225g-7809679-p-44', "Sainsbury's 30 Day Matured Rump Steak, Taste the Difference 225g", '£3.25', '£14.44 / kg')
('https://www.sainsburys.co.uk/shop/gb/groceries/product/details/all-beef/sainsburys-rump-steak-225g', "Sainsbury's 21 Day Matured Beef Rump Steak 225g", '£2.32', '£10.31 / kg')
('https://www.sainsburys.co.uk/shop/gb/groceries/product/details/steak/sainsburys-21-day-matured-ribeye-steak-225g', "Sainsbury's 21 Day Matured Ribeye Steak 225g", '£4.00', '£17.78 / kg')
('https://www.sainsburys.co.uk/shop/gb/groceries/product/details/steak/sainsburys-just-cook-beef-steak-peppercorn-370g', "Sainsbury's Just Cook Beef Steak with Peppercorns 370g (Serves 2)", '£4.00', '£10.81 / kg')
('https://www.sainsburys.co.uk/shop/gb/groceries/product/details/steak/sainsburys-rump-steak-225g-7810542-p-44', "Sainsbury's 21 Day Matured Rump Steak 225g", '£3.50', '£15.56 / kg')
('https://www.sainsburys.co.uk/shop/gb/groceries/product/details/steak/sainsburys-sirloin-steak-225g-7738630-p-44', "Sainsbury's 21 Day Matured Sirloin Steak 225g", '£4.80', '£21.33 / kg')
('https://www.sainsburys.co.uk/shop/gb/groceries/product/details/steak/sainsburys-thick-cut-sirloin-taste-the-difference-400g', "Sainsbury's Thick Cut Sirloin Steak, Taste the Difference 400g", '£8.00', '£20.00 / kg')
('https://www.sainsburys.co.uk/shop/gb/groceries/product/details/steak/sainsburys-21-day-matured-scotch-beef-fillet-steak-170g', "Sainsbury's 21 Day Matured Scotch Beef Fillet Steak 170g", '£5.10', '£30.00 / kg')
('https://www.sainsburys.co.uk/shop/gb/groceries/product/details/steak/sainsburys-21-day-matured-northern-irish-thin-cut-sirloin-steak-155g', "Sainsbury's 21 Day Matured Northern Irish Thin Cut Sirloin Steak 155g", '£2.50', '£16.13 / kg')
('https://www.sainsburys.co.uk/shop/gb/groceries/product/details/steak/sainsburys-30-day-matured-fillet-steak-taste-the-difference-170g', "Sainsbury's 30 Day Matured Beef Fillet Steak, Taste the Difference 170g", '£5.65', '£33.24 / kg')
('https://www.sainsburys.co.uk/shop/gb/groceries/product/details/steak/sainsburys-30-day-matured-northern-irish-ribeye-steak-so-organic-225g', "Sainsbury's 30 Day Matured Northern Irish Ribeye Steak, SO Organic 225g", '£6.00', '£26.67 / kg')
('https://www.sainsburys.co.uk/shop/gb/groceries/product/details/steak/sainsburys-21-day-matured-northern-irish-ribeye-steak-225g', "Sainsbury's 21 Day Matured Northern Irish Ribeye Steak 225g", '£4.00', '£17.78 / kg')
('https://www.sainsburys.co.uk/shop/gb/groceries/product/details/steak/tariq-halal-beef-frying-steak-360g', 'Tariq Halal Beef Frying Steak 360g', '£4.00', '£11.11 / kg')
('https://www.sainsburys.co.uk/shop/gb/groceries/product/details/steak/sainsburys-bone-in-ribeye-steak--taste-the-difference', "Sainsbury's 30 day Matured Bone in British Beef Ribeye Steak, Taste the Difference (approx.800g)", '£22.00 / kg', '£2.20 / 100g')
('https://www.sainsburys.co.uk/shop/gb/groceries/product/details/steak/sainsburys-sirloin-steak--taste-the-difference-225g-7809846-p-44', "Sainsbury's 30 Day Matured Sirloin Steak, Taste the Difference 225g", '£4.50', '£20.00 / kg')
('https://www.sainsburys.co.uk/shop/gb/groceries/product/details/steak/sainsburys-sirloin-steak--so-organic-225g', "Sainsbury's 30 Day Matured Sirloin Steak, SO Organic 225g", '£5.75', '£25.56 / kg')
('https://www.sainsburys.co.uk/shop/gb/groceries/product/details/steak/sainsburys-british-extra-lean-beef-escalopes-300g', "Sainsbury's 21 Day Matured Beef Escalopes, Extra Lean 300g", '£3.95', '£13.17 / kg')
('https://www.sainsburys.co.uk/shop/gb/groceries/product/details/steak/sainsburys-british-beef-chateaubriand-taste-the-difference-450g', "Sainsbury's British Beef Chateaubriand, Taste the Difference 450g", '£20.00', '£44.44 / kg')
('https://www.sainsburys.co.uk/shop/gb/groceries/product/details/steak/sainsburys-thick-cut-ribeye-taste-the-difference-400g', "Sainsbury's Thick Cut Ribeye Steak, Taste the Difference 400g", '£9.00', '£22.50 / kg')
('https://www.sainsburys.co.uk/shop/gb/groceries/product/details/steak/sainsburys-21-days-matured-big-daddy-rump-steak-450g', "Sainsbury's 21 Days Matured Big Daddy Rump Steak 450g", '£5.00', '£11.11 / kg')
('https://www.sainsburys.co.uk/shop/gb/groceries/product/details/steak/sainsburys-30-day-matured-fillet-steak-so-organic-170g', "Sainsbury's 30 Day Matured Fillet Steak, SO Organic 170g", '£6.10', '£35.88 / kg')
('https://www.sainsburys.co.uk/shop/gb/groceries/product/details/steak/sainsburys-rump-steak--taste-the-difference-225g-7809679-p-44', "Sainsbury's 30 Day Matured Rump Steak, Taste the Difference 225g", '£3.25', '£14.44 / kg')
('https://www.sainsburys.co.uk/shop/gb/groceries/product/details/steak/sainsburys-rump-steak-225g', "Sainsbury's 21 Day Matured Beef Rump Steak 225g", '£2.32', '£10.31 / kg')
('https://www.sainsburys.co.uk/shop/gb/groceries/product/details/steak/sainsburys-rump-steak--taste-the-difference-225g', "Sainsbury's 30 Day Matured Northern Irish Beef Rump Steak, Taste the Difference 225g", '£3.25', '£14.44 / kg')
('https://www.sainsburys.co.uk/shop/gb/groceries/product/details/steak/sainsburys-sirloin-steak-225g-7738624-p-44', "Sainsbury's 21 Day Matured Sirloin Steak 225g", '£4.30', '£19.11 / kg')
('https://www.sainsburys.co.uk/shop/gb/groceries/product/details/steak/sainsburys-beef-rump-steak-250g-7738252-p-44', "Sainsbury's 21 Day Matured Beef Sirloin Steak 225g", '£3.50', '£15.56 / kg')
('https://www.sainsburys.co.uk/shop/gb/groceries/product/details/roasting-joints-276047-44/sainsburys-extra-lean-beef-roasting-joint-500g-7876545-p-44', "Sainsbury's 21 Day Matured Extra Lean Beef Roasting Joint 500g", '£5.75', '£11.50 / kg')
('https://www.sainsburys.co.uk/shop/gb/groceries/product/details/all-lamb/wild-garlic-butterfly-cut-leg-of-lamb-cw', 'Wild Garlic Butterfly Cut Leg Of Lamb CW', '£13.00 / kg', '£1.30 / 100g')
('https://www.sainsburys.co.uk/shop/gb/groceries/product/details/all-lamb/tariq-halal-350g-lamb-sizzle', 'Tariq Halal Lamb Sizzle 350g', '£7.00', '£20.00 / kg')
('https://www.sainsburys.co.uk/shop/gb/groceries/product/details/all-lamb/tariq-halal-b-l-butterflied-lamb-joint', 'Tariq Halal British Lamb Butterfly Leg (approx. 750g)', '£13.50 / kg', '£13.50 / kg')
('https://www.sainsburys.co.uk/shop/gb/groceries/product/details/all-lamb/sainsburys-northern-irish-lamb-chops-170g', "Sainsbury's Northern Irish Lamb Chops 170g", '£1.75', '£10.30 / kg')
('https://www.sainsburys.co.uk/shop/gb/groceries/product/details/all-lamb/sainsburys-northern-irish-diced-lamb-400g', "Sainsbury's Northern Irish Diced Lamb 400g", '£4.75', '£11.88 / kg')
('https://www.sainsburys.co.uk/shop/gb/groceries/product/details/all-lamb/sainsburys-extra-lean-diced-lamb-300g', "Sainsbury's Extra Lean Diced Lamb 300g", '£4.75', '£15.83 / kg')
('https://www.sainsburys.co.uk/shop/gb/groceries/product/details/all-lamb/tariq-halal-lamb-leg-steak-300g', 'Tariq Halal Lamb Leg Steak 300g', '£6.00', '£20.00 / kg')
('https://www.sainsburys.co.uk/shop/gb/groceries/product/details/all-lamb/sainsburys-lamb-chops-so-organic-approx-340g-', "Sainsbury's Lamb Chops, SO Organic (approx. 340g)", '£17.50 / kg', '£1.75 / 100g')
('https://www.sainsburys.co.uk/shop/gb/groceries/product/details/all-lamb/sainsburys-lean-lamb-steaks-x4-approx-280g-', "Sainsbury's Lean Lamb Steaks x4 (approx. 280g)", '£18.00 / kg', '£1.80 / 100g')
('https://www.sainsburys.co.uk/shop/gb/groceries/product/details/all-lamb/sainsburys-lamb-rump-steaks-x2-4-approx-417g-', "Sainsbury's Lamb Rump Steaks x2-4 (approx. 417g)", '£15.00 / kg', '£15.00 / kg')
('https://www.sainsburys.co.uk/shop/gb/groceries/product/details/all-lamb/sainsburys-lamb-shoulder-cw', "Sainsbury's Lamb Shoulder, 1.2kg to 2kg", '£15.00', '75p / 100g')
('https://www.sainsburys.co.uk/shop/gb/groceries/product/details/sleep-and-relaxation-/tisserand-aromatherapy-3-step-ritual-to-de-stress', 'Tisserand Aromatherapy 3-Step Ritual to De-Stress', '£5.95', '£5.95 / ea')
('https://www.sainsburys.co.uk/shop/gb/groceries/product/details/sleep-and-relaxation-/kalms-night-x21', 'Kalms Night x21', '£5.50', '26p / ea')
('https://www.sainsburys.co.uk/shop/gb/groceries/product/details/all-sports-nutrition-/rxbar-blueberry-protein-bar-52g', 'RXBAR Blueberry Protein Bar 52g', '£2.50', '£4.81 / 100g')
('https://www.sainsburys.co.uk/shop/gb/groceries/product/details/all-sports-nutrition-/amazing-grass-pro-suprfd-choc-360g', 'Amazing Grass Protein Superfood Rich Chocolate Flavour 370g', '£27.00', '£7.50 / 100g')
('https://www.sainsburys.co.uk/shop/gb/groceries/product/details/all-sports-nutrition-/optimum-nutri-crisp-marshmallow-bar-65g', 'Optimum Nutrition Protein Crisp Bar Marshmallow Flavour 65g', '£2.30', '£2.30 / ea')
('https://www.sainsburys.co.uk/shop/gb/groceries/product/details/all-sports-nutrition-/optimum-nutri-optimum-choc-p-nut-bar-60g', 'Optimum Nutrition Optimum Protein Bar Chocolate Peanut Butter Flavour 62g', '£2.00', '£2.00 / ea')
('https://www.sainsburys.co.uk/shop/gb/groceries/product/details/all-sports-nutrition-/sci-mx-diet-pro-protein-chocolate-450g', 'SCI-MX Nutrition Diet Protein Chocolate Flavour 450g', '£15.00', '£3.33 / 100g')
('https://www.sainsburys.co.uk/shop/gb/groceries/product/details/all-sports-nutrition-/phd-smart-plant-salted-caramel-500g', 'PhD Smart Protein Powder Plant Salted Caramel 500g', '£12.00', '£24.00 / 100g')
('https://www.sainsburys.co.uk/shop/gb/groceries/product/details/all-sports-nutrition-/maximuscle-protein-bites-millionaires-shortbread-flavour-110g', 'MaxiMuscle Protein Bites Millionaires Shortbread Flavour 110g', '£4.50', '£4.09 / 100g')
('https://www.sainsburys.co.uk/shop/gb/groceries/product/details/all-sports-nutrition-/maximuscle-protein-bites-cookies-cream-flavour-110g', 'MaxiMuscle Protein Bites Cookies & Cream Flavour 110g', '£4.50', '£4.09 / 100g')
('https://www.sainsburys.co.uk/shop/gb/groceries/product/details/all-sports-nutrition-/phd-smart-protein-plant-chocolate-cookie-powder-500g', 'PhD Smart Protein Powder Plant Chocolate Cookie 500g', '£12.00', '£2.40 / 100g')
('https://www.sainsburys.co.uk/shop/gb/groceries/product/details/all-sports-nutrition-/barebells-protein-bar-caramel-cashew-55g', 'Barebells Protein Bar Caramel Cashew 55g', '£2.00', '£3.64 / 100g')
('https://www.sainsburys.co.uk/shop/gb/groceries/product/details/all-sports-nutrition-/optimum-nutrition-gold-standard-100-whey-double-rich-chocolate-flavour-450g', 'Optimum Nutrition Gold Standard 100% Whey Double Rich Chocolate Flavour 450g', '£16.00', '£3.56 / 100g')
('https://www.sainsburys.co.uk/shop/gb/groceries/product/details/all-sports-nutrition-/optimum-nutrition-gold-standard-bcaa-train-sustain-raspberry-pomegranate-flavour-266g', 'Optimum Nutrition Gold Standard BCAA Train + Sustain Raspberry Pomegranate Flavour 266g', '£28.00', '£10.53 / 100g')
('https://www.sainsburys.co.uk/shop/gb/groceries/product/details/all-sports-nutrition-/optimum-nutri-gold-why-vanilla-pwdr-908g', 'Optimum Nutri Gold Why Vanilla Pwdr 908g', '£24.00', '£2.64 / 100g')
('https://www.sainsburys.co.uk/shop/gb/groceries/product/details/all-sports-nutrition-/optimum-nutri-gold-why-s-berry-pwdr-908g', 'Optimum Nutri Gold Why S/berry Pwdr 908g', '£24.00', '£2.64 / 100g')
('https://www.sainsburys.co.uk/shop/gb/groceries/product/details/all-sports-nutrition-/whey-box-high-protein-food-supplement-vanilla-flavour-20g', 'Whey Box High Protein Food Supplement Vanilla Flavour 20g', '£2.00', '£10.00 / 100g')
('https://www.sainsburys.co.uk/shop/gb/groceries/product/details/all-sports-nutrition-/smartshake-original2go-one-army-green-800ml', 'SmartShake Original2Go One Army Green 800ml', '£9.00', '£1.13 / 100ml')
('https://www.sainsburys.co.uk/shop/gb/groceries/product/details/all-sports-nutrition-/tribe-infinity-peanut-butter-banana-50g', 'Tribe Infinity Peanut Butter Banana 50g', '£1.70', '34p / 10g')
('https://www.sainsburys.co.uk/shop/gb/groceries/product/details/all-sports-nutrition-/grenade-carb-killa-high-protein-shake-fudge-brownie-flavoured-330ml', 'Grenade Carb Killa High Protein Shake Fudge Brownie Flavoured 330ml', '£2.50', '76p / 100ml')
('https://www.sainsburys.co.uk/shop/gb/groceries/product/details/all-sports-nutrition-/battle-oats-protein-flapjack-cookies-cream-70g', 'Battle Oats Protein Flapjack Cookies & Cream 70g', '£2.00', '£2.86 / 100g')
('https://www.sainsburys.co.uk/shop/gb/groceries/product/details/all-sports-nutrition-/phd-whey-isolate-vanilla-creme-908g', 'PhD Whey Isolate Vanilla Creme 908g', '£30.00', '£3.30 / 100g')
('https://www.sainsburys.co.uk/shop/gb/groceries/product/details/all-sports-nutrition-/grenade-carb-killa-high-protein-bar-peanut-nutter-60g', 'Grenade Carb Killa High Protein Bar Peanut Nutter 60g', '£2.60', '£2.60 / ea')
('https://www.sainsburys.co.uk/shop/gb/groceries/product/details/all-sports-nutrition-/phd-smart-bar-choc-brownie-64g', 'PhD Smart Bar Chocolate Brownie 64g', '£2.00', '£3.13 / 100g')
('https://www.sainsburys.co.uk/shop/gb/groceries/product/details/all-sports-nutrition-/caffeine-shot-cola-60ml', 'SiS GO Caffeine Shot Cola 60ml', '£2.25', '£3.75 / 100ml')
('https://www.sainsburys.co.uk/shop/gb/groceries/product/details/all-sports-nutrition-/sci-mx-pro-2-go-ready-to-drink--chocolate-500ml', 'Sci-MX Pro 2 Go Ready To Drink, Chocolate 500ml', '£2.50', '50p / 100ml')
('https://www.sainsburys.co.uk/shop/gb/groceries/product/details/all-sports-nutrition-/tribe-nature-bombs-choc-and-hazelnut-butter-40g', 'Tribe Nature Bombs Choc And Hazelnut Butter 40g', '£1.50', '£1.50 / ea')
('https://www.sainsburys.co.uk/shop/gb/groceries/product/details/all-sports-nutrition-/tribe-protein-bar-white-choc-and-raspberry-46g', 'Tribe Protein Bar White Choc And Raspberry 46g', '£1.50', '£1.50 / ea')
('https://www.sainsburys.co.uk/shop/gb/groceries/product/details/all-sports-nutrition-/science-in-sport-go-isotonic-energy-gel-blackcurrant-flavour-60ml', 'SiS GO Energy Gel Blackcurrant 60ml', '£1.40', '£2.33 / 100ml')
('https://www.sainsburys.co.uk/shop/gb/groceries/product/details/all-sports-nutrition-/phd-synergy-iso-7-premium-all-in-one-solution-mass-strength-double-chocolate-flavour-2kg', 'PhD Synergy-ISO-7 Premium All-In-One Solution Mass & Strength Double Chocolate Flavour 2kg', '£44.00', '£2.20 / 100g')
('https://www.sainsburys.co.uk/shop/gb/groceries/product/details/all-sports-nutrition-/amazing-grass-pro-sprfd-chc-pnt-btr-360g', 'Amazing Grass Protein Superfood Chocolate Peanut Butter Flavour 430g', '£27.00', '£7.50 / 100g')
('https://www.sainsburys.co.uk/shop/gb/groceries/product/details/all-sports-nutrition-/muscle-moose-beaver-bar-chocolate-caramel-flavour-60g', 'Muscle Moose Beaver Bar Choc-Caramel Flavour 60g', '£1.50', '£2.50 / 100g')
('https://www.sainsburys.co.uk/shop/gb/groceries/product/details/all-sports-nutrition-/maximuscle-protein-dippers-52g', 'Maximuscle Protein Chocolate Dippers 52g', '£1.00', '£1.92 / 100g')
('https://www.sainsburys.co.uk/shop/gb/groceries/product/details/all-sports-nutrition-/grenade-carb-killa-high-protein-bar-dark-chocolate-raspberry-60g', 'Grenade Carb Killa High Protein Bar Dark Chocolate Raspberry 60g', '£2.60', '£4.33 / 100g')
('https://www.sainsburys.co.uk/shop/gb/groceries/product/details/all-sports-nutrition-/grenade-carb-killa-birthday-cake-bar-60g', 'Grenade Carb Killa Birthday Cake Bar 60g', '£2.60', '£4.33 / 100g')
('https://www.sainsburys.co.uk/shop/gb/groceries/product/details/all-sports-nutrition-/phd-pre-wrkout-perform-fruit-punch-200g', 'Phd Pre-wrkout Perform Fruit Punch 200g', '£17.00', '£8.50 / 100g')
('https://www.sainsburys.co.uk/shop/gb/groceries/product/details/all-sports-nutrition-/optimum-nutrition-micronised-creatine-powder-unflavoured-317g', 'Optimum Nutrition Micronised Creatine Powder Unflavoured 317g', '£9.00', '£2.84 / 100g')
('https://www.sainsburys.co.uk/shop/gb/groceries/product/details/all-sports-nutrition-/phd-smart-protein-powder-peanut-butter-cup-900g', 'PhD Smart Protein Powder Peanut Butter Cup 900g', '£25.00', '£2.78 / 100g')
('https://www.sainsburys.co.uk/shop/gb/groceries/product/details/dairy-all-cheese/sainsburys-freefrom-original-dairy-free-soft-cheese-170g', "Sainsbury's Deliciously Free From Original Coconut Based alternative To Soft Cheese 170g", '£1.80', '£1.06 / 100g')
('https://www.sainsburys.co.uk/shop/gb/groceries/product/details/dairy-all-cheese/sainsburys-deliciously-freefrom-greek-style-dairy-free-cheese-200g', "Sainsbury's Deliciously Free From Greek-Style Coconut-Based Alternative to Cheese 200g", '£2.25', '£1.13 / 100g')
('https://www.sainsburys.co.uk/shop/gb/groceries/product/details/dairy-all-cheese/philadelphia-mini-tub-original-140g', 'Philadelphia Original Soft Cheese Mini Tubs 140g', '£1.95', '£13.93 / kg')
('https://www.sainsburys.co.uk/shop/gb/groceries/product/details/dairy-all-cheese/sainsburys-brie-cheese-470g', "Sainsbury's French Brie 470g", '1p', '2p / kg')
('https://www.sainsburys.co.uk/shop/gb/groceries/product/details/dairy-all-cheese/sainsburys-fat-free-natural-cottage-cheese-300g', "Sainsbury's Cottage Cheese, Fat Free 300g", '£1.40', '£4.67 / kg')
('https://www.sainsburys.co.uk/shop/gb/groceries/product/details/dairy-all-cheese/philadelphia-lightest-180g', 'Philadelphia Lightest Soft Cheese 180g', '£1.95', '£10.83 / kg')
('https://www.sainsburys.co.uk/shop/gb/groceries/product/details/dairy-all-cheese/sainsburys-cheese-selection--taste-the-difference-590g', "Sainsbury's Cheese Selection, Taste the Difference 580g", '£8.00', '£13.79 / kg')
('https://www.sainsburys.co.uk/shop/gb/groceries/product/details/dairy-all-cheese/sainsburys-jarlsberg-230g', "Sainsbury's Jarlsberg Cheese 230g", '£2.55', '£11.09 / kg')
('https://www.sainsburys.co.uk/shop/gb/groceries/product/details/dairy-all-cheese/sainsburys-mature-northern-irish-cheddar-400g', "Sainsbury's Mature Northern Irish Cheddar Cheese 400g", '£2.00', '£5.00 / kg')
('https://www.sainsburys.co.uk/shop/gb/groceries/product/details/dairy-all-cheese/cathedral-city-mature-slices-150g', 'Cathedral City Mature Cheddar Slices x6 150g', '£1.25', '£8.33 / kg')
('https://www.sainsburys.co.uk/shop/gb/groceries/product/details/dairy-all-cheese/chevington-grated-mild-cheese-400g', 'Chevington Grated Mild Cheese 400g', '£4.30', '£1.08 / 100g')
('https://www.sainsburys.co.uk/shop/gb/groceries/product/details/dairy-all-cheese/sainsburys-medium-white--be-good-to-yourself-270g', "Sainsbury's Medium White Cheese, Be Good To Yourself 270g", '£1.85', '£6.85 / kg')
('https://www.sainsburys.co.uk/shop/gb/groceries/product/details/dairy-all-cheese/sainsburys-ossau-iraty--taste-the-difference-180g', "Sainsbury's Ossau Iraty Cheese, Taste the Difference 180g", '£3.00', '£16.67 / kg')
('https://www.sainsburys.co.uk/shop/gb/groceries/product/details/dairy-all-cheese/sainsburys-butlers-farmhouse-red-leicester--taste-the-difference-240g', "Sainsbury's Butlers Farmhouse Red Leicester Cheese, Taste the Difference 240g", '£3.00', '£12.50 / kg')
('https://www.sainsburys.co.uk/shop/gb/groceries/product/details/dairy-all-cheese/sainsburys-reeces-wensleydale-250g', "Sainsbury's Wensleydale Cheese 250g", '£1.75', '£7.00 / kg')
('https://www.sainsburys.co.uk/shop/gb/groceries/product/details/dairy-all-cheese/butlers-blacksticks-smooth-blue-cheese-150g', 'Butlers Blacksticks Smooth Blue Cheese 150g', '£2.05', '£13.67 / kg')
('https://www.sainsburys.co.uk/shop/gb/groceries/product/details/dairy-all-cheese/sainsburys-scottish-mature-cheddar-400g', "Sainsbury's Scottish Mature Cheddar Cheese 400g", '£2.00', '£5.00 / kg')
('https://www.sainsburys.co.uk/shop/gb/groceries/product/details/dairy-all-cheese/sainsburys-mild-cheddar--so-organic-270g', "Sainsbury's Mild Cheddar Cheese, SO Organic 270g", '£2.50', '£9.26 / kg')
('https://www.sainsburys.co.uk/shop/gb/groceries/product/details/dairy-all-cheese/sainsburys-mini-normandy-camembert-150g', "Sainsbury's Normandy Camembert Cheese Mini 150g", '£1.30', '£8.67 / kg')
('https://www.sainsburys.co.uk/shop/gb/groceries/product/details/dairy-all-cheese/sainsburys-shropshire-blue-200g', "Sainsbury's Shropshire Blue Cheese 200g", '£2.00', '£10.00 / kg')
('https://www.sainsburys.co.uk/shop/gb/groceries/product/details/dairy-all-cheese/sainsburys-grated-mozzarella-250g', "Sainsbury's Grated Mozzarella Cheese 250g", '£1.70', '£6.80 / kg')
('https://www.sainsburys.co.uk/shop/gb/groceries/product/details/dairy-all-cheese/st-agur-250g', 'Saint Agur Blue Cheese 250g', '£3.50', '£14.00 / kg')
('https://www.sainsburys.co.uk/shop/gb/groceries/product/details/dairy-all-cheese/the-laughing-cow-cheese-triangles--light-x16-280g', 'TheLaughing Cow Light Cheese Triangles x16 280g', '£2.30', '£8.21 / kg')
('https://www.sainsburys.co.uk/shop/gb/groceries/product/details/dairy-all-cheese/dairylea-light-slices-x8-200g', 'Dairylea Light Cheese Slices 200g', '£1.30', '£6.50 / kg')
('https://www.sainsburys.co.uk/shop/gb/groceries/product/details/dairy-all-cheese/sainsburys-british-extra-mature-cheddar-slices-240g', "Sainsbury's British Extra Mature Cheddar Cheese Slices 240g", '£1.70', '£7.08 / kg')
('https://www.sainsburys.co.uk/shop/gb/groceries/product/details/dairy-all-cheese/edam-slices-150g', 'Mlekovita Edam Slices 150g', '£1.10', '73p / 100g')
('https://www.sainsburys.co.uk/shop/gb/groceries/product/details/dairy-all-cheese/sainsburys-parmigiano-reggiano-200g', "Sainsbury's Parmigiano Reggiano Cheese 200g", '£3.30', '£16.50 / kg')
('https://www.sainsburys.co.uk/shop/gb/groceries/product/details/dairy-all-cheese/galbani-dolcelatte-150g', 'Galbani Dolcelatte Cheese 150g', '£2.05', '£13.67 / kg')
('https://www.sainsburys.co.uk/shop/gb/groceries/product/details/dairy-all-cheese/sainsburys-mozzarella--basics-125g', "Mary Ann's Dairy Mozzarella 125G", '43p', '£3.44 / kg')
('https://www.sainsburys.co.uk/shop/gb/groceries/product/details/dairy-all-cheese/sainsburys-greek-style-salad-cheese--basics-200g', "Mary Ann's Dairy  Greek Style Salad Cheese 200g", '75p', '£3.75 / kg')
('https://www.sainsburys.co.uk/shop/gb/groceries/product/details/dairy-all-cheese/sainsburys-greek-style-cheese--be-good-to-yourself-200g', "Sainsbury's Greek Style Salad Cheese, Be Good To Yourself 200g", '£1.00', '£5.00 / kg')
('https://www.sainsburys.co.uk/shop/gb/groceries/product/details/dairy-all-cheese/sainsburys-mascarpone-250g', "Sainsbury's Mascarpone Cheese 250g", '£1.60', '£6.40 / kg')
('https://www.sainsburys.co.uk/shop/gb/groceries/product/details/dairy-all-cheese/sainsburys-mild-british-cheddar-sticks-5x20g', "Sainsbury's Mild British Cheddar Sticks 5x20g", '£1.25', '£12.50 / kg')
('https://www.sainsburys.co.uk/shop/gb/groceries/product/details/dairy-all-cheese/sainsburys-mature-british-cheddar-sticks-5x20g', "Sainsbury's Mature British Cheddar Sticks 5x20g", '£1.25', '£12.50 / kg')
('https://www.sainsburys.co.uk/shop/gb/groceries/product/details/dairy-all-cheese/sainsburys-cheese-star-450g', "Sainsbury's Cheese Star 450g", '1p', '2p / kg')
('https://www.sainsburys.co.uk/shop/gb/groceries/product/details/dairy-all-cheese/philadelphia-lightest-with-herbs-170g', 'Philadelphia Lightest With Herbs 170g', '£1.95', '£11.47 / kg')
('https://www.sainsburys.co.uk/shop/gb/groceries/product/details/dairy-all-cheese/sainsburys-extra-mature-cheddar-220g', "Sainsbury's Extra Mature Cheddar 220g", '£1.50', '£6.82 / kg')
('https://www.sainsburys.co.uk/shop/gb/groceries/product/details/dairy-all-cheese/cathdral-city-lighter-slices-150g', 'Cathdral City Lighter Slices 150g', '£1.25', '£8.33 / kg')
('https://www.sainsburys.co.uk/shop/gb/groceries/product/details/dairy-all-cheese/chevington-mature-cheddar-180g', 'Chevington Mature Cheddar Cheese 180g', '£1.50', '83p / 100g')
('https://www.sainsburys.co.uk/shop/gb/groceries/product/details/dairy-all-cheese/cathedral-city-lactose-free-mature-cheese-200g', 'Cathedral City Lactose Free Mature Cheese 200g', '£2.25', '£11.25 / kg')
('https://www.sainsburys.co.uk/shop/gb/groceries/product/details/dairy-all-cheese/primula-light-150g', 'Primula Light Cheese 150g', '£1.50', '£10.00 / kg')
('https://www.sainsburys.co.uk/shop/gb/groceries/product/details/cheddar-british-regional-cheese/eatlean-protein-cheese-200g', 'Eatlean Protein Cheese 200g', '£2.50', '£12.50 / kg')
('https://www.sainsburys.co.uk/shop/gb/groceries/product/details/all-chilled-savoury-snacks/thamina-chicken-cocktail-sausages-400g', 'Thamina Oriental Specialities Halal Smoked Chicken Cocktail Sausages 400g', '£2.00', '50p / 100g')
('https://www.sainsburys.co.uk/shop/gb/groceries/product/details/all-chilled-savoury-snacks/great-food-sweet-potato-pakora-300g', 'Great Food Sweet Potato Pakora 300g', '£2.00', '66p / 100g')
('https://www.sainsburys.co.uk/shop/gb/groceries/product/details/all-chilled-savoury-snacks/sainsburys-french-charcuterie-selection-80g', "Sainsbury's French Charcuterie Selection 80g", '£1.95', '£2.44 / 100g')
('https://www.sainsburys.co.uk/shop/gb/groceries/product/details/all-chilled-savoury-snacks/sainsburys-german-salami-selection-slices-100g', "Sainsbury's German Salami Selection Slices x30 100g", '£1.35', '£1.35 / 100g')
('https://www.sainsburys.co.uk/shop/gb/groceries/product/details/all-chilled-savoury-snacks/great-food-potato-latkes-300g', "Mr Freed's Potato Latkes 300g", '£2.80', '93p / 100g')
('https://www.sainsburys.co.uk/shop/gb/groceries/product/details/all-chilled-savoury-snacks/strings---things-cheestrings-twisted-x8-160g-7567025-p', 'Strings & Things Cheestrings Cheese Snack x8 160g', '£2.75', '£17.19 / kg')
('https://www.sainsburys.co.uk/shop/gb/groceries/product/details/all-chilled-savoury-snacks/sainsburys-antipasti-platter-145g', "Sainsbury's Antipasti Platter 145g", '£2.00', '£1.38 / 100g')
('https://www.sainsburys.co.uk/shop/gb/groceries/product/details/all-chilled-savoury-snacks/sainsburys-crusty-bake-snack-pork-pie-x4-260g', "Sainsbury's Snack Pork Pies x4 260g", '£1.75', '67p / 100g')
('https://www.sainsburys.co.uk/shop/gb/groceries/product/details/all-chilled-savoury-snacks/sainsburys-60-piece-selection-pack-640g', "Sainsbury's Party Platter x60 640g", '£5.00', '78p / 100g')
('https://www.sainsburys.co.uk/shop/gb/groceries/product/details/all-chilled-savoury-snacks/sainsburys-sausage-cranberry-garland-taste-the-difference-600g', "Sainsbury's Sausage & Cranberry Garland, Taste the Difference 600g", '£6.50', '£1.08 / 100g')
('https://www.sainsburys.co.uk/shop/gb/groceries/product/details/all-chilled-savoury-snacks/sainsburys-60-cocktail-sausages', "Sainsbury's British Pork Cocktail Sausages x60 600g", '£3.00', '50p / 100g')
('https://www.sainsburys.co.uk/shop/gb/groceries/product/details/all-chilled-savoury-snacks/sainsburys-60-chicken-selection-pack', "Sainsbury's 60 Chicken Selection Pack", '£5.25', '95p / 100g')
('https://www.sainsburys.co.uk/shop/gb/groceries/product/details/all-chilled-savoury-snacks/margherita-mac-no-cheese-bites', 'Leon Margherita Mac ‘N’ Cheeze Bites 180g', '£3.00', '£16.67 / kg')
('https://www.sainsburys.co.uk/shop/gb/groceries/product/details/all-chilled-savoury-snacks/sainsburys-cheddar-onion-rolls-4-taste-the-difference-x-47g', "Sainsbury's Taw Valley Cheddar & Caramelised Onion Rolls, Taste the Difference x4 188g", '£2.30', '£1.22 / 100g')
('https://www.sainsburys.co.uk/shop/gb/groceries/product/details/all-chilled-savoury-snacks/mi-tierra-mixed-olives-with-herbs-sharing-pot-400g', 'Mi Tierra Mixed Olives with Herbs Sharing Pot 400g', '£5.00', '£1.25 / 100g')
('https://www.sainsburys.co.uk/shop/gb/groceries/product/details/all-chilled-savoury-snacks/sainsburys-sharing-tapas-platter-300g', "Sainsbury's Sharing Tapas Platter 300g", '£3.50', '£1.17 / 100g')
('https://www.sainsburys.co.uk/shop/gb/groceries/product/details/all-chilled-savoury-snacks/fridge-raiders-slow-roasted-chicken-bites-mini-packs-6-x-25g', 'Fridge Raiders Slow Roasted Chicken Snack Bites 6x 22.5g', '£2.60', '£1.93 / 100g')
('https://www.sainsburys.co.uk/shop/gb/groceries/product/details/all-chilled-savoury-snacks/sainsburys-trio-of-olives-160g', "Sainsbury's Trio Of Olives 160g", '£2.40', '£1.50 / 100g')
('https://www.sainsburys.co.uk/shop/gb/groceries/product/details/all-chilled-savoury-snacks/sainsburys-chorizo---gouda-rollitos-100g', "Sainsbury's Chorizo & Gouda Rollitos 100g", '£3.00', '£3.00 / 100g')
('https://www.sainsburys.co.uk/shop/gb/groceries/product/details/all-chilled-savoury-snacks/sainsburys-black-olives-snack-pack-60g', "Sainsbury's Black Olives Snack Pack 60g", '£1.00', '£1.67 / 100g')
('https://www.sainsburys.co.uk/shop/gb/groceries/product/details/all-chilled-savoury-snacks/sainsburys-snack-rolls-x9-270g', "Sainsbury's Sausage Rolls x9 270g", '£1.65', '61p / 100g')
('https://www.sainsburys.co.uk/shop/gb/groceries/product/details/all-chilled-savoury-snacks/higgidy-cheddar---onion-chutney-rolls-160g', 'Higgidy Cheddar & Onion Chutney Rolls 160g', '£2.60', '£1.63 / 100g')
('https://www.sainsburys.co.uk/shop/gb/groceries/product/details/all-chilled-savoury-snacks/sainsburys-share-hog-roast-rolls--taste-the-difference-x12-180g', "Sainsbury's Share Hog Roast Rolls, Taste the Difference x12 180g", '£2.50', '£1.39 / 100g')
('https://www.sainsburys.co.uk/shop/gb/groceries/product/details/all-chilled-savoury-snacks/sainsburys-mini-party-sausage-roll-bites-x50-500g', "Sainsbury's Mini Sausage Rolls x50 500g", '£2.80', '£5.60 / kg')
('https://www.sainsburys.co.uk/shop/gb/groceries/product/details/all-chilled-savoury-snacks/sainsburys-marinated-anchovies-200g', "Sainsbury's Marinated Anchovies 200g", '£2.00', '£1.00 / 100g')
('https://www.sainsburys.co.uk/shop/gb/groceries/product/details/all-chilled-savoury-snacks/sainsburys-mini-pork---pickle-pork-pies-x6-300g', "Sainsbury's Pork & Pickle Pies Mini x6 300g", '£1.75', '59p / 100g')
('https://www.sainsburys.co.uk/shop/gb/groceries/product/details/all-chilled-savoury-snacks/dickinson---morris-melton-mowbray-pork-pie-140g', 'Dickinson & Morris Melton Mowbray Pork Pie 140g', '£1.50', '£1.07 / 100g')
('https://www.sainsburys.co.uk/shop/gb/groceries/product/details/all-chilled-savoury-snacks/sainsburys-crusty-bake-snack-pork-pies-x2-130g', "Sainsbury's Snack Pork Pies x2 130g", '£1.25', '96p / 100g')
('https://www.sainsburys.co.uk/shop/gb/groceries/product/details/all-chilled-savoury-snacks/sainsburys-cheese---onion-rolls-x6-396g', "Sainsbury's Cheese & Onion Rolls x6 396g", '£1.50', '38p / 100g')
('https://www.sainsburys.co.uk/shop/gb/groceries/product/details/all-chilled-savoury-snacks/sainsburys-cheese---onion-rolls-x2-132g', "Sainsbury's Cheese & Onion Rolls x2 132g", '70p', '53p / 100g')
('https://www.sainsburys.co.uk/shop/gb/groceries/product/details/all-chilled-savoury-snacks/itsu-teriyaki-chicken-bao-buns-x6-270g', 'Itsu Chicken Teriyaki Bao Buns 270g', '£3.75', '£13.89 / kg')
('https://www.sainsburys.co.uk/shop/gb/groceries/product/details/all-chilled-savoury-snacks/sainsburys-trio-of-spanish-olives-300g', "Sainsbury's Trio Of Spanish Olives 300g", '£3.50', '£1.17 / 100g')
('https://www.sainsburys.co.uk/shop/gb/groceries/product/details/all-chilled-savoury-snacks/great-food-aromatic-moroccan-koftas-420g', 'Great Food Aromatic Moroccan Koftas 420g', '£3.20', '76p / 100g')
('https://www.sainsburys.co.uk/shop/gb/groceries/product/details/all-chilled-savoury-snacks/sainsburys-olive---antipasti-platter-300g', "Sainsbury's Olive & Antipasti Platter 300g", '£5.30', '£1.77 / 100g')
('https://www.sainsburys.co.uk/shop/gb/groceries/product/details/all-chilled-savoury-snacks/great-food-mint-quinoa---broad-bean-bites-300g', 'Great Food Mint Quinoa & Broad Bean Bites 300g', '£2.00', '66p / 100g')
('https://www.sainsburys.co.uk/shop/gb/groceries/product/details/all-chilled-savoury-snacks/ginsters-large-sausage-roll-130g', 'Ginsters Large Sausage Roll 130g', '£1.10', '85p / 100g')
('https://www.sainsburys.co.uk/shop/gb/groceries/product/details/all-chilled-savoury-snacks/quorn-mini-sausage-rolls-210g', 'Quorn Vegetarian Sausage Rolls x3 210g', '£2.00', '£9.52 / kg')
('https://www.sainsburys.co.uk/shop/gb/groceries/product/details/all-chilled-savoury-snacks/sainsburys-semi-dried-tomato---mozzarella-200g', "Sainsbury's Semi Dried Cherry Tomatoes & Mozzarella 200g", '£3.00', '£1.50 / 100g')
('https://www.sainsburys.co.uk/shop/gb/groceries/product/details/all-chilled-savoury-snacks/sainsburys-pork---cranberry-rolls-x14-210g', "Sainsbury's British Mini Pork & Cranberry Rolls x14 210g", '£1.80', '86p / 100g')
('https://www.sainsburys.co.uk/shop/gb/groceries/product/details/exclusives-44/the-collection-feel-great-mens-shower-gel-250ml', "The Collection Feel Great Men's Shower Gel 250ml", '85p', '34p / 100ml')
('https://www.sainsburys.co.uk/shop/gb/groceries/product/details/exclusives-44/boutique-make-up-brush-set', 'Boutique Make-Up Brush Set', '£7.50', '£7.50 / ea')
('https://www.sainsburys.co.uk/shop/gb/groceries/product/details/exclusives-44/boutique-brow-grooming-dual-brush', 'Boutique Brow Grooming Dual Brush', '£2.00', '£2.00 / ea')
('https://www.sainsburys.co.uk/shop/gb/groceries/product/details/exclusives-44/seriously-good-to-hand-cream-set', 'Seriously Good To... Hand Cream Set', '£4.50', '£4.50 / ea')
('https://www.sainsburys.co.uk/shop/gb/groceries/product/details/exclusives-44/tariq-halal-chicken-mini-fillets-500g', 'Tariq Halal Chicken Mini Fillets 500g', '£4.00', '£8.00 / kg')
('https://www.sainsburys.co.uk/shop/gb/groceries/product/details/exclusives-44/boutique-convertible-eye-cheek-jelly-sunkissed', 'Boutique Convertible Eye & Cheek Jelly Sunkissed', '£4.00', '£4.00 / ea')
('https://www.sainsburys.co.uk/shop/gb/groceries/product/details/exclusives-44/boutique-long-lasting-colour-correction-concealer-salmon-5ml', 'Boutique Long Lasting Colour Correction Concealer Salmon 5ml', '£5.00', '£10.00 / 10ml')
('https://www.sainsburys.co.uk/shop/gb/groceries/product/details/exclusives-44/boutique-moisturising-concealer-dark-5ml', 'Boutique Moisturising Concealer Wheat', '£3.00', '£6.00 / 10ml')
('https://www.sainsburys.co.uk/shop/gb/groceries/product/details/exclusives-44/boutique-strobing-stick-french-rose-85g', 'Boutique Strobing Stick French Rose 8.5g', '£2.00', '£2.35 / 10g')
('https://www.sainsburys.co.uk/shop/gb/groceries/product/details/exclusives-44/boutique-serum-foundation-natural-beige-30ml', 'Boutique Serum Foundation Warm Beige 30ml', '£5.00', '£1.67 / 10ml')
('https://www.sainsburys.co.uk/shop/gb/groceries/product/details/exclusives-44/boutique-moisturising-concealer-medium-5ml', 'Boutique Moisturising Concealer Beige', '£3.00', '£6.00 / 10ml')
('https://www.sainsburys.co.uk/shop/gb/groceries/product/details/exclusives-44/boutique-bronzer-brick-latte-9g', 'Boutique Bronzer Brick Latte 9g', '£4.00', '£4.44 / 10g')
('https://www.sainsburys.co.uk/shop/gb/groceries/product/details/exclusives-44/boutique-waterproof-brow-pomade-light', 'Boutique Waterproof Brow Pomade Light', '£4.00', '£8.00 / 10g')
('https://www.sainsburys.co.uk/shop/gb/groceries/product/details/exclusives-44/boutique-HD-eyebrow-pencil-light', 'Boutique HD Eyebrow Pencil Light', '£2.00', '£2.00 / ea')
('https://www.sainsburys.co.uk/shop/gb/groceries/product/details/exclusives-44/boutique-moisturising-lipstick-mocha', 'Boutique Moisturising Lipstick Mocha', '£3.00', '£3.00 / ea')
('https://www.sainsburys.co.uk/shop/gb/groceries/product/details/exclusives-44/boutique-lip-liner-burgundy', 'Boutique Lip Liner Burgundy', '£2.00', '£2.00 / ea')
('https://www.sainsburys.co.uk/shop/gb/groceries/product/details/shop-by-brand-453854-44/future-farm-meatballs-250g', 'Future Farm Plant Based Meatballs 250g', '£3.90', '£15.60 / kg')
('https://www.sainsburys.co.uk/shop/gb/groceries/product/details/shop-by-brand-453854-44/future-farm-sausage-250g', 'Future Farm Plant Based Sausage 250g', '£3.90', '£15.60 / kg')
('https://www.sainsburys.co.uk/shop/gb/groceries/product/details/shop-by-brand-453854-44/future-farm-burger-230g', 'Future Farm Plant Based Burger 230g', '£3.90', '£16.96 / kg')
('https://www.sainsburys.co.uk/shop/gb/groceries/product/details/bloom-and-wild/bloom-wild-the-wildflower-blooms', 'Bloom & Wild The Wildflower Blooms', '£15.00', '£15.00 / ea')
('https://www.sainsburys.co.uk/shop/gb/groceries/product/details/bloom-and-wild/bloom-wild-the-daydreamer-blooms', 'Bloom & Wild The Daydreamer Blooms', '£20.00', '£20.00 / ea')
('https://www.sainsburys.co.uk/shop/gb/groceries/product/details/bloom-and-wild/bloom-wild-the-country-garden-blooms', 'Bloom & Wild The Country Garden Blooms', '£15.00', '£15.00 / ea')
('https://www.sainsburys.co.uk/shop/gb/groceries/product/details/bloom-and-wild/bloom-wild-the-celebration-blooms', 'Bloom & Wild The Celebration Blooms', '£20.00', '£20.00 / ea')
('https://www.sainsburys.co.uk/shop/gb/groceries/product/details/bloom-and-wild/bloom-wild-the-classic-blooms', 'Bloom & Wild The Classic Blooms', '£15.00', '£15.00 / ea')
('https://www.sainsburys.co.uk/shop/gb/groceries/product/details/bloom-and-wild/bloom-wild-the-seasonal-blooms', 'Bloom & Wild The Seasonal Blooms', '£20.00', '£20.00 / ea')
('https://www.sainsburys.co.uk/shop/gb/groceries/product/details/wasabi/wasabi-k-wings-soy-garlic-sauce-265g', 'Wasabi K-wings & Soy, Garlic Sauce 265g', '£2.75', '£13.41 / kg')
('https://www.sainsburys.co.uk/shop/gb/groceries/product/details/wasabi/wasabi-sushi-bento-chicken-gyoza-105g', 'Wasabi Sushi & Bento Chicken Gyoza 105g', '£2.50', '£25.00 / kg')
('https://www.sainsburys.co.uk/shop/gb/groceries/product/details/wasabi/wasabi-katsu-curry-meal-for-2-1220g', 'Wasabi Katsu Curry Meal For 2 1220g', '£10.00', '£8.53 / kg')
('https://www.sainsburys.co.uk/shop/gb/groceries/product/details/wasabi/wasabi-katsu-finger-sriricha-mayo-170g', 'Wasabi Chicken Katsu Fingers & Sriracha Mayo 170g', '£3.00', '£18.75 / kg')
('https://www.sainsburys.co.uk/shop/gb/groceries/product/details/wasabi/wasabi-vegetable-gyoza-100g', 'Wasabi Vegetable Gyoza 100g', '£2.50', '£25.00 / kg')
('https://www.sainsburys.co.uk/shop/gb/groceries/product/details/wasabi/wasabi-sweet-chilli-chkn-yakisoba-450g', 'Wasabi Sweet Chilli Chkn Yakisoba 450g', '£4.00', '£8.89 / kg')
('https://www.sainsburys.co.uk/shop/gb/groceries/product/details/wasabi/wasabi-sushi-bento-sweet-chilli-chicken-with-rice-450g', 'Wasabi Sushi & Bento Sweet Chilli Chicken with Rice 450g', '£4.00', '£8.89 / kg')
('https://www.sainsburys.co.uk/shop/gb/groceries/product/details/capsicana/capsicana-the-ultimate-fajita-kit-mexican-chilli-honey-385g', 'Capsicana The Ultimate Fajita Kit Mexican Chilli & Honey 385g', '£3.60', '94p / 100g')
('https://www.sainsburys.co.uk/shop/gb/groceries/product/details/capsicana/capsicana-mexican-smoked-cumin-chipotle-for-fajitas-seasoning-mix-28g', 'Capsicana Mexican Smoked Cumin & Chipotle for Fajitas Seasoning Mix 28g', '£1.10', '£3.93 / 100g')
('https://www.sainsburys.co.uk/shop/gb/groceries/product/details/capsicana/capsicana-brazilian-smoked-paprika-spices-seasoning-mix-28g', 'Capsicana Brazilian Smoked Paprika & Spices Seasoning Mix 28g', '£1.10', '£3.93 / 100g')
('https://www.sainsburys.co.uk/shop/gb/groceries/product/details/capsicana/capsicana-tasty-taco-seasoning-mix-28g', 'Capsicana Tasty Taco Seasoning Mix 28g', '£1.10', '£3.93 / 100g')
('https://www.sainsburys.co.uk/shop/gb/groceries/product/details/plant-pioneers-44/plant-pioneer-no-turkey-parcel-365g-8032443-p-44', 'Plant Pioneer No Turkey Parcel 365g', '£6.00', '£16.44 / kg')
('https://www.sainsburys.co.uk/shop/gb/groceries/product/details/plant-pioneers-44/plant-pioneers-spicy-no-lamb-shawarma-jackfruit-150g', 'Plant Pioneers Spicy No Lamb Shawarma Jackfruit 150g', '£1.50', '£10.00 / kg')
('https://www.sainsburys.co.uk/shop/gb/groceries/product/details/plant-pioneers-44/sainsburys-meat-free-chicken-pieces', 'Plant Pioneers Meat Free Chicken-Style Pieces 300g', '£1.75', '£5.83 / kg')
('https://www.sainsburys.co.uk/shop/gb/groceries/product/details/plant-pioneers-44/sainsburys-raspberry-clemantine-jelly-540g', "Sainsbury's Raspberry & Clemantine Jelly 540g", '£1.20', '22p / 100g')
('https://www.sainsburys.co.uk/shop/gb/groceries/product/details/plant-pioneers-44/plant-pioneers-no-pork-belly-200g', 'Plant Pioneers No Pork Belly 200g', '£4.00', '£20.00 / kg')
('https://www.sainsburys.co.uk/shop/gb/groceries/product/details/plant-pioneers-44/plant-pioneer-hotnspicy-goujons-210g', 'Plant Pioneer Hotnspicy Goujons 210g', '£2.50', '£11.91 / kg')
('https://www.sainsburys.co.uk/shop/gb/groceries/product/details/plant-pioneers-44/plant-pioneers-banana-blossom-in-water-400g', 'Plant Pioneers Banana Blossom in Water 400g', '£1.50', '£3.75 / kg')
('https://www.sainsburys.co.uk/shop/gb/groceries/product/details/plant-pioneers-44/plant-pioneers-sweet-smoky-bbq-jackfruit-150g', 'Plant Pioneers Sweet & Smoky BBQ Jackfruit 150g', '£2.00', '£13.33 / kg')
('https://www.sainsburys.co.uk/shop/gb/groceries/product/details/all-mothers-day/dorset-honey-granola-550g', 'Dorset Cereals Honey Granola 500g', '£4.00', '80p / 100g')
('https://www.sainsburys.co.uk/shop/gb/groceries/product/details/all-mothers-day/yorkshire-everyday-tea-bags--gold-packet-250g', 'Yorkshire Gold Loose Tea 250g', '£2.75', '£1.10 / 100g')
('https://www.sainsburys.co.uk/shop/gb/groceries/product/details/all-mothers-day/scented-sapphire', 'Scented Sapphire', '£10.00', '£10.00 / ea')
('https://www.sainsburys.co.uk/shop/gb/groceries/product/details/all-mothers-day/this-works-stress-check-cbd-body-cocoon-250ml', 'This Works Stress Check CBD Body Cocoon 250ml', '£25.00', '£10.00 / 100ml')
('https://www.sainsburys.co.uk/shop/gb/groceries/product/details/all-mothers-day/garden-kneeler-138102616-p-44', 'Garden Kneeler', '£10.00', '£10.00 / ea')
('https://www.sainsburys.co.uk/shop/gb/groceries/product/details/all-mothers-day/cake-fork-set', 'Cake Fork Set', '£6.00', '£6.00 / ea')
('https://www.sainsburys.co.uk/shop/gb/groceries/product/details/all-mothers-day/grandma-cushion-138002201-p-44', 'Grandma Cushion', '£8.00', '£8.00 / ea')
('https://www.sainsburys.co.uk/shop/gb/groceries/product/details/all-mothers-day/best-grandma-nan-photo-holder-keyring', 'Best Grandma / Nan Photo Holder Keyring', '£3.00', '£3.00 / ea')
('https://www.sainsburys.co.uk/shop/gb/groceries/product/details/all-mothers-day/reasons-i-love-you', 'Reasons I love You', '£5.00', '£5.00 / ea')
('https://www.sainsburys.co.uk/shop/gb/groceries/product/details/all-mothers-day/bloom-wild-the-classic-blooms', 'Bloom & Wild The Classic Blooms', '£15.00', '£15.00 / ea')
('https://www.sainsburys.co.uk/shop/gb/groceries/product/details/all-mothers-day/boxed-coaster-d', 'Boxed Coaster "D"', '£3.00', '£3.00 / ea')
('https://www.sainsburys.co.uk/shop/gb/groceries/product/details/all-mothers-day/boxed-coaster-a', 'Boxed Coaster "A"', '£3.00', '£3.00 / ea')
('https://www.sainsburys.co.uk/shop/gb/groceries/product/details/all-mothers-day/badge-mirror-k', 'Badge Mirror "K"', '£1.50', '£1.50 / ea')
('https://www.sainsburys.co.uk/shop/gb/groceries/product/details/all-mothers-day/badge-mirror-a', 'Badge Mirror "A"', '£1.50', '£1.50 / ea')
('https://www.sainsburys.co.uk/shop/gb/groceries/product/details/all-mothers-day/makeup-bag-c', 'Makeup Bag "C"', '£6.00', '£6.00 / ea')
('https://www.sainsburys.co.uk/shop/gb/groceries/product/details/all-mothers-day/mug-t', 'Mug "T"', '£4.50', '£4.50 / ea')
('https://www.sainsburys.co.uk/shop/gb/groceries/product/details/all-mothers-day/mug-k', 'Mug "K"', '£4.50', '£4.50 / ea')
('https://www.sainsburys.co.uk/shop/gb/groceries/product/details/all-mothers-day/mug-c-138077369-p-44', 'Mug "C"', '£4.50', '£4.50 / ea')
('https://www.sainsburys.co.uk/shop/gb/groceries/product/details/all-mothers-day/notebook-pen-set-j', 'Notebook & Pen Set "J"', '£8.00', '£8.00 / ea')
('https://www.sainsburys.co.uk/shop/gb/groceries/product/details/all-mothers-day/notebook-pen-set-a', 'Notebook & Pen Set "A"', '£8.00', '£8.00 / ea')
('https://www.sainsburys.co.uk/shop/gb/groceries/product/details/all-mothers-day/latte-glass', 'Latte Glass', '£5.00', '£5.00 / ea')
('https://www.sainsburys.co.uk/shop/gb/groceries/product/details/all-mothers-day/qa-coco-oat-rejuvenating-face-mask-50g', 'Q+A Coco Oat Rejuvenating Face Mask 50g', '£4.50', '£9.00 / 100g')
('https://www.sainsburys.co.uk/shop/gb/groceries/product/details/all-mothers-day/sainsburys-home-floral-hideaway-to-do-list-pads-and-pen', "Sainsbury's Home Floral Hideaway To Do List Pad and Pen", '£4.00', '£4.00 / ea')
('https://www.sainsburys.co.uk/shop/gb/groceries/product/details/all-mothers-day/drawer-liners', 'Drawer Liners', '£3.00', '£3.00 / ea')
('https://www.sainsburys.co.uk/shop/gb/groceries/product/details/all-mothers-day/drinks-bottle-r-138075515-p-44', 'Drinks Bottle "R"', '£5.00', '£5.00 / ea')
('https://www.sainsburys.co.uk/shop/gb/groceries/product/details/all-mothers-day/drinks-bottle-c-138074580-p-44', 'Drinks Bottle "C"', '£5.00', '£5.00 / ea')
('https://www.sainsburys.co.uk/shop/gb/groceries/product/details/all-mothers-day/boxed-keyring-e', 'Boxed Keyring "E"', '£3.50', '£3.50 / ea')
('https://www.sainsburys.co.uk/shop/gb/groceries/product/details/all-mothers-day/heathcote-ivory-in-the-garden-shea-butter-hand-cream-100ml', 'Heathcote & Ivory In the Garden Shea Butter Hand Cream 100ml', '£6.00', '£6.00 / 100ml')
('https://www.sainsburys.co.uk/shop/gb/groceries/product/details/all-mothers-day/jord-oat-1l', 'Jörd Organic Oat Drink 1L', '£1.80', '£1.80 / ltr')
('https://www.sainsburys.co.uk/shop/gb/groceries/product/details/all-mothers-day/sanctuary-spa-de-stress-warming-body-balm-150ml', 'Sanctuary Spa Calming CBD Oil 45ml', '£9.50', '£21.11 / 100ml')
('https://www.sainsburys.co.uk/shop/gb/groceries/product/details/all-mothers-day/sanctuary-spa-sleep-mist-100ml', 'Sanctuary Spa Sleep Mist 100ml', '£9.50', '£9.50 / 100ml')
('https://www.sainsburys.co.uk/shop/gb/groceries/product/details/all-mothers-day/sainsburys-lemon-cake-440-taste-the-difference', "Sainsbury's Lemon Cake, Taste the Difference 440g", '£2.00', '£2.00 / ea')
('https://www.sainsburys.co.uk/shop/gb/groceries/product/details/all-mothers-day/loreal-paris-signature-collection-skincare-gift-set', "L'Oreal Paris Signature Collection Skincare Gift Set", '£15.00', '£15.00 / ea')
('https://www.sainsburys.co.uk/shop/gb/groceries/product/details/all-mothers-day/heathcote-ivory-in-the-garden-gardening-gloves-hand-cream-gift-set', 'Heathcote & Ivory In the Garden Gardening Gloves & Hand Cream Gift Set', '£14.00', '£14.00 / ea')
('https://www.sainsburys.co.uk/shop/gb/groceries/product/details/all-mothers-day/sanctuary-spa-calming-cbd-oil-45ml', 'Sanctuary Spa Warming Body Balm 150ml', '£8.00', '£5.34 / 100ml')
('https://www.sainsburys.co.uk/shop/gb/groceries/product/details/all-mothers-day/sainsburys-salted-caramel-cake-taste-the-difference-330g', "Sainsbury's Salted Caramel Cake, Taste the Difference 330g", '£2.00', '£2.00 / ea')
('https://www.sainsburys.co.uk/shop/gb/groceries/product/details/all-mothers-day/habitat-soap-collection-6x80g-8024926-p-44', 'Habitat Soap Collection 6x80g', '£10.00', '£2.08 / 100g')
('https://www.sainsburys.co.uk/shop/gb/groceries/product/details/all-mothers-day/sainsburys-luxury-sourdough-crumpets-taste-the-difference-x6', "Sainsbury's Luxury Sourdough Crumpets, Taste the Difference x6", '£1.00', '17p / ea')
('https://www.sainsburys.co.uk/shop/gb/groceries/product/details/all-mothers-day/sainsburys-blackcurrant-vanilla-ice-cream-taste-the-difference-480ml', "Sainsbury's Blackcurrant&vanilla Ice Cream, Taste the Difference 480ml", '£2.50', '52p / 100ml')
('https://www.sainsburys.co.uk/shop/gb/groceries/product/details/all-mothers-day/sainsburys-beautiful-mum-bouquet-8016378-p-44', "Sainsbury's Beautiful Mum Bouquet", '£25.00', '£25.00 / ea')
('https://www.sainsburys.co.uk/shop/gb/groceries/product/details/all-mothers-day/nipfab-vitamin-c-fix-sheet-mask', 'Nip+Fab Vitamin C Fix Sheet Mask 25ml', '£7.50', '£30.00 / 100ml')
('https://www.sainsburys.co.uk/shop/gb/groceries/product/details/all-mothers-day/luv-ya-message-bottle-350g', 'Luv Ya! Heart Gummy Sweets 320g', '£3.00', '94p / 100g')
('https://www.sainsburys.co.uk/shop/gb/groceries/product/details/all-mothers-day/vegan-hearts-bottle-400g', 'Vegan Heart Gummy Sweets 400g', '£3.00', '75p / 100g')
('https://www.sainsburys.co.uk/shop/gb/groceries/product/details/all-mothers-day/3x-hyacinth-bulbs', "Sainsbury's Hyacinth Basket Gift x3", '£5.00', '£5.00 / ea')
('https://www.sainsburys.co.uk/shop/gb/groceries/product/details/all-mothers-day/galaxy-gluten-free-celebration-cake-965g', 'Galaxy Indulgent Gluten Free Chocolate Cake 965g', '£11.00', '£1.14 / 100g')
('https://www.sainsburys.co.uk/shop/gb/groceries/product/details/all-mothers-day/cocoa-co-caramel-box-130g', 'Cocoa & Co. The Caramel Chocolate Collection 130g', '£6.00', '£4.62 / 100g')
('https://www.sainsburys.co.uk/shop/gb/groceries/product/details/all-mothers-day/seed-and-bean-organic-single-origin-coconut-raspberry-dark-chocolate-85g', 'Seed & Bean Fairtrade Organic Single Origin Coconut & Raspberry Dark Chocolate 85g', '£2.35', '£2.76 / 100g')
('https://www.sainsburys.co.uk/shop/gb/groceries/product/details/new-355373-44/sainsburys-nacho-cheese-butternut-chips-340g', "Sainsbury's Nacho Cheese Butternut Chips 340g", '£2.00', '£5.88 / kg')
('https://www.sainsburys.co.uk/shop/gb/groceries/product/details/new-355373-44/sainsburys-valentines-patch-on-you-mug-132737792-p', "Sainsbury's Valentine's Patch on you Mug", '£4.50', '£4.50 / ea')
('https://www.sainsburys.co.uk/shop/gb/groceries/product/details/new-355373-44/sainsburys-free-range-chicken-mini-fillets-taste-the-difference-approx-240g-', "Sainsbury's Free Range Chicken Mini Fillets, Taste the Difference (approx. 240g)", '£4.25', '£17.71 / kg')
('https://www.sainsburys.co.uk/shop/gb/groceries/product/details/new-355373-44/sainsburys-home-winter-fern-napkin-x20-132274732-p', "Sainsbury's Home Winter Fern Napkin x20", '£2.00', '£2.00 / ea')
('https://www.sainsburys.co.uk/shop/gb/groceries/product/details/new-355373-44/orchard-smelly-wellies-132353262-p', 'Orchard Smelly Wellies', '£7.00', '£7.00 / ea')
('https://www.sainsburys.co.uk/shop/gb/groceries/product/details/new-355373-44/sh-grey-wash-wicker-basket-large', "Sainsbury's Home Grey Wash Wicker Basket Large", '£10.00', '£10.00 / ea')
('https://www.sainsburys.co.uk/shop/gb/groceries/product/details/new-355373-44/the-express-high-roller-reach-roller-228mm-131399779-p', 'The Express High Reach Paint Roller 228mm', '£7.00', '£7.00 / ea')
('https://www.sainsburys.co.uk/shop/gb/groceries/product/details/new-355373-44/revlon-foot-spa--131467065-p', 'Revlon Foot Spa', '£40.00', '£40.00 / ea')
('https://www.sainsburys.co.uk/shop/gb/groceries/product/details/new-355373-44/star-wars-darth-vader-3d-air-freshener-131407636-p', 'Star Wars Darth Vader 3D air freshener', '£4.00', '£4.00 / ea')
('https://www.sainsburys.co.uk/shop/gb/groceries/product/details/new-355373-44/sainsburys-15w40-mineral-oil-4l', 'Daytona 15w40 Mineral Oil 4L', '£20.00', '£20.00 / ea')
('https://www.sainsburys.co.uk/shop/gb/groceries/product/details/new-355373-44/fisher-price-learn-with-me-zebra-walker-131113540-p', 'Fisher-Price Learn with Me Zebra Walker', '£30.00', '£30.00 / ea')
('https://www.sainsburys.co.uk/shop/gb/groceries/product/details/new-355373-44/black-diamond-air-freshener-130655048-p', 'Black Diamond air freshener', '£3.00', '£3.00 / ea')
('https://www.sainsburys.co.uk/shop/gb/groceries/product/details/new-355373-44/briers-childrens-3-piece-garden-tool-set-129473458-p', 'Briers Childrens 3 Piece Garden Tool Set', '£5.00', '£5.00 / ea')
('https://www.sainsburys.co.uk/shop/gb/groceries/product/details/new-355373-44/sainsburys-coastal-diffuser', "Sainsbury's Coastal Diffuser", '£8.00', '£8.00 / ea')
('https://www.sainsburys.co.uk/shop/gb/groceries/product/details/new-355373-44/sainsburys-chatsworth--pressed-glass-candle', "Sainsbury's Chatsworth Pressed Glass Candle", '£5.00', '£5.00 / ea')
('https://www.sainsburys.co.uk/shop/gb/groceries/product/details/new-355373-44/collection-400tc-pillowcase-pair-white', "Sainsbury's Home Collection Egyptian Cotton White Pillowcase Pair 400TC", '£10.00', '£10.00 / ea')
('https://www.sainsburys.co.uk/shop/gb/groceries/product/details/new-355373-44/babyliss-for-men-7437tu-20-piece-home-hair-cutting-kit-123675251-p', 'BaByliss For Men 7437TU 20 Piece Home Hair Cutting Kit', '£25.00', '£25.00 / ea')
('https://www.sainsburys.co.uk/shop/gb/groceries/product/details/new-355373-44/sainsburys-glass-pitcher-jug-125185256-p-44', "Sainsbury's Home Glass Pitcher Jug", '£8.00', '£8.00 / ea')
('https://www.sainsburys.co.uk/shop/gb/groceries/product/details/new-355373-44/autocare-redline-carpet---rubber-mat-set-124514409-p', 'Autocare redline carpet & rubber mat set', '£15.00', '£15.00 / ea')
('https://www.sainsburys.co.uk/shop/gb/groceries/product/details/new-355373-44/autocare-redline-car-vacuum-12v-dc-124514249-p', 'Autocare redline car vacuum 12v dc', '£10.00', '£10.00 / ea')
('https://www.sainsburys.co.uk/shop/gb/groceries/product/details/new-355373-44/carplan-vent-strawberry---lemonade-air-freshener-122547274-p', 'CarPlan vent strawberry & lemonade air freshener', '£2.50', '£2.50 / ea')
('https://www.sainsburys.co.uk/shop/gb/groceries/product/details/new-355373-44/sainsburys-home-star-silicone-cookie-cutter-x3-124972557-p', "Sainsbury's Home Star Silicone Cookie Cutter x3", '£4.50', '£4.50 / ea')
('https://www.sainsburys.co.uk/shop/gb/groceries/product/details/new-355373-44/panda-licorice-single-bar-32g', 'Panda Original Liquorice 32g', '45p', '£1.41 / 100g')
('https://www.sainsburys.co.uk/shop/gb/groceries/product/details/new-355373-44/danone-kids-organic-strawberry-banana-no-added-sugar-yogurt-70g', 'Danone Kids Organic Strawberry & Banana No Added Sugar Yogurt 70g', '75p', '£1.07 / 100g')
('https://www.sainsburys.co.uk/shop/gb/groceries/product/details/new-355373-44/actimel-no-added-sugar-0-fat-strawberry-yogurt-drink-12x100g', 'Actimel No Added Sugar 0% Fat Strawberry Yogurt Drink 12x100g', '£3.00', '25p / 100g')
('https://www.sainsburys.co.uk/shop/gb/groceries/product/details/new-355373-44/baylis-harding-royale-garden-verbena-chamomile-manicure-set', 'Baylis & Harding Royale Garden Verbena & Chamomile Manicure Set', '£6.00', '£6.00 / ea')
('https://www.sainsburys.co.uk/shop/gb/groceries/product/details/new-355373-44/squeaky-bean-kickin-katsu-curry-chicken-style-pieces-with-katsu-sauce-300g', 'Squeaky Bean Kickin Katsu Curry Chicken Style Pieces with Katsu Sauce 300g', '£3.25', '£10.83 / kg')
('https://www.sainsburys.co.uk/shop/gb/groceries/product/details/new-355373-44/sainsburys-sides-dirty-fries-400', "Sainsbury's Sides Dirty Fries 400", '£3.00', '£7.50 / kg')
('https://www.sainsburys.co.uk/shop/gb/groceries/product/details/new-355373-44/robo-fish-robotic-star-warsimming-fish-by-zuru', 'Robo Fish Robotic Star Warsimming Fish By Zuru', '£8.00', '£8.00 / ea')
('https://www.sainsburys.co.uk/shop/gb/groceries/product/details/new-355373-44/sainsburys-home-crafted-nature-x-large-bag-lux', "Sainsbury's Home Crafted Nature X Large Bag Lux", '£3.50', '£3.50 / ea')
('https://www.sainsburys.co.uk/shop/gb/groceries/product/details/new-355373-44/sainsburys-home-lady-boss-large-bag', "Sainsbury's Home Lady Boss Large Bag", '£2.00', '£2.00 / ea')
('https://www.sainsburys.co.uk/shop/gb/groceries/product/details/new-355373-44/sainsburys-antibacterial-moisture-hand-gel-50ml', "Sainsbury's Antibacterial Moisture Hand Gel 50ml", '90p', '£1.80 / 100ml')
('https://www.sainsburys.co.uk/shop/gb/groceries/product/details/new-355373-44/faux-marigold-hanging-basket', 'Faux Marigold Hanging Basket', '£22.50', '£22.50 / ea')
('https://www.sainsburys.co.uk/shop/gb/groceries/product/details/new-355373-44/faux-globe-thistle', 'Faux Globe Thistle', '£15.00', '£15.00 / ea')
('https://www.sainsburys.co.uk/shop/gb/groceries/product/details/new-355373-44/bulldog-skincare-everyday-beard-care-routine', 'Bulldog Skincare Everyday Beard Care Routine', '£15.00', '£15.00 / ea')
('https://www.sainsburys.co.uk/shop/gb/groceries/product/details/new-355373-44/baylis-harding-royale-garden-verbena-chamomile-luxury-wash-bag', 'Baylis & Harding Royale Garden Verbena & Chamomile Luxury Wash Bag', '£24.00', '£24.00 / ea')
('https://www.sainsburys.co.uk/shop/gb/groceries/product/details/new-355373-44/eye-mask-gift-set', 'Eye Mask Gift Set', '£8.00', '£8.00 / ea')
('https://www.sainsburys.co.uk/shop/gb/groceries/product/details/new-355373-44/habitat-country-h-ceramic-candle-200g', 'Habitat Country H Ceramic Candle 200g', '£8.00', '£8.00 / ea')
('https://www.sainsburys.co.uk/shop/gb/groceries/product/details/new-355373-44/sandalwood-blossom-room-spray-100ml', 'Sandalwood Blossom Room Spray 100ml', '£5.00', '£5.00 / ea')
('https://www.sainsburys.co.uk/shop/gb/groceries/product/details/new-355373-44/sandalwood-blossom-diffuser-150ml', 'Sandalwood Blossom Diffuser 150ml', '£12.00', '£12.00 / ea')
('https://www.sainsburys.co.uk/shop/gb/groceries/product/details/new-355373-44/spontex-tough-gloves-medium', 'Spontex Tough Gloves Medium', '£2.50', '£2.50 / ea')
('https://www.sainsburys.co.uk/shop/gb/groceries/product/details/new-355373-44/harringtons-turkey-veg-adult-wet-dog-food-400g', 'Harringtons Turkey & Veg Adult Wet Dog Food 400g', '£1.00', '£2.50 / kg')
('https://www.sainsburys.co.uk/shop/gb/groceries/product/details/all-prepared-fruit--veg---salad/sainsburys-baby-leaf-watercress-80g', "Sainsbury's Watercress 80g", '£1.00', '£1.25 / 100g')
('https://www.sainsburys.co.uk/shop/gb/groceries/product/details/all-prepared-fruit--veg---salad/sainsburys-apple--pineapple---grape-160g', "Sainsbury's Apple, Pineapple & Grape 160g", '£1.00', '£6.25 / kg')
('https://www.sainsburys.co.uk/shop/gb/groceries/product/details/all-prepared-fruit--veg---salad/sainsburys-apple--strawb--grape---blueberry-240g', "Sainsbury's Apple, Strawberry, Grape & Blueberry 240g", '£2.00', '£8.33 / kg')
('https://www.sainsburys.co.uk/shop/gb/groceries/product/details/all-prepared-fruit--veg---salad/sainsburys-vegetable-selection-with-herb-butter-340g-7717361-p-44', "Sainsbury's Vegetable Selection With Herb Butter 340g", '£2.00', '£5.88 / kg')
('https://www.sainsburys.co.uk/shop/gb/groceries/product/details/all-prepared-fruit--veg---salad/sainsburys-stir-fry-vegetables-230g', "Sainsbury's Stir Fry Vegetables 230g", '£1.75', '£7.61 / kg')
('https://www.sainsburys.co.uk/shop/gb/groceries/product/details/all-prepared-fruit--veg---salad/sainsburys-vegetable-selection--basics-125kg-6906184-p-44', "Sainsbury's Vegetable Selection, Basics 1.25kg", '£1.00', '80p / kg')
('https://www.sainsburys.co.uk/shop/gb/groceries/product/details/all-prepared-fruit--veg---salad/sainsburys-cauliflower-cheese--taste-the-difference-400g-6002597-p-44', "Sainsbury's Cauliflower Cheese, Taste the Difference 400g (Serves 2)", '£2.70', '£6.75 / kg')
('https://www.sainsburys.co.uk/shop/gb/groceries/product/details/all-prepared-fruit--veg---salad/sainsburys-mixed-leaf-salad-200g', "Sainsbury's Mixed Leaf Salad 200g", '£1.25', '62p / 100g')
('https://www.sainsburys.co.uk/shop/gb/groceries/product/details/all-prepared-fruit--veg---salad/sainsburys-ready-prepared-green---red-brussels-sprouts-240g', "Sainsbury's Ready Prepared Green & Red Brussels Sprouts 240g", '£1.50', '£6.25 / kg')
('https://www.sainsburys.co.uk/shop/gb/groceries/product/details/all-prepared-fruit--veg---salad/sainsburys-butternut-squash---asparagus-medley-240g', "Sainsbury's Butternut Squash & Asparagus Medley 240g", '£2.00', '£8.33 / kg')
('https://www.sainsburys.co.uk/shop/gb/groceries/product/details/all-prepared-fruit--veg---salad/sainsburys-iceberg-lettuce-200g', "Sainsbury's Iceberg Lettuce 200g", '60p', '30p / 100g')
('https://www.sainsburys.co.uk/shop/gb/groceries/product/details/all-prepared-fruit--veg---salad/sainsburys-pepared-butternut-squash---sweet-potato-300g', "Sainsbury's Prepared Butternut Squash & Sweet Potato 300g", '£1.00', '£3.33 / kg')
('https://www.sainsburys.co.uk/shop/gb/groceries/product/details/all-prepared-fruit--veg---salad/loughshore-shredded-cabbage-200g', 'Loughshore Shredded Cabbage 200g', '£1.00', '£5.00 / kg')
('https://www.sainsburys.co.uk/shop/gb/groceries/product/details/all-prepared-fruit--veg---salad/loughshore-diced-soup-veg-320g', 'Loughshore Diced Soup Veg 320g', '£1.00', '£3.13 / kg')
('https://www.sainsburys.co.uk/shop/gb/groceries/product/details/all-prepared-fruit--veg---salad/sainsburys-deli-style-coleslaw-600g', "Sainsbury's Deli-Style Coleslaw 600g", '£1.30', '22p / 100g')
('https://www.sainsburys.co.uk/shop/gb/groceries/product/details/all-prepared-fruit--veg---salad/mash-direct-mash-potato-400g', 'Mash Direct Mash Potato 400g', '£1.50', '£3.75 / kg')
('https://www.sainsburys.co.uk/shop/gb/groceries/product/details/all-prepared-fruit--veg---salad/sainsburys-mixed-pepper-stir-fry-300g', "Sainsbury's Mixed Pepper Stir Fry 300g", '£1.25', '42p / 100g')
('https://www.sainsburys.co.uk/shop/gb/groceries/product/details/all-prepared-fruit--veg---salad/sainsburys-beansprouts-400g', "Sainsbury's Beansprouts 300g", '90p', '30p / 100g')
('https://www.sainsburys.co.uk/shop/gb/groceries/product/details/all-prepared-fruit--veg---salad/sainsburys-cheese-onion-crouton-100g', "Sainsbury's Cheese & Onion Crouton 100g", '£1.00', '£1.00 / 100g')
('https://www.sainsburys.co.uk/shop/gb/groceries/product/details/all-prepared-fruit--veg---salad/sainsburys-italian-style-salad-100g-8009482-p-44', "Sainsbury's Italian Style Salad 100g", '£1.25', '£1.25 / 100g')
('https://www.sainsburys.co.uk/shop/gb/groceries/product/details/all-prepared-fruit--veg---salad/sainsburys-ftg-fruit-medley-150g', "Sainsbury's On the Go Fruit Medley 150g", '£1.00', '£6.67 / kg')
('https://www.sainsburys.co.uk/shop/gb/groceries/product/details/all-prepared-fruit--veg---salad/sainsburys-watermelon-160g', "Sainsbury's Watermelon 160g", '£1.00', '£6.25 / kg')
('https://www.sainsburys.co.uk/shop/gb/groceries/product/details/all-prepared-fruit--veg---salad/sainsburys-brussels-sprouts-400g-7938066-p-44', "Sainsbury's Brussels Sprouts with Salted Butter 400g", '£2.00', '£5.00 / kg')
('https://www.sainsburys.co.uk/shop/gb/groceries/product/details/all-prepared-fruit--veg---salad/sainsburys-melon---grape-medley-400g', "Sainsbury's Melon & Grape Medley 380g", '£2.00', '£5.26 / kg')
('https://www.sainsburys.co.uk/shop/gb/groceries/product/details/all-prepared-fruit--veg---salad/sainsburys-pineapple-slices-350g', "Sainsbury's Pineapple Slices 350g", '£2.00', '£5.71 / kg')
('https://www.sainsburys.co.uk/shop/gb/groceries/product/details/all-prepared-fruit--veg---salad/sainsburys-young-leaf-spinach-200g', "Sainsbury's Baby Leaf Spinach 200g", '£1.50', '£7.50 / kg')
('https://www.sainsburys.co.uk/shop/gb/groceries/product/details/all-prepared-fruit--veg---salad/loughshore-diced-turnip-500g', 'Loughshore Diced Turnip 500g', '£1.00', '£2.00 / kg')
('https://www.sainsburys.co.uk/shop/gb/groceries/product/details/all-prepared-fruit--veg---salad/sainsburys-deli-style-coleslaw-180g', "Sainsbury's Deli-Style Coleslaw 180g", '60p', '33p / 100g')
('https://www.sainsburys.co.uk/shop/gb/groceries/product/details/all-prepared-fruit--veg---salad/sainsburys-sweet-leaf-salad-250g', "Sainsbury's Sweet Leaf Salad 250g", '75p', '30p / 100g')
('https://www.sainsburys.co.uk/shop/gb/groceries/product/details/all-prepared-fruit--veg---salad/sainsburys-coleslaw--taste-the-difference-300g', "Sainsbury's Coleslaw, Taste the Difference 300g", '£1.30', '43p / 100g')
('https://www.sainsburys.co.uk/shop/gb/groceries/product/details/all-prepared-fruit--veg---salad/sainsburys-rice-noodles-300g', "Sainsbury's Rice Noodles 300g", '£1.25', '42p / 100g')
('https://www.sainsburys.co.uk/shop/gb/groceries/product/details/all-prepared-fruit--veg---salad/sainsburys-honey-mustard-parsnips-taste-the-difference-450g', "Sainsbury's Honey & Mustard Parsnips, Taste the Difference 450g", '£2.50', '£5.56 / kg')
('https://www.sainsburys.co.uk/shop/gb/groceries/product/details/all-prepared-fruit--veg---salad/sainsburys-classic-salad-bowl', "Sainsbury's Classic Salad Bowl 165g", '£1.00', '£1.00 / 100g')
('https://www.sainsburys.co.uk/shop/gb/groceries/product/details/all-prepared-fruit--veg---salad/sainsburys-pineapple-lolly-80g', "Sainsbury's Pineapple Lolly 80g", '40p', '£5.00 / kg')
('https://www.sainsburys.co.uk/shop/gb/groceries/product/details/all-prepared-fruit--veg---salad/sainsburys-grapefruit-160g-7895669-p-44', "Sainsbury's Grapefruit 160g", '£1.50', '£9.38 / kg')
('https://www.sainsburys.co.uk/shop/gb/groceries/product/details/all-prepared-fruit--veg---salad/sainsburys-smokey-bean-casserole-pot-400g', "Sainsbury's Smokey Bean One Pot 400g", '£3.00', '£7.50 / kg')
('https://www.sainsburys.co.uk/shop/gb/groceries/product/details/all-prepared-fruit--veg---salad/sainsburys-simple-salad-bowl-125g', "Sainsbury's Simple Salad Bowl 125g", '£1.00', '80p / 100g')
('https://www.sainsburys.co.uk/shop/gb/groceries/product/details/all-prepared-fruit--veg---salad/mash-direct-sweet-potato-fries-250g', 'Mash Direct Sweet Potato Fries 250g', '£2.00', '£8.00 / kg')
('https://www.sainsburys.co.uk/shop/gb/groceries/product/details/all-prepared-fruit--veg---salad/sainsburys-broccoli-rice-300g', "Sainsbury's Broccoli Rice 300g", '£1.25', '£4.17 / kg')
('https://www.sainsburys.co.uk/shop/gb/groceries/product/details/all-prepared-fruit--veg---salad/sainsburys-butternut-squash-noodles-300g', "Sainsbury's Butternut Squash Noodles 300g", '£1.30', '£4.33 / kg')
('https://www.sainsburys.co.uk/shop/gb/groceries/product/details/price-lock-food-cupboard/sainsburys-mackerel-fillets--in-spicy-tomato-sauce-125g', "Sainsbury's Mackerel Fillets in Spicy Tomato Sauce 125g", '80p', '64p / 100g')
('https://www.sainsburys.co.uk/shop/gb/groceries/product/details/price-lock-food-cupboard/ambrosia-chocolate-flavour-devon-custard-400g', 'Ambrosia Chocolate Flavour Devon Custard 400g', '75p', '19p / 100g')
('https://www.sainsburys.co.uk/shop/gb/groceries/product/details/price-lock-food-cupboard/hartleys-apricot-jam-300g', "Hartley's Apricot Jam 300g", '£1.00', '33p / 100g')
('https://www.sainsburys.co.uk/shop/gb/groceries/product/details/price-lock-food-cupboard/flipz-milk-chocolate-coated-pretzels-160g', 'Flipz Milk Chocolate Coated Pretzels 160g', '£1.75', '£1.09 / 100g')
('https://www.sainsburys.co.uk/shop/gb/groceries/product/details/price-lock-food-cupboard/atlante-maize-penne-500g', 'Atlante Penne Maize Pasta 500g', '£1.00', '20p / 100g')
('https://www.sainsburys.co.uk/shop/gb/groceries/product/details/price-lock-food-cupboard/diet-coke-12x330ml-7517073-p-44', 'Diet Coke 12x330ml', '£4.80', '12p / 100ml')
('https://www.sainsburys.co.uk/shop/gb/groceries/product/details/price-lock-food-cupboard/batch-chick-herb-super-noodle-81g', 'Batchelors Low Fat Super Noodles Chicken & Herb Flavour 81g', '50p', '62p / 100g')
('https://www.sainsburys.co.uk/shop/gb/groceries/product/details/price-lock-food-cupboard/nik-naks-nice-spicy-crisps-6pk', "Nik Naks Nice 'N' Spicy Crisps 6x20g", '£1.00', '83p / 100g')
('https://www.sainsburys.co.uk/shop/gb/groceries/product/details/price-lock-food-cupboard/swizzels-drumstick-squashies-mini-bags-raspberry-milk-flavour-sweets-x20', 'Swizzels Drumstick Squashies Mini Bags Raspberry & Milk Flavour Sweets x20', '£2.00', '71p / 100g')
('https://www.sainsburys.co.uk/shop/gb/groceries/product/details/price-lock-food-cupboard/betty-crocker-rainbow-chip-party-cake-mix-425g', 'Betty Crocker Rainbow Chip Party Cake Mix 425g', '£2.00', '47p / 100g')
('https://www.sainsburys.co.uk/shop/gb/groceries/product/details/price-lock-food-cupboard/przysnacki-microwave-popcorn-100g', 'Przysnacki Microwave Popcorn 100g', '65p', '65p / 100g')
('https://www.sainsburys.co.uk/shop/gb/groceries/product/details/price-lock-food-cupboard/haribo-squidglets-sweets-bag-190g', 'Haribo Squidglets Sweets Bag 190g', '90p', '47p / 100g')
('https://www.sainsburys.co.uk/shop/gb/groceries/product/details/price-lock-food-cupboard/oreo-thins-original-sandwich-biscuit-192g', 'Oreo Thins Original Sandwich Biscuit 192g', '£1.00', '52p / 100g')
('https://www.sainsburys.co.uk/shop/gb/groceries/product/details/price-lock-food-cupboard/kelloggs-special-k-bar-milk-chocolate-5x27g', "Kellogg's Special K Bar Milk Chocolate 5x27g", '£1.00', '74p / 100g')
('https://www.sainsburys.co.uk/shop/gb/groceries/product/details/price-lock-food-cupboard/verival-organic-orange-acerola-granola-cereal-325g', 'Verival Organic Orange & Acerola Granola Cereal 325g', '£3.00', '92p / 100g')
('https://www.sainsburys.co.uk/shop/gb/groceries/product/details/price-lock-food-cupboard/kelloggs-coco-pops-cereal-11kg-7901740-p', "Kellogg's Coco Pops Cereal 1.1kg", '£4.00', '36p / 100g')
('https://www.sainsburys.co.uk/shop/gb/groceries/product/details/price-lock-food-cupboard/kelloggs-rice-krispies-cereal-11kg-7901719-p', "Kellogg's Rice Krispies Cereal 1.1kg", '£4.00', '36p / 100g')
('https://www.sainsburys.co.uk/shop/gb/groceries/product/details/price-lock-food-cupboard/golden-wonder-variety-crisps-22x25g', 'Golden Wonder Variety Crisps 22x25g', '£3.00', '60p / 100g')
('https://www.sainsburys.co.uk/shop/gb/groceries/product/details/price-lock-food-cupboard/sainsburys-katsu-curry-sauce-340g', "Sainsbury's Katsu Curry Sauce 340g", '£1.50', '44p / 100g')
('https://www.sainsburys.co.uk/shop/gb/groceries/product/details/price-lock-food-cupboard/zozole-orange---lemon-75g', 'Zozole Orange & Lemon Sweets 75g', '60p', '80p / 100g')
('https://www.sainsburys.co.uk/shop/gb/groceries/product/details/price-lock-food-cupboard/zozole-apple-cherry-strawberry-75g', 'Zozole Apple, Cherry & Strawberry Sweets 75g', '60p', '80p / 100g')
('https://www.sainsburys.co.uk/shop/gb/groceries/product/details/price-lock-food-cupboard/goralki-wafer-chocolate-filling-50g', 'Goralki Wafer Chocolate Filling 50g', '50p', '£1.00 / 100g')
('https://www.sainsburys.co.uk/shop/gb/groceries/product/details/price-lock-food-cupboard/sainsburys-deliciously-free-from-choco-rice-pops-300g', "Sainsbury's Deliciously Free From Choco Rice Pops 300g", '£1.80', '60p / 100g')
('https://www.sainsburys.co.uk/shop/gb/groceries/product/details/price-lock-food-cupboard/sainsburys-lemon-chicken-cooking-sauce-500g', "Sainsbury's Lemon Chicken Cooking Sauce 500g", '80p', '16p / 100g')
('https://www.sainsburys.co.uk/shop/gb/groceries/product/details/price-lock-food-cupboard/hartleys-blackcurrant-jelly-6x125g', "Hartley's Blackcurrant Jelly Pot Multipack 6x125g", '£2.00', '27p / 100g')
('https://www.sainsburys.co.uk/shop/gb/groceries/product/details/price-lock-food-cupboard/hartleys-10-calorie-raspberry-jelly-6x175g', "Hartley's 10 Cal Raspberry Jelly Pot Multipack 6x175g", '£3.00', '29p / 100g')
('https://www.sainsburys.co.uk/shop/gb/groceries/product/details/price-lock-food-cupboard/natco-black-pepper-coarse-100g', 'Natco Black Pepper Coarse 100g', '£1.50', '£1.50 / 100g')
('https://www.sainsburys.co.uk/shop/gb/groceries/product/details/price-lock-food-cupboard/natco-fennel-seeds-100g', 'Natco Fennel Seeds 100g', '80p', '8p / 10g')
('https://www.sainsburys.co.uk/shop/gb/groceries/product/details/price-lock-food-cupboard/punjana-signature-tea-x80', "Thompson's Signature Tea Bags x80", '£2.00', '80p / 100g')
('https://www.sainsburys.co.uk/shop/gb/groceries/product/details/price-lock-food-cupboard/mug-shot-chinese-style-noodles-45g', 'Mug Shot Noodles Chinese Style 45g', '50p', '£11.11 / kg')
('https://www.sainsburys.co.uk/shop/gb/groceries/product/details/price-lock-food-cupboard/pot-noodle-chinese-chow-mein-90g', 'Pot Noodle Chinese Chow Mein 90g', '75p', '£8.33 / kg')
('https://www.sainsburys.co.uk/shop/gb/groceries/product/details/price-lock-food-cupboard/pot-noodle-snack-chicken---mushroom-90g', 'Pot Noodle Chicken & Mushroom 90g', '75p', '£8.33 / kg')
('https://www.sainsburys.co.uk/shop/gb/groceries/product/details/price-lock-food-cupboard/chicken-tonight-spanish-chicken-500g', 'Chicken Tonight Spanish Chicken 500g', '£1.20', '24p / 100g')
('https://www.sainsburys.co.uk/shop/gb/groceries/product/details/price-lock-food-cupboard/sainsburys-sweet-chilli---ginger-stir-fry-sauce-120g', "Sainsbury's Sweet Chilli & Garlic Stir Fry Sauce 120g", '50p', '42p / 100g')
('https://www.sainsburys.co.uk/shop/gb/groceries/product/details/price-lock-food-cupboard/sainsburys-roasted-red-pepper-pesto-190g', "Sainsbury's Roasted Red Pepper Pesto 190g", '90p', '47p / 100g')
('https://www.sainsburys.co.uk/shop/gb/groceries/product/details/price-lock-food-cupboard/tilda-steamed-basmati-brown-rice-250g', 'Tilda Microwave Steamed Basmati Brown Rice 250g', '£1.00', '£4.00 / kg')
('https://www.sainsburys.co.uk/shop/gb/groceries/product/details/price-lock-food-cupboard/uncle-bens-classic-microwaveable-rice-pilau-250g', "Uncle Ben's Classic Microwave Rice Pilau 250g", '£1.00', '£4.00 / kg')
('https://www.sainsburys.co.uk/shop/gb/groceries/product/details/price-lock-food-cupboard/sainsburys-wholemeal-tortilla-x8-10', "Sainsbury's Wholemeal Tortilla Wraps x8 512g", '90p', '11p / ea')
('https://www.sainsburys.co.uk/shop/gb/groceries/product/details/price-lock-food-cupboard/pataks-rogan-josh-sauce-450g', "Patak's Rogan Josh Sauce 450g", '£1.25', '28p / 100g')
('https://www.sainsburys.co.uk/shop/gb/groceries/product/details/price-lock-food-cupboard/old-el-paso-taco-shells-156g', 'Old El Paso Crunchy Taco Shells x12 156g', '£1.50', '96p / 100g')
('https://www.sainsburys.co.uk/shop/gb/groceries/product/details/price-lock-food-cupboard/napolina-peeled-plum-tomatoes-4x400g', 'Napolina Peeled Plum Tomatoes 4x400g', '£2.00', '£1.25 / kg')
('https://www.sainsburys.co.uk/shop/gb/groceries/product/details/price-lock-food-cupboard/hellmanns-real-mayonnaise-800g', "Hellmann's Real Mayonnaise 800g", '£3.00', '38p / 100g')
('https://www.sainsburys.co.uk/shop/gb/groceries/product/details/all-sports-nutrition-/phd-whey-isolate-high-protein-powder-mix-908g', 'PhD Whey Isolate Protein Powder Choc Cookie 908g', '£30.00', '£3.30 / 100g')
('https://www.sainsburys.co.uk/shop/gb/groceries/product/details/all-sports-nutrition-/sci-mx-nutrition-pro-2-go-high-protein-bar-blueberry-white-chocolate-60g', 'Sci-MX Nutrition Pro 2 Go High Protein Bar Blueberry & White Chocolate 60g', '£2.50', '£4.17 / 100g')
('https://www.sainsburys.co.uk/shop/gb/groceries/product/details/all-sports-nutrition-/grenade-carb-killa-high-protein-bar-white-chocolate-cookie-60g', 'Grenade Carb Killa High Protein Bar White Chocolate Cookie 60g', '£2.60', '£2.60 / ea')
('https://www.sainsburys.co.uk/shop/gb/groceries/product/details/protein-food-and-bars/phd-smart-bar-white-choc-blondie-64g', 'PhD Smart Bar White Choc Blondie 64g', '£2.00', '£3.13 / 100g')
('https://www.sainsburys.co.uk/shop/gb/groceries/product/details/protein-food-and-bars/grenade-carb-killa-high-protein-bar-dark-chocolate-mint-60g', 'Grenade Carb Killa High Protein Bar Dark Chocolate Mint 60g', '£2.60', '43p / 10g')
('https://www.sainsburys.co.uk/shop/gb/groceries/product/details/protein-food-and-bars/phd-smart-jack-protein-oat-flapjack-chocolate-peanut-60g', 'PhD Smart Jack Protein & Oat Flapjack Chocolate Peanut 60g', '£1.60', '£2.67 / 100g')
('https://www.sainsburys.co.uk/shop/gb/groceries/product/details/protein-food-and-bars/sci-mx-nutrition-pro-2-go-high-protein-bar-peanut-milk-chocolate-60g', 'Sci-MX Nutrition Pro 2 Go High Protein Bar Peanut & Milk Chocolate 60g', '£2.50', '£4.17 / 100g')
('https://www.sainsburys.co.uk/shop/gb/groceries/product/details/protein-food-and-bars/ufit-crunchers-smokehouse-bbq-27g', 'Ufit Crunchers Smokehouse BBQ 33g', '50p', '£1.85 / 100g')
('https://www.sainsburys.co.uk/shop/gb/groceries/product/details/protein-food-and-bars/grenade-carb-killa-high-protein-bar-jaffa-quake-chocolate-orange-60g', 'Grenade Carb Killa High Protein Bar Jaffa Quake Chocolate Orange 60g', '£2.60', '£2.60 / ea')
('https://www.sainsburys.co.uk/shop/gb/groceries/product/details/protein-food-and-bars/pro2go-gooey-protein-bar-salted-caramel-milk-chocolate-flavour-60g', 'Pro2Go Gooey Protein Bar Salted Caramel & Milk Chocolate Flavour 60g', '£2.50', '£4.17 / 100g')
('https://www.sainsburys.co.uk/shop/gb/groceries/product/details/protein-food-and-bars/phd-smart-bar-birthday-cake-64g', 'PhD Smart Bar Birthday Cake 64g', '£2.00', '£3.13 / 100g')
('https://www.sainsburys.co.uk/shop/gb/groceries/product/details/protein-food-and-bars/tribe-natural-protein-bar-choc-peanut-butter-50g', 'Tribe Natural Protein Bar Choc Peanut Butter 50g', '£1.50', '£3.00 / 100g')
('https://www.sainsburys.co.uk/shop/gb/groceries/product/details/protein-food-and-bars/pro-2-go-protein-bakes-salt-balsamic-vinegar-flavour-30g', 'Pro 2 Go Protein Bakes Salt & Balsamic Vinegar Flavour 30g', '90p', '£3.00 / 100g')
('https://www.sainsburys.co.uk/shop/gb/groceries/product/details/protein-food-and-bars/battle-oats-protein-flapjack-dark-choc-chip-70g', 'Battle Oats Protein Flapjack Dark Choc Chip 70g', '£2.00', '£2.86 / 100g')
('https://www.sainsburys.co.uk/shop/gb/groceries/product/details/protein-food-and-bars/maximuscle-promax-restore-millionnaire-shortbread-flavour-60g', 'Maximuscle Promax Protein Bar Millionaires Shortbread 60g', '£2.00', '£3.33 / 100g')
('https://www.sainsburys.co.uk/shop/gb/groceries/product/details/protein-food-and-bars/optimum-nutri-crisp-choc-brownie-bar-65g', 'Optimum Nutrition Protein Crisp Bar Chocolate Brownie Flavour 65g', '£2.30', '£2.30 / ea')
('https://www.sainsburys.co.uk/shop/gb/groceries/product/details/protein-food-and-bars/muscle-moose-beaver-bar-white-chocolate-flavour-60g', 'Muscle Moose Beaver Bar White Chocolate Flavour 60g', '£1.50', '£2.50 / 100g')
('https://www.sainsburys.co.uk/shop/gb/groceries/product/details/protein-food-and-bars/maximuscle-protein-bar-cookies-cream-flavour-55g', 'MaxiMuscle Protein Bar Cookies & Cream Flavour 55g', '£2.50', '£4.55 / 100g')
('https://www.sainsburys.co.uk/shop/gb/groceries/product/details/protein-food-and-bars/phd-smart-plant-choc-toffee-popcorn-bar-64g', 'PhD Smart Plant Choc Toffee Popcorn Bar 64g', '£2.50', '£3.91 / 100g')
('https://www.sainsburys.co.uk/shop/gb/groceries/product/details/protein-food-and-bars/tribe-natural-protein-bar-choc-brownie-50g', 'Tribe Natural Protein Bar Choc Brownie 50g', '£2.00', '£4.00 / 100g')
('https://www.sainsburys.co.uk/shop/gb/groceries/product/details/protein-food-and-bars/phd-smart-jack-protein-oat-flapjack-blueberry-muffin-60g', 'PhD Smart Jack Protein & Oat Flapjack Blueberry Muffin 60g', '£1.60', '£2.67 / 100g')
('https://www.sainsburys.co.uk/shop/gb/groceries/product/details/protein-food-and-bars/phd-smart-bar-cookies---cream-64g', 'PhD Smart Bar Cookies & Cream 64g', '£2.00', '£3.13 / 100g')
('https://www.sainsburys.co.uk/shop/gb/groceries/product/details/protein-food-and-bars/sci-mx-protein-flapjack--chochazelnut-80g', 'Sci-mx Protein Flapjack, Chochazelnut 80g', '£1.50', '£1.87 / 100g')
('https://www.sainsburys.co.uk/shop/gb/groceries/product/details/protein-food-and-bars/phd-smart-bar-plant-choc-peanut-crml-64', 'PhD Smart Plant Choc Peanut Caramel Bar 64g', '£2.50', '£3.91 / 100g')
('https://www.sainsburys.co.uk/shop/gb/groceries/product/details/protein-food-and-bars/grenade-carb-killa-high-protein-bar-white-chocolate-salted-peanut-30g', 'Grenade Carb Killa High Protein Bar White Chocolate Salted Peanut 60g', '£2.60', '£4.33 / 100g')
('https://www.sainsburys.co.uk/shop/gb/groceries/product/details/protein-food-and-bars/tribe-infinity-choc-salt-caramel-50g', 'Tribe Infinity Choc Salt Caramel 50g', '£1.70', '34p / 10g')
('https://www.sainsburys.co.uk/shop/gb/groceries/product/details/protein-food-and-bars/grenade-carb-killa-high-protein-bar-caramel-chaos-60g', 'Grenade Carb Killa High Protein Bar Caramel Chaos 60g', '£2.60', '43p / 10g')
('https://www.sainsburys.co.uk/shop/gb/groceries/product/details/protein-food-and-bars/grenade-carb-killa-high-protein-bar-cookies-cream-60g', 'Grenade Carb Killa High Protein Bar Cookies & Cream 60g', '£2.60', '43p / 10g')
('https://www.sainsburys.co.uk/shop/gb/groceries/product/details/protein-food-and-bars/protein-world-the-vegan-blend-chocolate-flavour-600g', 'Protein World The Vegan Blend Chocolate Flavour 600g', '£20.00', '£3.33 / 100g')
('https://www.sainsburys.co.uk/shop/gb/groceries/product/details/protein-food-and-bars/phd-smart-jack-protein-oat-flapjack-triple-chocolate-60g', 'PhD Smart Jack Protein & Oat Flapjack Triple Chocolate 60g', '£1.60', '£2.67 / 100g')
('https://www.sainsburys.co.uk/shop/gb/groceries/product/details/protein-food-and-bars/grenade-carb-killa-high-protein-bar-chocolate-chip-cookie-dough-60g', 'Grenade Carb Killa High Protein Bar Chocolate Chip Cookie Dough 60g', '£2.60', '£2.60 / ea')
('https://www.sainsburys.co.uk/shop/gb/groceries/product/details/protein-food-and-bars/maximuscle-promax-lean-cookie-dough-flavour-60g', 'MaxiMuscle Promax Lean Cookie Dough Flavour 60g', '£2.00', '£3.33 / 100g')
('https://www.sainsburys.co.uk/shop/gb/groceries/product/details/protein-food-and-bars/grenade-carb-killa-bar-selection-box-x6-360g', 'Grenade Carb Killa Bar Selection Box x6 360g', '£12.75', '£2.13 / ea')
('https://www.sainsburys.co.uk/shop/gb/groceries/product/details/protein-food-and-bars/optimum-nutri-optimum-rocky-road-bar-60g', 'Optimum Nutrition Optimum Protein Bar Rocky Road Flavour 60g', '£2.00', '£2.00 / ea')
('https://www.sainsburys.co.uk/shop/gb/groceries/product/details/protein-food-and-bars/optimum-nutri-optimum-choc-carml-bar-60g', 'Optimum Nutrition Optimum Protein Bar Chocolate Caramel Flavour 60g', '£2.00', '£2.00 / ea')
('https://www.sainsburys.co.uk/shop/gb/groceries/product/details/protein-food-and-bars/maximuscle-protein-bar-peanut-butter-flavour-55g', 'MaxiMuscle Protein Bar Peanut Butter Flavour 55g', '£2.50', '£4.55 / 100g')
('https://www.sainsburys.co.uk/shop/gb/groceries/product/details/protein-food-and-bars/maximuscle-protein-bar-millionaires-shortbread-flavour-55g', 'MaxiMuscle Protein Bar Millionaires Shortbread Flavour 55g', '£2.50', '£4.55 / 100g')
('https://www.sainsburys.co.uk/shop/gb/groceries/product/details/all-lamb/tariq-halal-diced-lamb-700g', 'Tariq Halal Extra Lean British Diced Lamb 700g', '£13.00', '£18.57 / kg')
('https://www.sainsburys.co.uk/shop/gb/groceries/product/details/all-lamb/sainsburys-welsh-lamb-rump-steaks-300g', "Sainsbury's Welsh Lamb Rump Steaks 300g", '£4.25', '£14.17 / kg')
('https://www.sainsburys.co.uk/shop/gb/groceries/product/details/all-lamb/sainsburys-northern-ireland-lamb-mince-500g', "Sainsbury's Northern Irish Lamb Mince 500g", '£3.57', '£7.14 / kg')
('https://www.sainsburys.co.uk/shop/gb/groceries/product/details/all-lamb/sainsburys-northern-irish-lamb-whole-leg', "Sainsbury's Northern Irish Lamb Whole Leg", '£17.60', '£1.10 / 100g')
('https://www.sainsburys.co.uk/shop/gb/groceries/product/details/all-lamb/sainsburys-lamb-boneless-shoulder-approx-767g-', "Sainsbury's Lamb Boneless Shoulder (approx. 767g)", '£12.00 / kg', '£1.20 / 100g')
('https://www.sainsburys.co.uk/shop/gb/groceries/product/details/all-lamb/sainsburys-welsh-lamb-boneless-shoulder-approx-618g-', "Sainsbury's Welsh Lamb Boneless Shoulder (approx. 618g)", '£12.00 / kg', '£1.20 / 100g')
('https://www.sainsburys.co.uk/shop/gb/groceries/product/details/all-lamb/sainsburys-welsh-thin-cut-lamb-loin-chops-425g', "Sainsbury's Welsh Thin Cut Lamb Loin Chops 425g", '£5.00', '£11.76 / kg')
('https://www.sainsburys.co.uk/shop/gb/groceries/product/details/all-lamb/sainsburys-slow-cooked-british-lamb-casserole-with-rich-red-wine-gravy-300g-serves-1-', "Sainsbury's Slow Cooked British Lamb Casserole With Rich Red Wine Gravy 300g (Serves 1)", '£3.50', '£11.67 / kg')
('https://www.sainsburys.co.uk/shop/gb/groceries/product/details/all-lamb/sainsburys-northern-irish-lamb-rump-steaks-300g', "Sainsbury's Northern Irish Lamb Rump Steaks 300g", '£3.75', '£12.50 / kg')
('https://www.sainsburys.co.uk/shop/gb/groceries/product/details/frying---grilling-44/sainsburys-lean-lamb-steaks-x4-approx-280g-', "Sainsbury's Lean Lamb Steaks x4 (approx. 280g)", '£18.00 / kg', '£1.80 / 100g')
('https://www.sainsburys.co.uk/shop/gb/groceries/product/details/frying---grilling-44/sainsburys-lamb-rump-steaks-x2-4-approx-417g-', "Sainsbury's Lamb Rump Steaks x2-4 (approx. 417g)", '£15.00 / kg', '£15.00 / kg')
('https://www.sainsburys.co.uk/shop/gb/groceries/product/details/frying---grilling-44/sainsburys-lamb-shoulder-cw', "Sainsbury's Lamb Shoulder, 1.2kg to 2kg", '£15.00', '75p / 100g')
('https://www.sainsburys.co.uk/shop/gb/groceries/product/details/frying---grilling-44/tariq-halal-diced-lamb-700g', 'Tariq Halal Extra Lean British Diced Lamb 700g', '£13.00', '£18.57 / kg')
('https://www.sainsburys.co.uk/shop/gb/groceries/product/details/frying---grilling-44/sainsburys-welsh-lamb-rump-steaks-300g', "Sainsbury's Welsh Lamb Rump Steaks 300g", '£4.25', '£14.17 / kg')
('https://www.sainsburys.co.uk/shop/gb/groceries/product/details/frying---grilling-44/sainsburys-northern-ireland-lamb-mince-500g', "Sainsbury's Northern Irish Lamb Mince 500g", '£3.57', '£7.14 / kg')
('https://www.sainsburys.co.uk/shop/gb/groceries/product/details/frying---grilling-44/sainsburys-slow-cooked-british-lamb-casserole-with-rich-red-wine-gravy-300g-serves-1-', "Sainsbury's Slow Cooked British Lamb Casserole With Rich Red Wine Gravy 300g (Serves 1)", '£3.50', '£11.67 / kg')
('https://www.sainsburys.co.uk/shop/gb/groceries/product/details/frying---grilling-44/sainsburys-northern-irish-lamb-rump-steaks-300g', "Sainsbury's Northern Irish Lamb Rump Steaks 300g", '£3.75', '£12.50 / kg')
('https://www.sainsburys.co.uk/shop/gb/groceries/product/details/frying---grilling-44/sainsburys-scotch-lamb-chops-170g', "Sainsbury's Scotch Lamb Chops 170g", '£2.25', '£13.24 / kg')
('https://www.sainsburys.co.uk/shop/gb/groceries/product/details/frying---grilling-44/sainsburys-lamb-meatballs-350g', "Sainsbury's Minted Lamb Meatballs x12 350g", '£2.85', '£8.14 / kg')
('https://www.sainsburys.co.uk/shop/gb/groceries/product/details/frying---grilling-44/sainsburys-lamb-mince-500g', "Sainsbury's Lamb Mince 20% Fat 500g", '£3.57', '£7.14 / kg')
('https://www.sainsburys.co.uk/shop/gb/groceries/product/details/frying---grilling-44/sainsburys-lamb-chops-340g', "Sainsbury's Lamb Chops 340g", '£3.49', '£10.26 / kg')
('https://www.sainsburys.co.uk/shop/gb/groceries/product/details/frying---grilling-44/sainsburys-northern-irish-lamb-leg-steaks-300g', "Sainsbury's Northern Irish Lamb Leg Steaks 300g", '£4.25', '£14.17 / kg')
('https://www.sainsburys.co.uk/shop/gb/groceries/product/details/frying---grilling-44/sainsburys-scotch-lamb-chops-x4-340g', "Sainsbury's Scotch Lamb Chops x4 340g", '£3.49', '£10.26 / kg')
('https://www.sainsburys.co.uk/shop/gb/groceries/product/details/frying---grilling-44/tariq-halal-lamb-chops-400g', 'Tariq Halal Lamb Chops 400g', '£5.50', '£16.18 / kg')
('https://www.sainsburys.co.uk/shop/gb/groceries/product/details/frying---grilling-44/sainsburys-welsh-hill-lamb-cutlets--taste-the-difference-x4-265g', "Sainsbury's Welsh Hill Lamb Cutlets, Taste the Difference x4 265g", '£6.75', '£25.47 / kg')
('https://www.sainsburys.co.uk/shop/gb/groceries/product/details/frying---grilling-44/sainsburys-lamb-steaks-so-organic-approx-280g-', "Sainsbury's Lamb Steaks, SO Organic (approx. 280g)", '£17.00 / kg', '£1.70 / 100g')
('https://www.sainsburys.co.uk/shop/gb/groceries/product/details/frying---grilling-44/sainsburys-northern-irish-lean-lamb-steaks-x4-approx-280g-', "Sainsbury's Northern Irish Lean Lamb Steaks x4 (approx. 280g)", '£18.00 / kg', '£1.80 / 100g')
('https://www.sainsburys.co.uk/shop/gb/groceries/product/details/frying---grilling-44/tariq-halal-lamb-cutlets', 'Tariq Halal British Lamb Cutlets 340g', '£17.50 / kg', '£17.50 / kg')
('https://www.sainsburys.co.uk/shop/gb/groceries/product/details/frying---grilling-44/sainsburys-british-lamb-sizzle-steaks-350g', "Sainsbury's British Lamb Sizzle Steaks 350g", '£4.90', '£14.00 / kg')
('https://www.sainsburys.co.uk/shop/gb/groceries/product/details/frying---grilling-44/sainsburys-extra-lean-northern-irish-diced-lamb-300g', "Sainsbury's Extra Lean Northern Irish Diced Lamb 300g", '£4.75', '£15.83 / kg')
('https://www.sainsburys.co.uk/shop/gb/groceries/product/details/frying---grilling-44/sainsburys-scottish-lamb-rump-steaks-300g', "Sainsbury's Scottish Lamb Rump Steaks 300g", '£4.25', '£14.17 / kg')
('https://www.sainsburys.co.uk/shop/gb/groceries/product/details/frying---grilling-44/sainsburys-welsh-lamb-chops-340g', "Sainsbury's Welsh Lamb Chops 340g", '£3.49', '£10.26 / kg')
('https://www.sainsburys.co.uk/shop/gb/groceries/product/details/frying---grilling-44/sainsburys-welsh-lamb-steaks-x2-300g', "Sainsbury's Welsh Lamb Steaks x2 300g", '£4.25', '£14.17 / kg')
('https://www.sainsburys.co.uk/shop/gb/groceries/product/details/frying---grilling-44/sainsburys-northern-irish-lamb-chops-340g', "Sainsbury's Northern Irish Lamb Chops 340g", '£3.49', '£10.26 / kg')
('https://www.sainsburys.co.uk/shop/gb/groceries/product/details/frying---grilling-44/sainsburys-lamb-rack-taste-the-difference-approx-300g-', "Sainsbury's Lamb Rack, Taste the Difference (approx. 300g)", '£30.00 / kg', '£3.00 / 100g')
('https://www.sainsburys.co.uk/shop/gb/groceries/product/details/frying---grilling-44/sainsburys-carvery-leg-of-lamb-cw-taste-the-difference', "Sainsbury's Welsh Hill Carvery Leg of Lamb, Taste the Difference", '£15.00 / kg', '£1.50 / 100g')
('https://www.sainsburys.co.uk/shop/gb/groceries/product/details/frying---grilling-44/sainsburys-welsh-hill-lamb-butterfly-leg-taste-the-difference-approx-600g-', "Sainsbury's Welsh Hill Lamb Butterfly Leg, Taste the Difference (approx. 600g)", '£17.00 / kg', '£1.70 / 100g')
('https://www.sainsburys.co.uk/shop/gb/groceries/product/details/frying---grilling-44/sainsburys-scotch-lamb-leg-steaks-300g', "Sainsbury's Scotch Lamb Leg Steaks 300g", '£4.25', '£14.17 / kg')
('https://www.sainsburys.co.uk/shop/gb/groceries/product/details/frying---grilling-44/sainsburys-diced-lamb-400g', "Sainsbury's Diced Lamb 400g", '£4.75', '£11.88 / kg')
('https://www.sainsburys.co.uk/shop/gb/groceries/product/details/mince/sainsburys-12-fat-british-beef-mince-so-organic-500g', "Sainsbury's 12% Fat British Beef Mince, SO Organic 500g", '£3.75', '£7.50 / kg')
('https://www.sainsburys.co.uk/shop/gb/groceries/product/details/cheddar-british-regional-cheese/cathedral-city-lighter-550g', 'Cathedral City Lighter 550g', '£4.50', '£8.18 / kg')
('https://www.sainsburys.co.uk/shop/gb/groceries/product/details/cheddar-british-regional-cheese/mary-anns-dairy-red-leicester-600g', "Mary Ann's Dairy Red Leicester 600g", '£2.69', '£4.48 / kg')
('https://www.sainsburys.co.uk/shop/gb/groceries/product/details/cheddar-british-regional-cheese/sainsburys-extra-mature-farmhouse-cheddar-taste-the-difference-350g', "Sainsbury's Extra Mature Farmhouse Cheddar, Taste the Difference 350g", '£2.50', '£7.14 / kg')
('https://www.sainsburys.co.uk/shop/gb/groceries/product/details/cheddar-british-regional-cheese/sainsburys-lighter-mature-british-cheese-220g', "Sainsbury's Lighter Mature British Cheese 220g", '£1.50', '£6.82 / kg')
('https://www.sainsburys.co.uk/shop/gb/groceries/product/details/cheddar-british-regional-cheese/dragon-vintage-welsh-cheddar-cheese-350g', 'Dragon Vintage Welsh Cheddar Cheese 350g', '£3.00', '£8.57 / kg')
('https://www.sainsburys.co.uk/shop/gb/groceries/product/details/cheddar-british-regional-cheese/cathedral-city-mature-cheddar-550g', 'Cathedral City Mature Cheese 550g', '£4.50', '£8.18 / kg')
('https://www.sainsburys.co.uk/shop/gb/groceries/product/details/cheddar-british-regional-cheese/lactofree-mature-cheddar-200g', 'Arla Lactofree Mature Cheddar Cheese 200g', '£1.80', '£9.00 / kg')
('https://www.sainsburys.co.uk/shop/gb/groceries/product/details/cheddar-british-regional-cheese/sainsburys-british-mature-cheddar-270g', "Sainsbury's British Mature Cheddar Cheese 270g", '£1.85', '£6.85 / kg')
('https://www.sainsburys.co.uk/shop/gb/groceries/product/details/cheddar-british-regional-cheese/dromona-medium-cheddar-350g', 'Dromona Medium Cheddar Cheese 350g', '£3.00', '£8.57 / kg')
('https://www.sainsburys.co.uk/shop/gb/groceries/product/details/cheddar-british-regional-cheese/sainsburys-mild-northern-irish-cheddar-400g', "Sainsbury's Mild Northern Irish Cheddar Cheese 400g", '£2.00', '£5.00 / kg')
('https://www.sainsburys.co.uk/shop/gb/groceries/product/details/cheddar-british-regional-cheese/galloway-cheddar-200g-7628680-p-44', 'Galloway Cheddar Cheese 200g', '£1.75', '£8.75 / kg')
('https://www.sainsburys.co.uk/shop/gb/groceries/product/details/cheddar-british-regional-cheese/cathedral-city-extra-mature-cheddar-350g', 'Cathedral City Extra Mature Cheddar Cheese 350g', '£2.50', '£7.14 / kg')
('https://www.sainsburys.co.uk/shop/gb/groceries/product/details/cheddar-british-regional-cheese/sainsburys-red-leicester-250g', "Sainsbury's Red Leicester Cheese 250g", '£1.70', '£6.80 / kg')
('https://www.sainsburys.co.uk/shop/gb/groceries/product/details/cheddar-british-regional-cheese/sainsburys-red-leicester--so-organic-270g', "Sainsbury's Red Leicester Cheese, SO Organic 270g", '£2.50', '£9.26 / kg')
('https://www.sainsburys.co.uk/shop/gb/groceries/product/details/cheddar-british-regional-cheese/lowlow-cheddar-block-200g', 'Lowlow Reduced Fat Medium White Cheese 200g', '£1.95', '£9.75 / kg')
('https://www.sainsburys.co.uk/shop/gb/groceries/product/details/cheddar-british-regional-cheese/coleraine-medium-cheddar-200g', 'Coleraine Medium Cheddar Cheese 200g', '£1.90', '£9.50 / kg')
('https://www.sainsburys.co.uk/shop/gb/groceries/product/details/cheddar-british-regional-cheese/sainsburys-truffle-cheddar-taste-the-difference-200g-7915108-p-44', "Sainsbury's Truffle Cheddar, Taste the Difference 200g", '£2.50', '£12.50 / kg')
('https://www.sainsburys.co.uk/shop/gb/groceries/product/details/cheddar-british-regional-cheese/sainsburys-mature-british-cheddar-220g', "Sainsbury's Mature British Cheddar 220g", '£1.50', '£6.82 / kg')
('https://www.sainsburys.co.uk/shop/gb/groceries/product/details/cheddar-british-regional-cheese/pilgrims-choice-lighter-extra-mature-cheese-350g', 'Pilgrims Choice Lighter Extra Mature Cheese 350g', '£3.00', '£8.57 / kg')
('https://www.sainsburys.co.uk/shop/gb/groceries/product/details/cheddar-british-regional-cheese/dragon-welsh-caerphilly-cheese-180g', 'Dragon Welsh Caerphilly Cheese 180g', '£1.50', '£8.33 / kg')
('https://www.sainsburys.co.uk/shop/gb/groceries/product/details/cheddar-british-regional-cheese/coleraine-mature-block-350g', 'Coleraine Mature Cheddar Cheese 350g', '£3.00', '£8.57 / kg')
('https://www.sainsburys.co.uk/shop/gb/groceries/product/details/cheddar-british-regional-cheese/davidstow-crackler-320g', 'Davidstow Cornish Extra Mature Cheddar Cheese 320g', '£3.00', '£9.38 / kg')
('https://www.sainsburys.co.uk/shop/gb/groceries/product/details/cheddar-british-regional-cheese/pilgrims-choice-extra-mature-350g', 'Pilgrims Choice Extra Mature Cheddar Cheese 350g', '£3.00', '£8.57 / kg')
('https://www.sainsburys.co.uk/shop/gb/groceries/product/details/cheddar-british-regional-cheese/sainsburys-double-gloucester-250g', "Sainsbury's Double Gloucester Cheese 250g", '£1.70', '£6.80 / kg')
('https://www.sainsburys.co.uk/shop/gb/groceries/product/details/cheddar-british-regional-cheese/sainsburys-reeces-wensleydale-250g', "Sainsbury's Wensleydale Cheese 250g", '£1.75', '£7.00 / kg')
('https://www.sainsburys.co.uk/shop/gb/groceries/product/details/cheddar-british-regional-cheese/sainsburys-scottish-mature-cheddar-400g', "Sainsbury's Scottish Mature Cheddar Cheese 400g", '£2.00', '£5.00 / kg')
('https://www.sainsburys.co.uk/shop/gb/groceries/product/details/cheddar-british-regional-cheese/sainsburys-mild-cheddar--so-organic-270g', "Sainsbury's Mild Cheddar Cheese, SO Organic 270g", '£2.50', '£9.26 / kg')
('https://www.sainsburys.co.uk/shop/gb/groceries/product/details/cheddar-british-regional-cheese/sainsburys-shropshire-blue-200g', "Sainsbury's Shropshire Blue Cheese 200g", '£2.00', '£10.00 / kg')
('https://www.sainsburys.co.uk/shop/gb/groceries/product/details/cheddar-british-regional-cheese/sainsburys-mild-british-cheddar-sticks-5x20g', "Sainsbury's Mild British Cheddar Sticks 5x20g", '£1.25', '£12.50 / kg')
('https://www.sainsburys.co.uk/shop/gb/groceries/product/details/cheddar-british-regional-cheese/sainsburys-mature-british-cheddar-sticks-5x20g', "Sainsbury's Mature British Cheddar Sticks 5x20g", '£1.25', '£12.50 / kg')
('https://www.sainsburys.co.uk/shop/gb/groceries/product/details/cheddar-british-regional-cheese/sainsburys-extra-mature-cheddar-220g', "Sainsbury's Extra Mature Cheddar 220g", '£1.50', '£6.82 / kg')
('https://www.sainsburys.co.uk/shop/gb/groceries/product/details/cheddar-british-regional-cheese/cathdral-city-lighter-slices-150g', 'Cathdral City Lighter Slices 150g', '£1.25', '£8.33 / kg')
('https://www.sainsburys.co.uk/shop/gb/groceries/product/details/cheddar-british-regional-cheese/cathedral-city-lactose-free-mature-cheese-200g', 'Cathedral City Lactose Free Mature Cheese 200g', '£2.25', '£11.25 / kg')
('https://www.sainsburys.co.uk/shop/gb/groceries/product/details/cheddar-british-regional-cheese/sainsburys-medium-british-cheddar-220g', "Sainsbury's Medium British Cheddar 220g", '£1.50', '£6.82 / kg')
('https://www.sainsburys.co.uk/shop/gb/groceries/product/details/cheddar-british-regional-cheese/sainsburys-west-country-farmhouse-mature-cheddar-220g', "Sainsbury's West Country Farmhouse Mature Cheddar 220g", '£1.50', '£6.82 / kg')
('https://www.sainsburys.co.uk/shop/gb/groceries/product/details/cheddar-british-regional-cheese/sainsburys-canadian-extra-mature-cheddar-cheese-taste-the-difference-350g', "Sainsbury's Canadian Extra Mature Cheddar Cheese, Taste the Difference 350g", '£3.00', '£8.57 / kg')
('https://www.sainsburys.co.uk/shop/gb/groceries/product/details/cheddar-british-regional-cheese/sainsburys-barbers-red-cruncher-cheese-taste-the-difference-350g', "Sainsbury's Barber's Red Cruncher Cheese, Taste the Difference 350g", '£2.50', '£7.14 / kg')
('https://www.sainsburys.co.uk/shop/gb/groceries/product/details/cheddar-british-regional-cheese/davidstow-cornish-classic-mature-cheddar-cheese-350g', 'Davidstow Cornish Mature Cheddar Cheese 350g', '£3.00', '£8.57 / kg')
('https://www.sainsburys.co.uk/shop/gb/groceries/product/details/speciality-and-continental-cheeses/sainsburys-petit-reblochon--taste-the-difference-240g', "Sainsbury's Petit Reblochon Cheese, Taste the Difference 240g", '£3.00', '£12.50 / kg')
('https://www.sainsburys.co.uk/shop/gb/groceries/product/details/frozen-milk-free/coconut-co-vanilla-snowconut-fro-yo-500ml', 'The Coconut Collaborative Snowconut Frozen Yogurt, Coconut & Vanilla 500ml', '£4.00', '80p / 100ml')
('https://www.sainsburys.co.uk/shop/gb/groceries/product/details/frozen-milk-free/frys-vegan-meat-free-crispy-prawns-250g', "Fry's Vegan Meat Free Crispy Prawns 250g", '£2.50', '£10.00 / kg')
('https://www.sainsburys.co.uk/shop/gb/groceries/product/details/frozen-milk-free/daiya-chocolate-cheezecake-400g', 'Daiya Chocolate Cheezecake 400g', '£5.50', '£1.38 / 100g')
('https://www.sainsburys.co.uk/shop/gb/groceries/product/details/frozen-milk-free/the-coconut-collaborative-dairy-free-chocolate-dipped-snowconut-sticks-3x95ml', 'The Coconut Collaborative Dairy Free Chocolate Dipped Snowconut Sticks 3x95ml', '£3.50', '£1.23 / 100ml')
('https://www.sainsburys.co.uk/shop/gb/groceries/product/details/frozen-milk-free/sainsburys-lemon-sorbet-500ml', "Sainsbury's Sorbet Lemon 500ml", '£2.20', '44p / 100ml')
('https://www.sainsburys.co.uk/shop/gb/groceries/product/details/frozen-milk-free/alpro-almond-salted-caramel-500ml-7957854-p', 'Alpro Almond Salted Caramel Ice Cream 500ml', '£3.75', '75p / 100ml')
('https://www.sainsburys.co.uk/shop/gb/groceries/product/details/frozen-milk-free/gardein-sizzling-szechuan-beefless-strips-300g', 'Gardein Sizzling Szechuan Beefless Strips 300g', '£4.50', '£15.00 / kg')
('https://www.sainsburys.co.uk/shop/gb/groceries/product/details/frozen-milk-free/gardein-golden-fishless-fillets-288g', 'Gardein Golden Fishless Fillets 288g', '£4.50', '£15.63 / kg')
('https://www.sainsburys.co.uk/shop/gb/groceries/product/details/frozen-milk-free/whole-creations-dairy-gluten-free-roasted-tomato-basil-sheesy-pizza-275g', 'Whole Creations Dairy & Gluten Free Roasted Tomato & Basil Sheesy Pizza 275g', '£3.75', '£1.36 / 100g')
('https://www.sainsburys.co.uk/shop/gb/groceries/product/details/frozen-milk-free/sainsburys-deliciously-free-from-strawberry-iced-dessert-500ml', "Sainsbury's Deliciously Free From Strawberry Iced Dessert 500ml", '£3.50', '70p / 100ml')
('https://www.sainsburys.co.uk/shop/gb/groceries/product/details/frozen-milk-free/sainsburys-mango-sorbet-500ml', "Sainsbury's Sorbet Mango 500ml", '£2.25', '45p / 100ml')
('https://www.sainsburys.co.uk/shop/gb/groceries/product/details/frozen-milk-free/amys-kitchen-breakfast-scramble-vegetable-scramble-hash-browns-255g', "Amy's Kitchen Breakfast Scramble Vegetable Scramble & Hash Browns 255g", '£3.70', '£3.70 / kg')
('https://www.sainsburys.co.uk/shop/gb/groceries/product/details/frozen-milk-free/amys-kitchen-gluten-free-chinese-noodles-veggies-in-a-cashew-cream-sauce-270g', "Amy's Kitchen Gluten Free Chinese Noodles & Veggies in a Cashew Cream Sauce 270g", '£3.50', '£1.30 / 100g')
('https://www.sainsburys.co.uk/shop/gb/groceries/product/details/frozen-milk-free/the-gluten-free-kitchen-apple-crumble-180g', 'The Gluten Free Kitchen Apple Crumble 180g', '£2.30', '£12.78 / kg')
('https://www.sainsburys.co.uk/shop/gb/groceries/product/details/frozen-milk-free/genius-gluten-free-puff-pastry-400g', 'Genius Gluten Free Puff Pastry 400g', '£1.75', '£4.38 / kg')
('https://www.sainsburys.co.uk/shop/gb/groceries/product/details/frozen-milk-free/sainsburys-raspberry-sorbet-500ml', "Sainsbury's Sorbet Raspberry 500ml", '£2.25', '45p / 100ml')
('https://www.sainsburys.co.uk/shop/gb/groceries/product/details/soya-free-food-and-drink/sainsburys-salted-caramel-roulades-taste-the-difference-x2-180g', "Sainsbury's Salted Caramel Roulades, Taste the Difference x2 180g", '£2.50', '£1.39 / 100g')
('https://www.sainsburys.co.uk/shop/gb/groceries/product/details/soya-free-food-and-drink/califia-farms-chocolate-coconut-almond-blend-drink-750ml', 'Califia Farms Chocolate Coconut Almond Blend Drink 750ml', '£2.40', '£3.20 / ltr')
('https://www.sainsburys.co.uk/shop/gb/groceries/product/details/soya-free-food-and-drink/bute-island-foods-ltd-grated-sheese-vegan-mozzarella-style-200g', 'Bute Island Foods Ltd Grated Sheese Vegan Mozzarella Style 200g', '£2.50', '£1.25 / 100g')
('https://www.sainsburys.co.uk/shop/gb/groceries/product/details/soya-free-food-and-drink/sainsburys-deliciously-free-from-spaghetti-bolognese-400g', "Sainsbury's Deliciously Free From Spaghetti Bolognese 400g", '£3.00', '75p / 100g')
('https://www.sainsburys.co.uk/shop/gb/groceries/product/details/soya-free-food-and-drink/the-gluten-free-kitchen-apple-crumble-180g', 'The Gluten Free Kitchen Apple Crumble 180g', '£2.30', '£12.78 / kg')
('https://www.sainsburys.co.uk/shop/gb/groceries/product/details/soya-free-food-and-drink/oatly-foamable-1l', 'Oatly Oat Drink Barista Edition Long Life 1L', '£1.80', '£1.80 / ltr')
('https://www.sainsburys.co.uk/shop/gb/groceries/product/details/soya-free-food-and-drink/sainsburys-freefrom-courgette--feta---spinach-pie-170g', "Sainsbury's Deliciously Free From Courgette, Feta & Spinach Pie 170g (Serves 1)", '£2.00', '£1.18 / 100g')
('https://www.sainsburys.co.uk/shop/gb/groceries/product/details/soya-free-food-and-drink/sainsburys-freefrom-chicken---gravy-pie-200g', "Sainsbury's Deliciously Free From Chicken & Gravy Pie 200g (Serves 1)", '£2.00', '£1.00 / 100g')
('https://www.sainsburys.co.uk/shop/gb/groceries/product/details/soya-free-food-and-drink/sainsburys-freefrom-steak---gravy-pie-200g', "Sainsbury's Deliciously Free From Steak & Gravy Pie 200g (Serves 1)", '£2.00', '£1.00 / 100g')
('https://www.sainsburys.co.uk/shop/gb/groceries/product/details/soya-free-food-and-drink/kirstys-malaysian-butternut-squash-curry-400g', "Kirsty's Malaysian Butternut Squash Curry 400g (Serves 1)", '£3.00', '£7.50 / kg')
('https://www.sainsburys.co.uk/shop/gb/groceries/product/details/soya-free-food-and-drink/great-food-pumpkin---chilli-bites-300g', 'Great Food Pumpkin & Chilli Bites 300g', '£2.90', '97p / 100g')
('https://www.sainsburys.co.uk/shop/gb/groceries/product/details/soya-free-food-and-drink/great-food-aromatic-moroccan-koftas-420g', 'Great Food Aromatic Moroccan Koftas 420g', '£3.20', '76p / 100g')
('https://www.sainsburys.co.uk/shop/gb/groceries/product/details/soya-free-food-and-drink/great-food-mint-quinoa---broad-bean-bites-300g', 'Great Food Mint Quinoa & Broad Bean Bites 300g', '£2.00', '66p / 100g')
('https://www.sainsburys.co.uk/shop/gb/groceries/product/details/soya-free-food-and-drink/sainsburys-mandarin-cheesecake-dessert-510g-serves-6-', "Sainsbury's Mandarin Cheesecake Dessert 510g (serves 6)", '£1.75', '35p / 100g')
('https://www.sainsburys.co.uk/shop/gb/groceries/product/details/soya-free-food-and-drink/sainsburys-raspberry-pavlova-dessert-310g-serves-6-', "Sainsbury's Raspberry Pavlova Dessert 310g (Serves 6)", '£2.00', '65p / 100g')
('https://www.sainsburys.co.uk/shop/gb/groceries/product/details/egg-free-food/great-food-sweet-potato-pakora-300g', 'Great Food Sweet Potato Pakora 300g', '£2.00', '66p / 100g')
('https://www.sainsburys.co.uk/shop/gb/groceries/product/details/egg-free-food/sainsburys-buttery-flapjacks-x5-175g', "Sainsbury's Buttery Flapjacks x5 175g", '£1.00', '20p / ea')
('https://www.sainsburys.co.uk/shop/gb/groceries/product/details/egg-free-food/sainsburys-ready-roll-puff-pastry-375g', "Sainsbury's Puff Pastry Ready Roll 375g", '£1.30', '35p / 100g')
('https://www.sainsburys.co.uk/shop/gb/groceries/product/details/egg-free-food/gosh!-naturally-delicious-smokey-sweet-potato-sausages-with-red-pepper-paprika-and-lentils-x6-270g', 'Gosh! Naturally Delicious Smokey Sweet Potato Sausages with Red Pepper, Paprika and Lentils x6 270g', '£2.95', '£1.09 / 100g')
('https://www.sainsburys.co.uk/shop/gb/groceries/product/details/egg-free-food/sainsburys-millionaires-cheesecake-3x100g', "Sainsbury's Millionaires Cheesecake 3x100g", '£1.80', '60p / 100g')
('https://www.sainsburys.co.uk/shop/gb/groceries/product/details/egg-free-food/freaks-of-nature-dairy---gluten-free-double-chocolate-ganache-90g-7965814-p', 'Freaks of Nature Dairy & Gluten Free Double Chocolate Ganache 90g', '£1.55', '£1.72 / 100g')
('https://www.sainsburys.co.uk/shop/gb/groceries/product/details/egg-free-food/sainsburys-love-your-veg!-the-smoky-jack-quarter-pounder-227g', "Plant Pioneers Smoky ‘Jack' Quarter Pounders 227g", '£2.50', '£11.01 / kg')
('https://www.sainsburys.co.uk/shop/gb/groceries/product/details/all-mothers-day/pico-fairtrade-organic-hazelnut-milk-chocolate-bar-80g', 'Pico Fairtrade Organic Hazelnut Milk Chocolate Bar 80g', '£2.95', '£3.69 / 100g')
('https://www.sainsburys.co.uk/shop/gb/groceries/product/details/all-mothers-day/lindt-lindor-salted-caramel-200g', 'Lindt Lindor Salted Caramel Chocolate Truffles Box 200g', '£4.00', '£2.00 / 100g')
('https://www.sainsburys.co.uk/shop/gb/groceries/product/details/all-mothers-day/beauty-kitchen-the-sustainables-botanic-bliss-organic-vegan-body-wash-300ml', 'Beauty Kitchen The Sustainables Botanic Bliss Organic Vegan Body Wash 300ml', '£6.40', '£2.14 / 100ml')
('https://www.sainsburys.co.uk/shop/gb/groceries/product/details/all-mothers-day/sainsburys-mothers-day-toy-plant-gift-set', 'Toy & Kalanchoe Gift Box', '£5.00', '£5.00 / ea')
('https://www.sainsburys.co.uk/shop/gb/groceries/product/details/all-mothers-day/sainsburys-ff-chocolate-swirls-190g', "Sainsbury's Deliciously Free From Pain au Chocolate Swirls x2 140g", '£2.00', '£1.43 / 100g')
('https://www.sainsburys.co.uk/shop/gb/groceries/product/details/all-mothers-day/jimmy-choo-eau-de-toilette-natural-spray-40ml', 'Jimmy Choo Eau de Toilette Natural Spray 40ml', '£35.00', '£87.50 / 100ml')
('https://www.sainsburys.co.uk/shop/gb/groceries/product/details/all-mothers-day/paul-smith-rose-eau-de-parfum-100ml-7981931-p-44', 'Paul Smith Rose Eau De Parfum 100ml', '£30.00', '£30.00 / 100ml')
('https://www.sainsburys.co.uk/shop/gb/groceries/product/details/all-mothers-day/garnier-skin-active-moisture-bomb-sakura-tissue-mask-32g', 'Garnier Moisture Bomb Sakura Hydrating Face Sheet Mask for Dull Skin 32g', '£3.00', '£3.00 / ea')
('https://www.sainsburys.co.uk/shop/gb/groceries/product/details/all-mothers-day/best-grandma-ever-mothers-day-card', "Best Grandma Ever Mother's Day Card", '£2.50', '£2.50 / ea')
('https://www.sainsburys.co.uk/shop/gb/groceries/product/details/all-mothers-day/sainsburys-taste-the-difference-mixed-berry-cheesecake-765g', "Sainsbury's Mixed Berry Cheesecake, Taste the Difference 765g", '£4.00', '52p / 100g')
('https://www.sainsburys.co.uk/shop/gb/groceries/product/details/all-mothers-day/mojito-bouquet', "Sainsbury's Mojito Bouquet", '£15.00', '£15.00 / ea')
('https://www.sainsburys.co.uk/shop/gb/groceries/product/details/all-mothers-day/oggs-mini-vanilla-vegan-cupcakes-9-x-20g', 'OGGS Vegan Mini Vanilla Cupcakes 180g', '£3.75', '42p / ea')
('https://www.sainsburys.co.uk/shop/gb/groceries/product/details/all-mothers-day/garnier-fresh-mix-brightening-face-sheet-shot-mask-with-vitamin-c-33g-7970479-p', 'Garnier Fresh-Mix Brightening Face Sheet Shot Mask with Vitamin C 33g', '£4.00', '£4.00 / ea')
('https://www.sainsburys.co.uk/shop/gb/groceries/product/details/all-mothers-day/sanctuary-spa-luxury-bath-float-500ml-7968818-p', 'Sanctuary Spa Luxury Bath Float 500ml', '£9.50', '£1.90 / 100ml')
('https://www.sainsburys.co.uk/shop/gb/groceries/product/details/all-mothers-day/phil-smith-salon-collection-straightener', 'Phil Smith Rose Salon Collection Hair Straigtener', '£15.00', '£15.00 / ea')
('https://www.sainsburys.co.uk/shop/gb/groceries/product/details/all-mothers-day/sanctuary-spa-1-minute-daily-glow-mask-75-ml', 'Sanctuary Spa 1 Minute Daily Glow Mask 75 ml', '£7.00', '£9.34 / 100ml')
('https://www.sainsburys.co.uk/shop/gb/groceries/product/details/all-mothers-day/sainsburys-pretty-in-pink-bouquet-7957277-p-44', "Sainsbury's Pretty In Pink Bouquet", '£12.00', '£12.00 / ea')
('https://www.sainsburys.co.uk/shop/gb/groceries/product/details/all-mothers-day/bantam-fairtrade-mexico-wholebean-coffee-200g', 'Bantam DR Congo Coffee Beans 200g', '£3.50', '£1.75 / 100g')
('https://www.sainsburys.co.uk/shop/gb/groceries/product/details/all-mothers-day/feather-down-sleep-well-set', 'Feather & Down Sleep Well Set', '£6.60', '£6.60 / ea')
('https://www.sainsburys.co.uk/shop/gb/groceries/product/details/all-mothers-day/feather-down-sweet-dreams-melting-shower-cream-250ml', 'Feather & Down Sweet Dreams Melting Shower Cream 250ml', '£4.00', '£2.00 / 100ml')
('https://www.sainsburys.co.uk/shop/gb/groceries/product/details/all-mothers-day/sainsburys-cream-cake-selection-x6-300g', "Sainsbury's Cream Cake Selection x6 300g", '£3.00', '£1.00 / 100g')
('https://www.sainsburys.co.uk/shop/gb/groceries/product/details/all-mothers-day/sainsburys-strawberry-jam-cream-doughnuts-2x63g', "Sainsbury's Strawberry Jam & Cream Doughnuts 2x63g", '£1.40', '£1.11 / 100g')
('https://www.sainsburys.co.uk/shop/gb/groceries/product/details/all-mothers-day/gü-sumptuous-salted-caramel-cheesecakes-2-x-92g', 'Gü Salted Caramel Cheesecake Desserts 2x92g', '£2.00', '£1.08 / 100g')
('https://www.sainsburys.co.uk/shop/gb/groceries/product/details/all-mothers-day/loreal-paris-revitalift-filler-renew-eye-cream-15ml', "L'Oreal Paris Revitalift Filler Renew Eye Cream 15ml", '£14.00', '£93.33 / 100ml')
('https://www.sainsburys.co.uk/shop/gb/groceries/product/details/all-mothers-day/lindt-lindor-mint-chocolate-limited-edition-200g', 'Lindt Lindor Mint Chocolate, Limited Edition 200g', '£4.00', '£2.00 / 100g')
('https://www.sainsburys.co.uk/shop/gb/groceries/product/details/all-mothers-day/sainsburys-butter-croissants-taste-the-difference-x4', "Sainsbury's Butter Croissants, Taste the Difference x4", '£1.75', '44p / ea')
('https://www.sainsburys.co.uk/shop/gb/groceries/product/details/all-mothers-day/fever-tree-refreshingly-light-mediterranean-tonic-water-500ml', 'Fever-Tree Refreshingly Light Mediterranean Tonic Water 500ml', '£1.80', '36p / 100ml')
('https://www.sainsburys.co.uk/shop/gb/groceries/product/details/all-mothers-day/rejuvenating-collagen-mask-23g', 'BeautyPro Rejuvenating Collagen Mask with Green Tea Extract 23g', '£3.00', '£13.04 / 100ml')
('https://www.sainsburys.co.uk/shop/gb/groceries/product/details/all-mothers-day/sainsburys-sencha-rose-green-loose-tea--taste-the-difference-100g', "Sainsbury's Sencha Rose Green Loose Leaf Tea, Taste the Difference 100g", '£3.00', '£3.00 / 100g')
('https://www.sainsburys.co.uk/shop/gb/groceries/product/details/all-mothers-day/super-facialist-vit-c-brighten-skin-renew-cleansing-oil-200ml', 'Super Facialist Vit C+ Brighten Skin Renew Cleansing Oil 200ml', '£11.00', '£5.50 / 100ml')
('https://www.sainsburys.co.uk/shop/gb/groceries/product/details/all-mothers-day/feather-down-sweet-dreams-all-purpose-sleep-balm-16g', 'Feather & Down Sweet Dreams All Purpose Sleep Balm 16g', '£4.50', '£4.50 / ea')
('https://www.sainsburys.co.uk/shop/gb/groceries/product/details/all-mothers-day/alpro-oat-unsweetened-drink-1l', 'Alpro Oat No Sugars Chilled Drink 1L', '£1.00', '£1.00 / ltr')
('https://www.sainsburys.co.uk/shop/gb/groceries/product/details/all-mothers-day/bruce-jack-pinotage-malbec-75cl', 'Bruce Jack Pinotage Malbec 75cl', '£5.75', '£5.75 / 75cl')
('https://www.sainsburys.co.uk/shop/gb/groceries/product/details/all-mothers-day/fever-tree-refreshingly-light-clementine-tonic-water-with-cinnamon-limited-edition-500ml', 'Fever-Tree Refreshingly Light Clementine Tonic Water with Cinnamon, Limited Edition 500ml', '£1.80', '36p / 100ml')
('https://www.sainsburys.co.uk/shop/gb/groceries/product/details/all-mothers-day/beautiful-mum-mothers-day-card', 'Beautiful Mum Mothers Day Card', '£2.00', '£2.00 / ea')
('https://www.sainsburys.co.uk/shop/gb/groceries/product/details/all-mothers-day/flavoured-gin-selection-gift-set-3x50ml', 'Flavoured Gin Selection Gift Set 3x50ml', '£8.00', '£8.00 / ea')
('https://www.sainsburys.co.uk/shop/gb/groceries/product/details/all-mothers-day/loreal-paris-revitalift-filler-renew-anti-ageing-night-cream-50ml', "L'Oreal Paris Revitalift Filler Renew Anti-Ageing Night Cream 50ml", '£14.00', '£28.00 / 100ml')
('https://www.sainsburys.co.uk/shop/gb/groceries/product/details/all-mothers-day/loreal-paris-revitalift-filler-renew-replumping-serum-16ml', "L'Oreal Paris Revitalift Filler Renew Replumping Serum 16ml", '£14.00', '£87.50 / 100ml')
('https://www.sainsburys.co.uk/shop/gb/groceries/product/details/all-mothers-day/jimmy-choo-blossom-eau-de-parfum-natural-spray-40ml', 'Jimmy Choo Blossom Eau de Parfum Natural Spray 40ml', '£30.00', '£75.00 / 100ml')
('https://www.sainsburys.co.uk/shop/gb/groceries/product/details/new-355373-44/aquavape-wild-berry-3mg', 'Aqua Vape Wild Berry E-Liquid 3mg 10ml', '£3.25', '33p / ml')
('https://www.sainsburys.co.uk/shop/gb/groceries/product/details/new-355373-44/escape-to-the-chateau-cup-saucer-set', 'Escape To The Chateau Cup & Saucer Set', '£10.00', '£10.00 / ea')
('https://www.sainsburys.co.uk/shop/gb/groceries/product/details/new-355373-44/harry-potter-pencil-case-138272164-p-44', 'Harry Potter Pencil Case', '£6.00', '£6.00 / ea')
('https://www.sainsburys.co.uk/shop/gb/groceries/product/details/new-355373-44/harry-potter-sorting-hat-pen-138271575-p-44', 'Harry Potter Sorting Hat Pen', '£4.00', '£4.00 / ea')
('https://www.sainsburys.co.uk/shop/gb/groceries/product/details/new-355373-44/home-3d-space-mug-colour-change', 'Home 3D Space Mug Colour Change', '£5.00', '£5.00 / ea')
('https://www.sainsburys.co.uk/shop/gb/groceries/product/details/new-355373-44/acacia-long-marble-chopboard', 'Acacia Long Marble Chopboard', '£18.00', '£18.00 / ea')
('https://www.sainsburys.co.uk/shop/gb/groceries/product/details/new-355373-44/baking-sprinkler-3-stencils', 'Baking Sprinkler & 3 Stencils', '£6.00', '£6.00 / ea')
('https://www.sainsburys.co.uk/shop/gb/groceries/product/details/new-355373-44/giraffe-soft-toy', 'Giraffe Soft Toy', '£8.00', '£8.00 / ea')
('https://www.sainsburys.co.uk/shop/gb/groceries/product/details/new-355373-44/message-in-a-matchbox', 'Message in a Matchbox', '£2.00', '£2.00 / ea')
('https://www.sainsburys.co.uk/shop/gb/groceries/product/details/new-355373-44/fashion-angel-bling-hairclips', 'Fashion Angel Bling Hairclips', '£15.00', '£15.00 / ea')
('https://www.sainsburys.co.uk/shop/gb/groceries/product/details/new-355373-44/fashion-angel-lip-gloss-rings', 'Fashion Angel Lip Gloss Rings', '£18.00', '£18.00 / ea')
('https://www.sainsburys.co.uk/shop/gb/groceries/product/details/new-355373-44/agate-coaster-assortment', 'Agate Coaster Assortment', '£5.00', '£5.00 / ea')
('https://www.sainsburys.co.uk/shop/gb/groceries/product/details/new-355373-44/mum-cushion-138002172-p-44', 'Mum Cushion', '£8.00', '£8.00 / ea')
('https://www.sainsburys.co.uk/shop/gb/groceries/product/details/new-355373-44/badge-mirror-assortment', 'Badge Mirror Assortment', '£1.50', '£1.50 / ea')
('https://www.sainsburys.co.uk/shop/gb/groceries/product/details/new-355373-44/mother-daughter-pom-keyring-set', 'Mother Daughter Pom Keyring Set', '£5.00', '£5.00 / ea')
('https://www.sainsburys.co.uk/shop/gb/groceries/product/details/new-355373-44/star-keyring', 'Star Keyring', '£2.50', '£2.50 / ea')
('https://www.sainsburys.co.uk/shop/gb/groceries/product/details/new-355373-44/24l-grey-recycled-box-with-lid', '24L Grey Recycled Box with Lid', '£7.00', '£7.00 / ea')
('https://www.sainsburys.co.uk/shop/gb/groceries/product/details/new-355373-44/hug-for-mum-mug', 'Hug for Mum Mug', '£4.50', '£4.50 / ea')
('https://www.sainsburys.co.uk/shop/gb/groceries/product/details/new-355373-44/gosh!-smokey-bbq-sweet-potato-bites-56g', 'Gosh! Smokey BBQ Sweet Potato Bites 56g', '£1.00', '£17.86 / kg')
('https://www.sainsburys.co.uk/shop/gb/groceries/product/details/new-355373-44/lime-breeze-pot-pourri', 'Lime Breeze Pot Pourri', '£5.00', '£5.00 / ea')
('https://www.sainsburys.co.uk/shop/gb/groceries/product/details/new-355373-44/whitley-neill-cracker-selection', 'Whitley Neill Gin Cracker Selection 70ml', '£18.00', '£60.00 / ltr')
('https://www.sainsburys.co.uk/shop/gb/groceries/product/details/new-355373-44/habitat-another-eden-linen-a6-notebook', 'Habitat Another Eden Linen A6 Notebook', '£3.00', '£3.00 / ea')
('https://www.sainsburys.co.uk/shop/gb/groceries/product/details/new-355373-44/boxed-coaster-s', 'Boxed Coaster "S"', '£3.00', '£3.00 / ea')
('https://www.sainsburys.co.uk/shop/gb/groceries/product/details/new-355373-44/boxed-coaster-l', 'Boxed Coaster "L"', '£3.00', '£3.00 / ea')
('https://www.sainsburys.co.uk/shop/gb/groceries/product/details/new-355373-44/sainsburys-home-oceana-ringbinder', "Sainsbury's Home Oceana Ringbinder", '£2.00', '£2.00 / ea')
('https://www.sainsburys.co.uk/shop/gb/groceries/product/details/new-355373-44/sainsburys-home-drury-lane-wooden-box-134573197-p', "Sainsbury's Home Drury Lane Wooden Box", '£12.00', '£12.00 / ea')
('https://www.sainsburys.co.uk/shop/gb/groceries/product/details/new-355373-44/sainsburys-home-retreat-nubuck-effect-pu-accessory-pouch-colour-may-vary-', "Sainsbury's Home Retreat Nubuck Effect PU Accessory Pouch (Colour may vary)", '£3.00', '£3.00 / ea')
('https://www.sainsburys.co.uk/shop/gb/groceries/product/details/new-355373-44/sainsburys-home-seafoam-texture-bath-mat--134560994-p', "Sainsbury's Home Seafoam Texture Bath Mat", '£12.00', '£12.00 / ea')
('https://www.sainsburys.co.uk/shop/gb/groceries/product/details/new-355373-44/sainsburys-home-double-app-photo-frame-4x6-134541267-p', "Sainsbury's Home Double App Photo Frame 4x6", '£14.00', '£14.00 / ea')
('https://www.sainsburys.co.uk/shop/gb/groceries/product/details/new-355373-44/sainsburys-home-wooden-trend-kitchen-roll-holder-134554797-p', "Sainsbury's Home Wooden Trend Kitchen Roll Holder", '£8.00', '£8.00 / ea')
('https://www.sainsburys.co.uk/shop/gb/groceries/product/details/new-355373-44/sainsburys-home-fridge-wine-holder-134549429-p', "Sainsbury's Home Fridge Wine Holder", '£3.50', '£3.50 / ea')
('https://www.sainsburys.co.uk/shop/gb/groceries/product/details/new-355373-44/sainsburys-home-fig-leaves-clip-top-jar-134537196-p', "Sainsbury's Home Fig Leaves Clip Top Jar", '£5.00', '£5.00 / ea')
('https://www.sainsburys.co.uk/shop/gb/groceries/product/details/new-355373-44/set-of-2-pillowcases-134489201-p', 'Set of 2 Pillowcases', '£8.00', '£8.00 / ea')
('https://www.sainsburys.co.uk/shop/gb/groceries/product/details/new-355373-44/extra-large-mug-134456839-p', 'Extra Large Mug', '£6.00', '£6.00 / ea')
('https://www.sainsburys.co.uk/shop/gb/groceries/product/details/new-355373-44/tetrion-all-purpose-filler-tub-1kg-134518374-p', 'Tetrion All Purpose Filler Tub 1kg', '£8.00', '£8.00 / ea')
('https://www.sainsburys.co.uk/shop/gb/groceries/product/details/new-355373-44/sainsburys-home-coastline-dinner-boxset-12pc-134517259-p', "Sainsbury's Home Coastline Dinner Boxset 12pc", '£44.00', '£44.00 / ea')
('https://www.sainsburys.co.uk/shop/gb/groceries/product/details/new-355373-44/sainsburys-home-drury-lane-milk-jug-134435430-p', "Sainsbury's Home Drury Lane Milk Jug", '£8.00', '£8.00 / ea')
('https://www.sainsburys.co.uk/shop/gb/groceries/product/details/new-355373-44/sainsburys-home-drury-lane-acacia---silicone-ladle-134512052-p', "Sainsbury's Home Drury Lane Acacia & Silicone Ladle", '£4.50', '£4.50 / ea')
('https://www.sainsburys.co.uk/shop/gb/groceries/product/details/new-355373-44/sainsburys-home-drury-lane-acacia---silicone-slotted-spoon-134512036-p', "Sainsbury's Home Drury Lane Acacia & Silicone Slotted Spoon", '£4.50', '£4.50 / ea')
('https://www.sainsburys.co.uk/shop/gb/groceries/product/details/new-355373-44/sainsburys-home-drury-lane-acacia---silicone-pastry-brush-134512010-p', "Sainsbury's Home Drury Lane Acacia & Silicone Pastry Brush", '£4.50', '£4.50 / ea')
('https://www.sainsburys.co.uk/shop/gb/groceries/product/details/new-355373-44/sainsburys-home-fig-leaves-oil-10ml-134494843-p', "Sainsbury's Home Fig Leaves Oil 10ml", '£3.00', '£3.00 / ea')
('https://www.sainsburys.co.uk/shop/gb/groceries/product/details/new-355373-44/ladybird-furry-notebook-134497690-p', 'Ladybird Furry Notebook', '£5.00', '£5.00 / ea')
('https://www.sainsburys.co.uk/shop/gb/groceries/product/details/new-355373-44/sainsburys-home-everyday-luxury-champagne-saucer-134493091-p', "Sainsbury's Home Everyday Luxury Champagne Saucer", '£3.50', '£3.50 / ea')
('https://www.sainsburys.co.uk/shop/gb/groceries/product/details/new-355373-44/sainsburys-home-cats-are-cool-mug-134435579-p', "Sainsbury's Home Cats Are Cool Mug", '£2.75', '£2.75 / ea')
('https://www.sainsburys.co.uk/shop/gb/groceries/product/details/new-355373-44/sainsburys-home-lets-hang-out-mug-134435472-p', "Sainsbury's Home Let's Hang Out Mug", '£2.75', '£2.75 / ea')
('https://www.sainsburys.co.uk/shop/gb/groceries/product/details/all-prepared-fruit--veg---salad/sainsburys-twin-pack-wild-rocket-2x40g', "Sainsbury's Twin Pack Wild Rocket 2x40g", '£1.25', '£1.56 / 100g')
('https://www.sainsburys.co.uk/shop/gb/groceries/product/details/all-prepared-fruit--veg---salad/sainsburys-5-a-day-platter-400g', "Sainsbury's 5 A Day Platter 400g", '£2.50', '£6.25 / kg')
('https://www.sainsburys.co.uk/shop/gb/groceries/product/details/all-prepared-fruit--veg---salad/sainsburys-soup-mix--vegetable-broth-500g-7652044-p-44', "Sainsbury's Soup Mix, Vegetable Broth 500g", '£1.25', '£2.50 / kg')
('https://www.sainsburys.co.uk/shop/gb/groceries/product/details/all-prepared-fruit--veg---salad/sainsburys-potato-dauphinoise--taste-the-difference-400g-6262770-p-44', "Sainsbury's Potato Dauphinoise, Taste the Difference 400g (Serves 2)", '£2.70', '£6.75 / kg')
('https://www.sainsburys.co.uk/shop/gb/groceries/product/details/all-prepared-fruit--veg---salad/sainsburys-sweet-piquillo-pepper-salad-bowl-150--taste-the-difference', "Sainsbury's Sweet Piquillo Pepper Salad Bowl, Taste the Difference 150g", '£2.50', '£1.67 / 100g')
('https://www.sainsburys.co.uk/shop/gb/groceries/product/details/all-prepared-fruit--veg---salad/sainsburys-watercress-twin-pack-2x35g', "Sainsbury's Watercress Baby Leaf Twin Pack 2x40g", '£1.00', '£1.43 / 100g')
('https://www.sainsburys.co.uk/shop/gb/groceries/product/details/all-prepared-fruit--veg---salad/steves-leaves-baby-watercress---little-leaves-60g', "Steve's Leaves Baby Watercress & Little Leaves 60g", '£1.30', '£2.17 / 100g')
('https://www.sainsburys.co.uk/shop/gb/groceries/product/details/all-prepared-fruit--veg---salad/sainsburys-melon-medley-400g', "Sainsbury's Melon Medley 380g", '£2.00', '£5.26 / kg')
('https://www.sainsburys.co.uk/shop/gb/groceries/product/details/all-prepared-fruit--veg---salad/sainsburys-melon---pineapple-fingers-240g', "Sainsbury's Melon & Pineapple Fingers 260g", '£2.00', '£7.69 / kg')
('https://www.sainsburys.co.uk/shop/gb/groceries/product/details/all-prepared-fruit--veg---salad/sainsburys-carrot--cauliflower---broccoli-240g', "Sainsbury's Carrot, Cauliflower & Broccoli 240g", '£1.00', '£4.17 / kg')
('https://www.sainsburys.co.uk/shop/gb/groceries/product/details/all-prepared-fruit--veg---salad/sainsburys-celery--nut---sultana-salad-300g', "Sainsbury's Fruit, Celery & Nut Salad 300g", '£1.40', '47p / 100g')
('https://www.sainsburys.co.uk/shop/gb/groceries/product/details/all-prepared-fruit--veg---salad/sainsburys-tender-green-medley-175g', "Sainsbury's Tender Green Medley 160g", '£1.50', '£9.38 / kg')
('https://www.sainsburys.co.uk/shop/gb/groceries/product/details/all-prepared-fruit--veg---salad/windwhistle-chopped-soup-vegetables-250g', 'Windwhistle Chopped Soup Vegetables 350g', '£1.00', '£2.86 / kg')
('https://www.sainsburys.co.uk/shop/gb/groceries/product/details/all-prepared-fruit--veg---salad/sainsburys-casserole-vegetable-selection-750g', "Sainsbury's Casserole Vegetable Selection 750g", '£1.00', '£1.33 / kg')
('https://www.sainsburys.co.uk/shop/gb/groceries/product/details/all-prepared-fruit--veg---salad/sainsburys-mashed-potato-400g', "Sainsbury's Mashed Potato 400g", '£1.00', '£2.50 / kg')
('https://www.sainsburys.co.uk/shop/gb/groceries/product/details/all-prepared-fruit--veg---salad/sainsburys-vegetable-selection-with-herb-butter-340g', "Sainsbury's Vegetable Selection With Herb Butter 340g (Serves 2)", '£2.25', '£6.62 / kg')
('https://www.sainsburys.co.uk/shop/gb/groceries/product/details/all-prepared-fruit--veg---salad/sainsburys-cauliflower-cheese-400g', "Sainsbury's Cauliflower Cheese 400g (Serves 2)", '£2.00', '£5.00 / kg')
('https://www.sainsburys.co.uk/shop/gb/groceries/product/details/all-prepared-fruit--veg---salad/sainsburys-mixed-vegetable-stir-fry-325g', "Sainsbury's Mixed Vegetable Stir Fry 325g", '£1.00', '31p / 100g')
('https://www.sainsburys.co.uk/shop/gb/groceries/product/details/all-prepared-fruit--veg---salad/sainsburys-edamame-stir-fry-300g', "Sainsbury's Edamame Stir Fry 300g", '£1.50', '50p / 100g')
('https://www.sainsburys.co.uk/shop/gb/groceries/product/details/all-prepared-fruit--veg---salad/fruit-for-the-senses-ready-to-enjoy-special-selection-mango-x2', 'Fruit for the Senses Ready to Enjoy Special Selection Mango x2', '£2.00', '£1.00 / ea')
('https://www.sainsburys.co.uk/shop/gb/groceries/product/details/all-prepared-fruit--veg---salad/the-greengrocers-iceberg-lettuce', "The Greengrocer's Iceberg Lettuce", '43p', '43p / ea')
('https://www.sainsburys.co.uk/shop/gb/groceries/product/details/ready-to-eat-fruit/sainsburys-melon-kiwi-strawberry-220g', "Sainsbury's Melon, Kiwi & Strawberry 220g", '£2.00', '£9.09 / kg')
('https://www.sainsburys.co.uk/shop/gb/groceries/product/details/ready-to-eat-fruit/sainsburys-classic-fruit-salad-on-the-go-150g', "Sainsbury's Classic Fruit Salad, On the Go 150g", '£1.00', '£6.67 / kg')
('https://www.sainsburys.co.uk/shop/gb/groceries/product/details/ready-to-eat-fruit/sainsburys-berry-fruit-salad-240g', "Sainsbury's Berry Fruit Salad 240g", '£2.00', '£8.33 / kg')
('https://www.sainsburys.co.uk/shop/gb/groceries/product/details/ready-to-eat-fruit/sainsburys-fruit-medley-160g', "Sainsbury's Fruit Medley 160g", '£1.25', '£7.81 / kg')
('https://www.sainsburys.co.uk/shop/gb/groceries/product/details/ready-to-eat-fruit/sainsburys-tropical-fruit-salad-160g', "Sainsbury's Tropical Fruit Salad 160g", '£1.25', '£7.81 / kg')
('https://www.sainsburys.co.uk/shop/gb/groceries/product/details/ready-to-eat-fruit/sainsburys-watermelon-400g', "Sainsbury's Watermelon 380g", '£2.00', '£5.26 / kg')
('https://www.sainsburys.co.uk/shop/gb/groceries/product/details/ready-to-eat-fruit/sainsburys-sb-sunshine-fruit-salad-240g', "Sainsbury's Sunshine Fruit Salad 240g", '£2.50', '£10.42 / kg')
('https://www.sainsburys.co.uk/shop/gb/groceries/product/details/ready-to-eat-fruit/sainsburys-mango-250g', "Sainsbury's Mango 250g", '£2.50', '£10.00 / kg')
('https://www.sainsburys.co.uk/shop/gb/groceries/product/details/ready-to-eat-fruit/sainsburys-mango-120g', "Sainsbury's Mango 120g", '£1.20', '£10.00 / kg')
('https://www.sainsburys.co.uk/shop/gb/groceries/product/details/ready-to-eat-fruit/sainsburys-coconut-80g', "Sainsbury's Coconut 80g", '£1.00', '£12.50 / kg')
('https://www.sainsburys.co.uk/shop/gb/groceries/product/details/ready-to-eat-fruit/sainsburys-pomegranate-250g', "Sainsbury's Pomegranate 250g", '£2.50', '£10.00 / kg')
('https://www.sainsburys.co.uk/shop/gb/groceries/product/details/ready-to-eat-fruit/sainsburys-melon-lolly-80g', "Sainsbury's Melon Lolly 80g", '40p', '£5.00 / kg')
('https://www.sainsburys.co.uk/shop/gb/groceries/product/details/ready-to-eat-fruit/sainsburys-melon-fridge-bag-500g', "Sainsbury's Melon Fridge Bag 500g", '£2.75', '£5.50 / kg')
('https://www.sainsburys.co.uk/shop/gb/groceries/product/details/ready-to-eat-fruit/sainsburys-pineapple-pieces-400g', "Sainsbury's Pineapple Pieces 400g", '£2.00', '£5.00 / kg')
('https://www.sainsburys.co.uk/shop/gb/groceries/product/details/ready-to-eat-fruit/sainsburys-limited-edition-mango-red-grape-speciality-apple-210g', "Sainsbury's Limited Edition Mango, Red Grape & Speciality Apple 210g", '£2.00', '77p / kg')
('https://www.sainsburys.co.uk/shop/gb/groceries/product/details/ready-to-eat-fruit/sainsburys-ftg-pink-lady-apple-grape-bag', "Sainsbury's On the Go Pink Lady Apple Slices & Grapes Meal Deal 80g", '60p', '£7.50 / kg')
('https://www.sainsburys.co.uk/shop/gb/groceries/product/details/ready-to-eat-fruit/sainsburys-blueberries-80g', "Sainsbury's Blueberries 80g", '£1.15', '£14.38 / kg')
('https://www.sainsburys.co.uk/shop/gb/groceries/product/details/ready-to-eat-fruit/sainsburys-sweet-snacking-blackberries-225g', "Sainsbury's Sweet Snacking Blackberries 225g", '£3.00', '£13.33 / kg')
('https://www.sainsburys.co.uk/shop/gb/groceries/product/details/ready-to-eat-fruit/sainsburys-melon---grape-160g', "Sainsbury's Melon & Grape 160g", '£1.00', '£6.25 / kg')
('https://www.sainsburys.co.uk/shop/gb/groceries/product/details/ready-to-eat-fruit/sainsburys-rainbow-fruit-salad-240g', "Sainsbury's Rainbow Fruit Salad 240g", '£2.00', '£8.33 / kg')
('https://www.sainsburys.co.uk/shop/gb/groceries/product/details/all-chilled-savoury-snacks/sainsburys-mini-beef-pasties-x10-300g', "Sainsbury's Share Beef Mini Pasties x10 300g", '£1.75', '58p / 100g')
('https://www.sainsburys.co.uk/shop/gb/groceries/product/details/chilled-pork-pies-/sainsburys-mini-pork-pie-selection-300g', "Sainsbury's Mini Pork Pie Selection 300g", '£2.40', '80p / 100g')
('https://www.sainsburys.co.uk/shop/gb/groceries/product/details/chilled-pork-pies-/vale-of-mowbray-family-pork-pie-440g', 'Vale Of Mowbray Family Pork Pie 440g', '£2.10', '48p / 100g')
('https://www.sainsburys.co.uk/shop/gb/groceries/product/details/chilled-pork-pies-/sainsburys-mini-melton-mowbray-pork-pies--taste-the-difference-x6-320g', "Sainsbury's Mini Melton Mowbray Pork Pies, Taste the Difference x6 300g", '£3.30', '£1.10 / 100g')
('https://www.sainsburys.co.uk/shop/gb/groceries/product/details/chilled-pork-pies-/sainsburys-pork---pickle-snack-pie-x2-130g', "Sainsbury's Pork & Pickle Snack Pie x2 130g", '£1.25', '96p / 100g')
('https://www.sainsburys.co.uk/shop/gb/groceries/product/details/chilled-pork-pies-/sainsburys-crusty-bake-snack-pork-pie-x4-260g', "Sainsbury's Snack Pork Pies x4 260g", '£1.75', '67p / 100g')
('https://www.sainsburys.co.uk/shop/gb/groceries/product/details/chilled-pork-pies-/sainsburys-60-piece-selection-pack-640g', "Sainsbury's Party Platter x60 640g", '£5.00', '78p / 100g')
('https://www.sainsburys.co.uk/shop/gb/groceries/product/details/chilled-pork-pies-/sainsburys-mini-pork---pickle-pork-pies-x6-300g', "Sainsbury's Pork & Pickle Pies Mini x6 300g", '£1.75', '59p / 100g')
('https://www.sainsburys.co.uk/shop/gb/groceries/product/details/chilled-pork-pies-/dickinson---morris-melton-mowbray-pork-pie-140g', 'Dickinson & Morris Melton Mowbray Pork Pie 140g', '£1.50', '£1.07 / 100g')
('https://www.sainsburys.co.uk/shop/gb/groceries/product/details/chilled-pork-pies-/sainsburys-crusty-bake-snack-pork-pies-x2-130g', "Sainsbury's Snack Pork Pies x2 130g", '£1.25', '96p / 100g')
('https://www.sainsburys.co.uk/shop/gb/groceries/product/details/chilled-pork-pies-/sainsburys-individual-melton-mowbray-pork-pie-140g', "Sainsbury's Individual Melton Mowbray Pork Pie 140g", '£1.30', '93p / 100g')
('https://www.sainsburys.co.uk/shop/gb/groceries/product/details/chilled-pork-pies-/pork-farms-2pk-snack-pork---pickle-130g', 'Pork Farms Snack Pork & Pickle Pie x2 130g', '£1.25', '96p / 100g')
('https://www.sainsburys.co.uk/shop/gb/groceries/product/details/chilled-pork-pies-/ginsters-2-mini-pork-pies-100g', 'Ginsters Mini Pork Pies x2 100g', '£1.10', '£1.10 / 100g')
('https://www.sainsburys.co.uk/shop/gb/groceries/product/details/chilled-olives-and-antipasti/sainsburys-sunsoaked-tomatoes--taste-the-difference-290g', "Sainsbury's Sunsoaked Tomatoes, Taste the Difference 290g", '£2.50', '86p / 100g')
('https://www.sainsburys.co.uk/shop/gb/groceries/product/details/chilled-olives-and-antipasti/sainsburys-iberico-bellota-selection--taste-the-difference-90g', "Sainsbury's Spanish Iberico Bellota Tapas Selection, Taste the Difference 90g", '£5.00', '£5.56 / 100g')
('https://www.sainsburys.co.uk/shop/gb/groceries/product/details/chilled-olives-and-antipasti/sainsburys-feta---spinach-parcels-x4', "Sainsbury's Feta & Spinach Parcels x4", '£2.50', '£1.79 / 100g')
('https://www.sainsburys.co.uk/shop/gb/groceries/product/details/chilled-olives-and-antipasti/sainsburys-olives---manchego-cheese-170g', "Sainsbury's Pimento Stuffed Olives with Manchego & Chilli 160g", '£2.40', '£1.50 / 100g')
('https://www.sainsburys.co.uk/shop/gb/groceries/product/details/chilled-olives-and-antipasti/sainsburys-queen-green-olives--lemon---corriander-180g', "Sainsbury's Queen Olives with Lemon & Herb 160g", '£2.40', '£1.50 / 100g')
('https://www.sainsburys.co.uk/shop/gb/groceries/product/details/chilled-olives-and-antipasti/sainsburys-double-stuffed-halkidiki-olives-with-jalapeño-garlic-taste-the-difference-160g', "Sainsbury's Double Stuffed Halkidiki Olives with Jalapeño & Garlic, Taste the Difference 160g", '£2.75', '£1.72 / 100g')
('https://www.sainsburys.co.uk/shop/gb/groceries/product/details/chilled-olives-and-antipasti/sainsburys-summer-edition-ricotta-stuffed-cherry-peppers-145g', "Sainsbury's Ricotta Stuffed Cherry Peppers 145g", '£2.50', '£1.72 / 100g')
('https://www.sainsburys.co.uk/shop/gb/groceries/product/details/chilled-olives-and-antipasti/sainsburys-herby-green-olives-cheddar-160g', "Sainsbury's Herby Green Olives & Cheddar 160g", '£2.40', '£1.50 / 100g')
('https://www.sainsburys.co.uk/shop/gb/groceries/product/details/chilled-olives-and-antipasti/sainsburys-stuffed-vine-leaves-summer-edition-180g', "Sainsbury's Stuffed Vine Leaves, Summer Edition 180g", '£3.00', '£1.67 / 100g')
('https://www.sainsburys.co.uk/shop/gb/groceries/product/details/chilled-olives-and-antipasti/sainsburys-continental-meat-cheese-selec-120g', "Sainsbury's Continental Meat & Cheese Selec 120g", '£1.75', '£1.46 / 100g')
('https://www.sainsburys.co.uk/shop/gb/groceries/product/details/chilled-olives-and-antipasti/great-food-tuscan-bites-300g', 'Great Food Tuscan Bites 300g', '£2.00', '66p / 100g')
('https://www.sainsburys.co.uk/shop/gb/groceries/product/details/chilled-olives-and-antipasti/sainsburys-harrissa-lamb-koftas-152g', "Sainsbury's Harrissa Lamb & Chicken Koftas x8 152g", '£2.50', '£1.64 / 100g')
('https://www.sainsburys.co.uk/shop/gb/groceries/product/details/chilled-olives-and-antipasti/sainsburys-herby-green-olives-sunsoaked-tomatoes-160g', "Sainsbury's Herby Green Olives & Sunsoaked Tomatoes 160g", '£2.40', '£1.50 / 100g')
('https://www.sainsburys.co.uk/shop/gb/groceries/product/details/chilled-olives-and-antipasti/sainsburys-manzanilla-garlic-herb-green-olives-160g', "Sainsbury's Manzanilla Garlic & Herb Green Olives 160g", '£2.40', '£1.50 / 100g')
('https://www.sainsburys.co.uk/shop/gb/groceries/product/details/chilled-olives-and-antipasti/sainsburys-antipasti-selection--taste-the-difference-105g', "Sainsbury's Italian Antipasto Selection, Taste the Difference 105g", '£3.25', '£3.10 / 100g')
('https://www.sainsburys.co.uk/shop/gb/groceries/product/details/chilled-olives-and-antipasti/sainsburys-german-sausage-selection-slices-100g', "Sainsbury's German Sausage Selection Slices x30 100g", '£1.25', '£1.25 / 100g')
('https://www.sainsburys.co.uk/shop/gb/groceries/product/details/chilled-olives-and-antipasti/sainsburys-italian-mixed-olives-with-sicilian-lemon-oil-taste-the-difference-160g', "Sainsbury's Italian Mixed Olives with Sicilian Lemon Oil, Taste the Difference 160g", '£2.75', '£1.72 / 100g')
('https://www.sainsburys.co.uk/shop/gb/groceries/product/details/chilled-olives-and-antipasti/sainsburys-zibello-antipasto-selection-taste-the-difference-120g', "Sainsbury's Zibello Antipasto Selection, Taste the Difference 120g", '£10.00', '£8.33 / 100g')
('https://www.sainsburys.co.uk/shop/gb/groceries/product/details/chilled-olives-and-antipasti/sainsburys-nocellera-olives-180g', "Sainsbury's Nocellara Olives 160g", '£2.40', '£1.50 / 100g')
('https://www.sainsburys.co.uk/shop/gb/groceries/product/details/chilled-olives-and-antipasti/sainsburys-black---green-olives-snack-pack-60g', "Sainsbury's Black & Green Olives Snack Pack 60g", '£1.00', '£1.67 / 100g')
('https://www.sainsburys.co.uk/shop/gb/groceries/product/details/chilled-olives-and-antipasti/sainsburys-trio-of-spanish-olives-300g', "Sainsbury's Trio Of Spanish Olives 300g", '£3.50', '£1.17 / 100g')
('https://www.sainsburys.co.uk/shop/gb/groceries/product/details/chilled-olives-and-antipasti/great-food-aromatic-moroccan-koftas-420g', 'Great Food Aromatic Moroccan Koftas 420g', '£3.20', '76p / 100g')
('https://www.sainsburys.co.uk/shop/gb/groceries/product/details/chilled-olives-and-antipasti/sainsburys-olive---antipasti-platter-300g', "Sainsbury's Olive & Antipasti Platter 300g", '£5.30', '£1.77 / 100g')
('https://www.sainsburys.co.uk/shop/gb/groceries/product/details/chilled-olives-and-antipasti/great-food-mint-quinoa---broad-bean-bites-300g', 'Great Food Mint Quinoa & Broad Bean Bites 300g', '£2.00', '66p / 100g')
('https://www.sainsburys.co.uk/shop/gb/groceries/product/details/chilled-olives-and-antipasti/sainsburys-semi-dried-tomato---mozzarella-200g', "Sainsbury's Semi Dried Cherry Tomatoes & Mozzarella 200g", '£3.00', '£1.50 / 100g')
('https://www.sainsburys.co.uk/shop/gb/groceries/product/details/plant-pioneers-44/plant-pioneers-smoky-vacon-rashers-88g', 'Plant Pioneers Smoky Vacon Rashers x8 88g', '£2.00', '£22.73 / kg')
('https://www.sainsburys.co.uk/shop/gb/groceries/product/details/plant-pioneers-44/plant-pioneer-vegan-snack-rolls-4x30g', 'Plant Pioneer Vegan Snack Rolls 4x30g', '£1.60', '£13.33 / kg')
('https://www.sainsburys.co.uk/shop/gb/groceries/product/details/plant-pioneers-44/sainsburys-peking-no-duck-jackfruit-150g', 'Plant Pioneers Peking No Duck Jackfruit 150g', '£1.50', '£10.00 / kg')
('https://www.sainsburys.co.uk/shop/gb/groceries/product/details/plant-pioneers-44/ultimate-plant-burgers-x2-210g', 'Plant Pioneers Ultimate Plant Burgers x2 210g', '£2.00', '£9.52 / kg')
('https://www.sainsburys.co.uk/shop/gb/groceries/product/details/plant-pioneers-44/sainsburys-love-your-veg!-the-smoky-jack-quarter-pounder-227g', "Plant Pioneers Smoky ‘Jack' Quarter Pounders 227g", '£2.50', '£11.01 / kg')
('https://www.sainsburys.co.uk/shop/gb/groceries/product/details/plant-pioneers-44/sainsburys-meat-free-burgers-x8-454g', 'Plant Pioneers Meat Free Burgers x8 454g', '£1.75', '£3.85 / kg')
('https://www.sainsburys.co.uk/shop/gb/groceries/product/details/plant-pioneers-44/plant-pioneers-vegan-gravy-300g', 'Plant Pioneers Vegan Gravy 300g', '£1.75', '£5.83 / kg')
('https://www.sainsburys.co.uk/shop/gb/groceries/product/details/plant-pioneers-44/plant-pioneer-fishless-fingers-210g', 'Plant Pioneer Fishless Fingers 210g', '£2.75', '£13.10 / kg')
('https://www.sainsburys.co.uk/shop/gb/groceries/product/details/plant-pioneers-44/sainsburys-vegetarian-mince-500g', 'Plant Pioneers Meat Free Mince 500g', '£1.75', '£3.50 / kg')
('https://www.sainsburys.co.uk/shop/gb/groceries/product/details/plant-pioneers-44/plant-pioneer-vegan-fish-chips-200g', 'Plant Pioneer Vegan Fish & Chips 200g', '£4.00', '£20.00 / kg')
('https://www.sainsburys.co.uk/shop/gb/groceries/product/details/plant-pioneers-44/plant-pioneer-vegan-jumbo-roll-145g', 'Plant Pioneer Vegan Jumbo Roll 145g', '£1.25', '£8.62 / kg')
('https://www.sainsburys.co.uk/shop/gb/groceries/product/details/plant-pioneers-44/sainsburys-vegan-sage-onion-stuffing-balls-270g', "Sainsbury's 12 Sage & Onion Vegan Stuffing Balls 270g", '£2.50', '£9.26 / kg')
('https://www.sainsburys.co.uk/shop/gb/groceries/product/details/plant-pioneers-44/sainsburys-shroomdogs-mash-400g', 'Plant Pioneers Shroomdogs & Mash 400g', '£2.75', '£6.88 / kg')
('https://www.sainsburys.co.uk/shop/gb/groceries/product/details/plant-pioneers-44/sainsburys-vegan-no-beef-wellington-taste-the-difference-520g', 'Plant Pioneers No Beef Wellington 520g', '£6.00', '£11.54 / kg')
('https://www.sainsburys.co.uk/shop/gb/groceries/product/details/plant-pioneers-44/plant-pioneers-vegan-shroomballs-240g', 'Plant Pioneers Shroomballs', '£2.50', '£10.42 / kg')
('https://www.sainsburys.co.uk/shop/gb/groceries/product/details/plant-pioneers-44/sainsburys-vegetarian-chicken-nuggets-320g', 'Plant Pioneers Meat Free Chicken Style Nuggets 320g', '£1.75', '£5.47 / kg')
('https://www.sainsburys.co.uk/shop/gb/groceries/product/details/plant-pioneers-44/sainsburys-no-prawns-tempura-160g', 'Plant Pioneers No Prawns Tempura 160g', '£3.00', '£18.75 / kg')
('https://www.sainsburys.co.uk/shop/gb/groceries/product/details/plant-pioneers-44/nomo-standard-advent-96g', 'Nomo Vegan & Free From Advent Calendar 96g', '10p', '10p / 100g')
('https://www.sainsburys.co.uk/shop/gb/groceries/product/details/plant-pioneers-44/plant-pioneer-southern-fried-bites-200g', 'Plant Pioneers Southern Fried Bites 200g', '£2.50', '£2.50 / kg')
('https://www.sainsburys.co.uk/shop/gb/groceries/product/details/plant-pioneers-44/plant-pioneers-mexican-style-jackfruit-150g', 'Plant Pioneers Mexican Style Jackfruit 150g', '£1.50', '£10.00 / kg')
('https://www.sainsburys.co.uk/shop/gb/groceries/product/details/plant-pioneers-44/plant-pioneers-2-vegan-steaks-226g', 'Plant Pioneers Vegan Steaks x2 227g', '£2.75', '£12.12 / kg')
('https://www.sainsburys.co.uk/shop/gb/groceries/product/details/plant-pioneers-44/sainsburys-shroomballs-spaghetti-400g', 'Plant Pioneers Shroomballs & Spaghetti 400g', '£2.75', '£6.88 / kg')
('https://www.sainsburys.co.uk/shop/gb/groceries/product/details/plant-pioneers-44/sainsburys-love-your-veg!-chorizo-style-shroomdogs-280g', 'Plant Pioneers Chorizo Shroomdogs x8 280g', '£2.25', '£8.04 / kg')
('https://www.sainsburys.co.uk/shop/gb/groceries/product/details/plant-pioneers-44/sainsburys-vegetarian-mini-sausage-rolls-494g', 'Plant Pioneers Meat Free Mini Sausage Rolls 494g', '£1.75', '£3.54 / kg')
('https://www.sainsburys.co.uk/shop/gb/groceries/product/details/plant-pioneers-44/sainsburys-meatfree-meat-balls-380g', 'Plant Pioneers Meat Free Meatballs 380g', '£1.75', '£4.61 / kg')
('https://www.sainsburys.co.uk/shop/gb/groceries/product/details/plant-pioneers-44/plant-pioneers-chocolate-caramel-star-450g', 'Plant Pioneers Chocolate & Caramel Star 450g', '£2.40', '53p / 100g')
('https://www.sainsburys.co.uk/shop/gb/groceries/product/details/about-future-brands/tonys-chocolonely-milk-chocolate-caramel-sea-salt-180g', "Tony's Chocolonely Milk Chocolate Caramel Sea Salt 180g", '£2.75', '£1.52 / 100g')
('https://www.sainsburys.co.uk/shop/gb/groceries/product/details/about-future-brands/nice-pale-rosé-25cl', 'Nice Pale Rosé 25cl', '£2.65', '£7.95 / 75cl')
('https://www.sainsburys.co.uk/shop/gb/groceries/product/details/about-future-brands/kevita-master-brew-kombucha-tart-cherry-flavour-450ml', 'KeVita Master Brew Kombucha Tart Cherry Flavour 450ml', '£3.00', '67p / 100ml')
('https://www.sainsburys.co.uk/shop/gb/groceries/product/details/about-future-brands/tariq-halal-fresh-grade-a-chicken-drumsticks-thighs-1kg', 'Tariq Halal Fresh Grade A Chicken Drumsticks & Thighs 1kg', '£3.00', '£3.00 / kg')
('https://www.sainsburys.co.uk/shop/gb/groceries/product/details/about-future-brands/no1-kombucha-ginger-turmeric-275ml', 'No.1 Kombucha Ginger & Turmeric 275ml', '£1.50', '55p / 100ml')
('https://www.sainsburys.co.uk/shop/gb/groceries/product/details/about-future-brands/phil-smith-detangling-paddle-brush', 'Phil Smith Be Gorgeous Smooth It Out Detangling Paddle Brush', '£5.00', '£5.00 / ea')
('https://www.sainsburys.co.uk/shop/gb/groceries/product/details/about-future-brands/rxbar-chocolate-sea-salt-protein-bar-52g', 'RXBAR Chocolate Sea Salt Protein Bar 52g', '£2.50', '£4.81 / 100g')
('https://www.sainsburys.co.uk/shop/gb/groceries/product/details/about-future-brands/nimble-sticky-stopper-antibac-cleaner', 'Nimble Sticky Stopper Antibacterial Cleaner Spray 250ml', '£3.00', '£1.20 / 100ml')
('https://www.sainsburys.co.uk/shop/gb/groceries/product/details/about-future-brands/sauce-shop-tomato-ketchup-255g', 'Sauce Shop Tomato Ketchup 255g', '£2.50', '98p / 100g')
('https://www.sainsburys.co.uk/shop/gb/groceries/product/details/about-future-brands/goatsbridge-eat-trout-pate-125g', 'Goatsbridge Eat Trout Pate 125g', '£2.50', '£2.00 / 100g')
('https://www.sainsburys.co.uk/shop/gb/groceries/product/details/about-future-brands/huel-ready-to-drink-vanilla-flavour-500ml', 'Huel Ready-to-drink Vanilla Flavour 500ml', '£3.50', '£7.00 / ltr')
('https://www.sainsburys.co.uk/shop/gb/groceries/product/details/about-future-brands/eco-warrier-shampoo-bar-100g', 'Eco Warrior Deeply Nourishing Shampoo Bar Orange & Ginger Essential Oils 100g', '£3.00', '£3.00 / 100g')
('https://www.sainsburys.co.uk/shop/gb/groceries/product/details/about-future-brands/smith-england-boost-lasting-volume-shampoo-250ml-7952350-p', 'Smith England Boost Lasting Volume Shampoo 250ml', '£8.00', '£3.20 / 100ml')
('https://www.sainsburys.co.uk/shop/gb/groceries/product/details/about-future-brands/union-hand-roasted-coffee-house-roast-cafetière-grind-200g', 'Union Hand-Roasted Coffee House Roast Cafetière Grind 200g', '£5.00', '£2.50 / 100g')
('https://www.sainsburys.co.uk/shop/gb/groceries/product/details/about-future-brands/yoni-organic-cotton-pads-normal-x10', 'Yoni Organic Cotton Sanitary Towels Medium With Wings x10', '£3.50', '35p / ea')
('https://www.sainsburys.co.uk/shop/gb/groceries/product/details/about-future-brands/landric-champagne-brut-75cl', 'Landric Champagne Brut 75cl', '£20.00', '£20.00 / 75cl')
('https://www.sainsburys.co.uk/shop/gb/groceries/product/details/price-lock-food-cupboard/ambrosia-devon-custard-pots-4x125g', 'Ambrosia Custard Pots 4x125g', '£1.50', '30p / 100g')
('https://www.sainsburys.co.uk/shop/gb/groceries/product/details/price-lock-food-cupboard/carousel-ice-cream-wafers--oyster-delights-x6', 'Carousel Ice Cream Oyster Delight Wafers x6', '£1.20', '£1.00 / 100g')
('https://www.sainsburys.co.uk/shop/gb/groceries/product/details/price-lock-food-cupboard/ambrosia-devon-custard--low-fat-400g', 'Ambrosia Low Fat Custard Can 400g', '75p', '19p / 100g')
('https://www.sainsburys.co.uk/shop/gb/groceries/product/details/price-lock-food-cupboard/ambrosia-devon-custard--can-400g', 'Ambrosia Custard Can 400g', '75p', '19p / 100g')
('https://www.sainsburys.co.uk/shop/gb/groceries/product/details/price-lock-food-cupboard/sainsburys-instant-mashed-potato-432g', "Sainsbury's Instant Mashed Potato 440g", '£1.10', '£2.50 / kg')
('https://www.sainsburys.co.uk/shop/gb/groceries/product/details/price-lock-food-cupboard/sainsburys-chopped-pork-with-ham-200g', "Sainsbury's Chopped Pork With Ham 200g", '£1.15', '58p / 100g')
('https://www.sainsburys.co.uk/shop/gb/groceries/product/details/price-lock-food-cupboard/sainsburys-mild-chip-shop-chicken-curry-400g', "Sainsbury's Chip Shop Chicken Curry, Mild 400g", '£1.50', '£3.75 / kg')
('https://www.sainsburys.co.uk/shop/gb/groceries/product/details/price-lock-food-cupboard/sainsburys-lean-ham--pearshaped-340g', "Sainsbury's Lean Ham, Can 340g", '£2.25', '66p / 100g')
('https://www.sainsburys.co.uk/shop/gb/groceries/product/details/price-lock-food-cupboard/sainsburys-white-mini-mallows-180g', "Sainsbury's Mini White Mallows 180g", '£1.20', '67p / 100g')
('https://www.sainsburys.co.uk/shop/gb/groceries/product/details/price-lock-food-cupboard/betty-crocker-cream-cheese-frosting-425g', 'Betty Crocker Rich Cream Cheese Style Icing 400g', '£2.00', '50p / 100g')
('https://www.sainsburys.co.uk/shop/gb/groceries/product/details/price-lock-food-cupboard/sainsburys-silver-balls-78g', "Sainsbury's Cake Decorations, Silver Balls", '£1.10', '£1.41 / 100g')
('https://www.sainsburys.co.uk/shop/gb/groceries/product/details/price-lock-food-cupboard/cadbury-eclairs-180g', 'Cadbury Chocolate Eclairs Bag 166g', '£1.00', '60p / 100g')
('https://www.sainsburys.co.uk/shop/gb/groceries/product/details/price-lock-food-cupboard/heinz-classics--carrot---coriander-400g', 'Heinz Classics, Carrot & Coriander 400g', '80p', '20p / 100g')
('https://www.sainsburys.co.uk/shop/gb/groceries/product/details/price-lock-food-cupboard/sainsburys-honey--squeezy-340g', "Sainsbury's Runny Honey 340g", '£1.80', '53p / 100g')
('https://www.sainsburys.co.uk/shop/gb/groceries/product/details/price-lock-food-cupboard/sainsburys-tomato-ketchup-460g', "Sainsbury's Tomato Ketchup 460g", '55p', '12p / 100g')
('https://www.sainsburys.co.uk/shop/gb/groceries/product/details/price-lock-food-cupboard/dole-peaches-in-juice-4x113g', 'Dole Peaches In Juice 4x113g', '£2.00', '77p / 100g')
('https://www.sainsburys.co.uk/shop/gb/groceries/product/details/price-lock-food-cupboard/colmans-horseradish-sauce-136g', "Colman's Horseradish Sauce 136g", '£1.00', '74p / 100g')
('https://www.sainsburys.co.uk/shop/gb/groceries/product/details/price-lock-food-cupboard/sainsburys-tomato---hidden-veg-pasta-sauce-500g', "Sainsbury's Tomato & Hidden Veg Pasta Sauce 500g", '65p', '13p / 100g')
('https://www.sainsburys.co.uk/shop/gb/groceries/product/details/price-lock-food-cupboard/sainsburys-raita-200g', "Sainsbury's Cooling Raita 190g", '£1.00', '53p / 100g')
('https://www.sainsburys.co.uk/shop/gb/groceries/product/details/price-lock-food-cupboard/angel-delight-dessert-pot--butterscotch-70g', 'Angel Delight Dessert Pot, Butterscotch 70g', '50p', '50p / 100g')
('https://www.sainsburys.co.uk/shop/gb/groceries/product/details/price-lock-food-cupboard/sainsburys-milk-chocolate-rice-cakes-4x3575g', "Sainsbury's Milk Chocolate Rice Cakes 4x35.75g", '£1.30', '87p / 100g')
('https://www.sainsburys.co.uk/shop/gb/groceries/product/details/price-lock-food-cupboard/bisto-chicken-gravy-granules-350g', 'Bisto Chicken Gravy Granules 350g', '£2.00', '57p / 100g')
('https://www.sainsburys.co.uk/shop/gb/groceries/product/details/price-lock-food-cupboard/sainsburys-poppadoms-100g', "Sainsbury's Mini Poppadoms 100g", '£1.20', '£1.20 / 100g')
('https://www.sainsburys.co.uk/shop/gb/groceries/product/details/price-lock-food-cupboard/heinz-minestrone-soup-4x400g', 'Heinz Minestrone Soup 4x400g', '£2.50', '16p / 100g')
('https://www.sainsburys.co.uk/shop/gb/groceries/product/details/price-lock-food-cupboard/sainsburys-golden-syrup-700ml', "Sainsbury's Golden Syrup 700g", '£1.25', '18p / 100g')
('https://www.sainsburys.co.uk/shop/gb/groceries/product/details/price-lock-food-cupboard/pot-noodle-king-original-curry-114g', 'Pot Noodle King Original Curry 114g', '90p', '£7.89 / kg')
('https://www.sainsburys.co.uk/shop/gb/groceries/product/details/price-lock-food-cupboard/betty-crocker-lemon-icing-400g', 'Betty Crocker Zesty Lemon Icing 400g', '£2.00', '50p / 100g')
('https://www.sainsburys.co.uk/shop/gb/groceries/product/details/price-lock-food-cupboard/betty-crocker-zesty-lemon-cake-mix-425g', 'Betty Crocker Zesty Lemon Cake Mix 425g', '£2.00', '47p / 100g')
('https://www.sainsburys.co.uk/shop/gb/groceries/product/details/price-lock-food-cupboard/betty-crocker-tempting-chocolate-cake-mix-425g', 'Betty Crocker Tempting Chocolate Cake Mix 425g', '£2.00', '47p / 100g')
('https://www.sainsburys.co.uk/shop/gb/groceries/product/details/price-lock-food-cupboard/betty-crocker-moreish-carrot-cake-mix-425g', 'Betty Crocker Country Carrot Cake Mix 425g', '£2.00', '47p / 100g')
('https://www.sainsburys.co.uk/shop/gb/groceries/product/details/price-lock-food-cupboard/maynards-wine-gums-red-n-blacks-sweets-bag-165g', "Maynards Bassetts Wine Gums Red n' Blacks Sweets Bag 165g", '£1.00', '61p / 100g')
('https://www.sainsburys.co.uk/shop/gb/groceries/product/details/price-lock-food-cupboard/puck-processed-cheese-spread-240g', 'Puck Processed Cheese Spread 240g', '£1.50', '63p / 100g')
('https://www.sainsburys.co.uk/shop/gb/groceries/product/details/price-lock-food-cupboard/the-natural-confectionery-co-jelly-snakes-sweets-160g', 'The Natural Confectionery Co. Jelly Snakes Sweets Bag 160g', '£1.00', '63p / 100g')
('https://www.sainsburys.co.uk/shop/gb/groceries/product/details/price-lock-food-cupboard/sainsburys-tuna-chunks-in-olive-oil-160g', "Sainsbury's Tuna Chunks In Olive Oil 160g", '£1.10', '92p / 100g')
('https://www.sainsburys.co.uk/shop/gb/groceries/product/details/price-lock-food-cupboard/sainsburys-arrowroot-80g', "Sainsbury's Arrowroot 80g", '90p', '£11.25 / kg')
('https://www.sainsburys.co.uk/shop/gb/groceries/product/details/price-lock-food-cupboard/sainsburys-lentil---bacon-soup-400g', "Sainsbury's Lentil & Bacon Soup 400g", '45p', '11p / 100g')
('https://www.sainsburys.co.uk/shop/gb/groceries/product/details/price-lock-food-cupboard/sainsburys-fairtrade-caster-sugar-1kg-7713049-p-44', "Sainsbury's Fairtrade White Caster Sugar 1kg", '£1.80', '£1.80 / kg')
('https://www.sainsburys.co.uk/shop/gb/groceries/product/details/price-lock-food-cupboard/old-el-paso-wholewheat-tortillas-360g', 'Old El Paso Regular Soft Whole Wheat Tortilla Wraps x8 326g', '£1.50', '46p / 100g')
('https://www.sainsburys.co.uk/shop/gb/groceries/product/details/price-lock-food-cupboard/ambrosia-my-mini-custard-x6-55g', 'Ambrosia Custard Mini Pots 6x55g', '£1.50', '45p / 100g')
('https://www.sainsburys.co.uk/shop/gb/groceries/product/details/price-lock-food-cupboard/sainsburys-cake-decorations-jelly-diamonds-55g', "Sainsbury's Cake Decorations Jelly Diamonds 55g", '£1.10', '£2.00 / 100g')
('https://www.sainsburys.co.uk/shop/gb/groceries/product/details/price-lock-food-cupboard/sainsburys-plum-jam-454g', "Sainsbury's Plum Jam 454g", '75p', '17p / 100g')
('https://www.sainsburys.co.uk/shop/gb/groceries/product/details/price-lock-food-cupboard/natco-curry-powder-100g', 'Natco Curry Powder 100g', '80p', '8p / 10g')
('https://www.sainsburys.co.uk/shop/gb/groceries/product/details/price-lock-food-cupboard/natco-paprika-powder-100g', 'Natco Paprika Powder 100g', '80p', '8p / 10g')
('https://www.sainsburys.co.uk/shop/gb/groceries/product/details/speciality-and-continental-cheeses/sainsburys-french-comte--taste-the-difference-200g', "Sainsbury's French Comté Cheese, Taste the Difference 200g", '£3.00', '£15.00 / kg')
('https://www.sainsburys.co.uk/shop/gb/groceries/product/details/speciality-and-continental-cheeses/sainsburys-gouda-265g', "Sainsbury's Gouda Cheese 265g", '£2.05', '£7.74 / kg')
('https://www.sainsburys.co.uk/shop/gb/groceries/product/details/speciality-and-continental-cheeses/sainsburys-roule-125g', "Sainsbury's Roule Cheese 125g", '£1.75', '£14.00 / kg')
('https://www.sainsburys.co.uk/shop/gb/groceries/product/details/speciality-and-continental-cheeses/luxury-highland-crowdie-140g', 'Highland Fine Cheeses Skinny Crowdie Soft Cheese 140g', '£1.70', '£12.14 / kg')
('https://www.sainsburys.co.uk/shop/gb/groceries/product/details/speciality-and-continental-cheeses/sainsburys-somerset-goats-cheese-100g', "Sainsbury's Somerset Goats Cheese 100g", '£1.75', '£17.50 / kg')
('https://www.sainsburys.co.uk/shop/gb/groceries/product/details/speciality-and-continental-cheeses/coeur-de-lion-pie-dangloys-cheese-200g', "Pie d'Angloys Cheese 200g", '£1.75', '£8.75 / kg')
('https://www.sainsburys.co.uk/shop/gb/groceries/product/details/speciality-and-continental-cheeses/castelli-parmigiano-reggiano-125g', 'Castelli Parmigiano Reggiano 125g', '£3.05', '£24.40 / kg')
('https://www.sainsburys.co.uk/shop/gb/groceries/product/details/speciality-and-continental-cheeses/spar-wensleydale-cheese-with-cranberries-180g', 'SPAR Wensleydale Cheese with Cranberries 180g', '£2.89', '£16.06 / kg')
('https://www.sainsburys.co.uk/shop/gb/groceries/product/details/speciality-and-continental-cheeses/danablu-danish-blue-cheese-100g', 'Danablu Danish Blue Cheese 100g', '£2.80', '£2.80 / 100g')
('https://www.sainsburys.co.uk/shop/gb/groceries/product/details/speciality-and-continental-cheeses/sainsburys-baking-cam--red-onion-relish--taste-the-difference-290g', "Sainsbury's Baking Camembert & Onion Relish 280g", '£2.60', '£9.29 / kg')
('https://www.sainsburys.co.uk/shop/gb/groceries/product/details/speciality-and-continental-cheeses/sainsburys-blue-stilton-220g', "Sainsbury's Blue Stilton Cheese 220g", '£1.90', '£8.64 / kg')
('https://www.sainsburys.co.uk/shop/gb/groceries/product/details/speciality-and-continental-cheeses/savera-paneer-225g', 'Apetina Paneer Cheese 225g', '£1.55', '£6.89 / kg')
('https://www.sainsburys.co.uk/shop/gb/groceries/product/details/speciality-and-continental-cheeses/sainsburys-morbier--taste-the-difference-200g', "Sainsbury's Morbier Cheese, Taste the Difference 200g", '£3.00', '£15.00 / kg')
('https://www.sainsburys.co.uk/shop/gb/groceries/product/details/speciality-and-continental-cheeses/sainsburys-somerset-brie-230g', "Sainsbury's Somerset Brie Cheese 230g", '£2.05', '£8.91 / kg')
('https://www.sainsburys.co.uk/shop/gb/groceries/product/details/speciality-and-continental-cheeses/sainsburys-vintage-gouda--taste-the-difference-180g', "Sainsbury's Vintage Gouda Cheese, Taste the Difference 180g", '£3.00', '£16.67 / kg')
('https://www.sainsburys.co.uk/shop/gb/groceries/product/details/speciality-and-continental-cheeses/sainsburys-cypriot-halloumi-250g', "Sainsbury's Cypriot Halloumi Cheese 225g", '£2.30', '£10.22 / kg')
('https://www.sainsburys.co.uk/shop/gb/groceries/product/details/speciality-and-continental-cheeses/sainsburys-parmigiano-reggiano--taste-the-difference-200g', "Sainsbury's Parmigiano Reggiano Cheese, Taste the Difference 200g", '£4.00', '£20.00 / kg')
('https://www.sainsburys.co.uk/shop/gb/groceries/product/details/speciality-and-continental-cheeses/sainsburys-shaved-parmesan-80g', "Sainsbury's Shaved Parmesan Cheese 80g", '£1.70', '£21.25 / kg')
('https://www.sainsburys.co.uk/shop/gb/groceries/product/details/speciality-and-continental-cheeses/ilchester-vegan-festive-selection-400g', 'Ilchester Vegan Festive Selection 400g', '60p', '15p / 100g')
('https://www.sainsburys.co.uk/shop/gb/groceries/product/details/speciality-and-continental-cheeses/sainsburys-epoisses-cheese--taste-the-difference-125g', "Sainsbury's Epoisses Cheese, Taste the Difference 125g", '£3.00', '£24.00 / kg')
('https://www.sainsburys.co.uk/shop/gb/groceries/product/details/speciality-and-continental-cheeses/castello-extra-creamy-brie-cheese-200g', 'Castello Extra Creamy Brie 200g', '£1.50', '£7.50 / kg')
('https://www.sainsburys.co.uk/shop/gb/groceries/product/details/speciality-and-continental-cheeses/sainsburys-breaded-camembert--taste-the-difference-x2-200g', "Sainsbury's Breaded Camembert Cheese, Taste the Difference x2 200g", '£2.50', '£12.50 / kg')
('https://www.sainsburys.co.uk/shop/gb/groceries/product/details/speciality-and-continental-cheeses/sainsburys-grated-parmesan--taste-the-difference-60g', "Sainsbury's Grated Parmesan Cheese, Taste the Difference 60g", '£1.85', '£30.83 / kg')
('https://www.sainsburys.co.uk/shop/gb/groceries/product/details/speciality-and-continental-cheeses/sainsburys-grana-padano-riserva--taste-the-difference-150g', "Sainsbury's Grana Padano Riserva Cheese, Taste the Difference 150g", '£2.80', '£18.67 / kg')
('https://www.sainsburys.co.uk/shop/gb/groceries/product/details/speciality-and-continental-cheeses/sainsburys-parlick-fell-hard-sheeps-cheese-150g', "Sainsbury's Parlick Fell Hard Sheep's Cheese 150g", '£2.55', '£17.00 / kg')
('https://www.sainsburys.co.uk/shop/gb/groceries/product/details/speciality-and-continental-cheeses/saint-agur-cheese-150g', 'Saint Agur Blue Cheese 150g', '£2.35', '£15.67 / kg')
('https://www.sainsburys.co.uk/shop/gb/groceries/product/details/speciality-and-continental-cheeses/sainsburys-light-cypriot-halloumi-225g', "Sainsbury's Light Cypriot Halloumi Cheese 225g", '£2.30', '£10.22 / kg')
('https://www.sainsburys.co.uk/shop/gb/groceries/product/details/speciality-and-continental-cheeses/sainsburys-pecorino-romano-170g', "Sainsbury's Pecorino Romano Cheese 170g", '£2.55', '£15.00 / kg')
('https://www.sainsburys.co.uk/shop/gb/groceries/product/details/speciality-and-continental-cheeses/attis-greek-feta-200g', 'Attis Greek Feta Cheese 200g', '£2.05', '£10.25 / kg')
('https://www.sainsburys.co.uk/shop/gb/groceries/product/details/snacking-and-lunchbox-cheeses/primula-cheese-spread--with-ham--tube-150g', 'Primula Cheese with Ham 150g', '£1.55', '£10.33 / kg')
('https://www.sainsburys.co.uk/shop/gb/groceries/product/details/snacking-and-lunchbox-cheeses/mini-babybel-light-6-x-20g', 'Mini Babybel Light Cheese Snacks 6x20g', '£1.00', '£8.33 / kg')
('https://www.sainsburys.co.uk/shop/gb/groceries/product/details/snacking-and-lunchbox-cheeses/sainsburys-mini-cheese-bites-120g', "Sainsbury's Mini Cheese Bites x6 120g", '£1.30', '£10.83 / kg')
('https://www.sainsburys.co.uk/shop/gb/groceries/product/details/snacking-and-lunchbox-cheeses/sainsburys-breaded-camembert--taste-the-difference-x2-200g', "Sainsbury's Breaded Camembert Cheese, Taste the Difference x2 200g", '£2.50', '£12.50 / kg')
('https://www.sainsburys.co.uk/shop/gb/groceries/product/details/snacking-and-lunchbox-cheeses/dairylea-dunkers-jumbo-47g', 'Dairylea Cheese Dunkers Jumbo 43g', '60p', '£12.77 / kg')
('https://www.sainsburys.co.uk/shop/gb/groceries/product/details/snacking-and-lunchbox-cheeses/sainsburys-cheese-singles-x10-200g', "Sainsbury's Cheesy Slices x10 200g", '95p', '£4.75 / kg')
('https://www.sainsburys.co.uk/shop/gb/groceries/product/details/snacking-and-lunchbox-cheeses/primula-cheese-spread--with-shrimp--tube-150g', 'Primula Cheese with Prawns 150g', '£1.55', '£10.33 / kg')
('https://www.sainsburys.co.uk/shop/gb/groceries/product/details/snacking-and-lunchbox-cheeses/primula-cheese-spread--with-chives--tube-150g', 'Primula Cheese with Chives 150g', '£1.55', '£10.33 / kg')
('https://www.sainsburys.co.uk/shop/gb/groceries/product/details/snacking-and-lunchbox-cheeses/dairylea-dunkers-jumbo-6x45g', 'Dairylea Dunkers Jumbo 6x45g', '£3.30', '£12.22 / kg')
('https://www.sainsburys.co.uk/shop/gb/groceries/product/details/snacking-and-lunchbox-cheeses/mini-babybel-5-organic-x-20g', 'Mini Babybel Organic Cheese Snacks 5x20g', '£1.00', '£10.00 / kg')
('https://www.sainsburys.co.uk/shop/gb/groceries/product/details/egg-free-food/sainsburys-free-from-white-tortilla-wrap-x4', "Sainsbury's Free From White Tortilla Wrap x4", '£1.80', '£1.13 / 100g')
('https://www.sainsburys.co.uk/shop/gb/groceries/product/details/egg-free-food/tofurky-italian-sausage-with-sun-dried-tomatoes-and-basil-250g-x4', 'Tofurky Italian Sausage with Sun-Dried Tomatoes and Basil 250g x4', '£3.50', '£14.00 / kg')
('https://www.sainsburys.co.uk/shop/gb/groceries/product/details/egg-free-food/tofurky-hickory-smoke-flavour-turkey-style-deli-slices-156g', 'Tofurky Hickory Smoke Flavour Turkey Style Deli Slices 156g', '£3.00', '£19.23 / kg')
('https://www.sainsburys.co.uk/shop/gb/groceries/product/details/egg-free-food/evexia-chickpea-fusilli-glf-300g', 'Ugo Thrive Chickpea Gluten Free Fusilli 300g', '£2.00', '67p / 100g')
('https://www.sainsburys.co.uk/shop/gb/groceries/product/details/egg-free-food/porrelli-ice-cream-mint-choc-chip-500ml', 'Porrelli Ice Cream Mint Choc Chip 500ml', '£3.00', '60p / 100ml')
('https://www.sainsburys.co.uk/shop/gb/groceries/product/details/egg-free-food/genius-pitta-bread-272g', 'Genius Gluten Free Pitta Breads x3', '£2.00', '£1.08 / 100g')
('https://www.sainsburys.co.uk/shop/gb/groceries/product/details/egg-free-food/chippa-gluten-free-mayo-280g', 'Chippa Gluten Free Mayo 280g', '£1.50', '54p / 100g')
('https://www.sainsburys.co.uk/shop/gb/groceries/product/details/egg-free-food/great-food-mediterranean-falafel-300g', 'Great Food Mediterranean Falafel 300g', '£2.95', '98p / 100g')
('https://www.sainsburys.co.uk/shop/gb/groceries/product/details/egg-free-food/mediterranean-falafel-300g', 'Mediterranean Falafel 300g', '£2.00', '66p / 100g')
('https://www.sainsburys.co.uk/shop/gb/groceries/product/details/egg-free-food/sainsburys-ready-roll-short-pastry-375g', "Sainsbury's Shortcrust Pastry Ready Roll 375g", '£1.30', '35p / 100g')
('https://www.sainsburys.co.uk/shop/gb/groceries/product/details/egg-free-food/sainsburys-apple---blackcurrant-pies-x6-355g', "Sainsbury's Apple & Blackcurrant Pies x6 355g", '81p', '14p / ea')
('https://www.sainsburys.co.uk/shop/gb/groceries/product/details/egg-free-food/sacla-vegan-salad-cream-230ml', "Sacla' Vegan Salad Cream 230ml", '£2.00', '87p / 100ml')
('https://www.sainsburys.co.uk/shop/gb/groceries/product/details/egg-free-food/oggs-chocolate-fudge-vegan-cakes-4-x-46g', 'OGGS Vegan Chocolate Fudge Cakes 184g', '£3.75', '94p / ea')
('https://www.sainsburys.co.uk/shop/gb/groceries/product/details/egg-free-food/oggs-zesty-lemon-vegan-cakes-4-x-46g', 'OGGS Vegan Zesty Lemon Cakes 184g', '£3.75', '94p / ea')
('https://www.sainsburys.co.uk/shop/gb/groceries/product/details/egg-free-food/freaks-of-nature-dairy---gluten-free-lemon-sponge-hot-pudding-100g-7965561-p', 'Freaks of Nature Dairy & Gluten Free Lemon Sponge Hot Pudding 100g', '£2.00', '£2.00 / 100g')
('https://www.sainsburys.co.uk/shop/gb/groceries/product/details/egg-free-food/sainsburys-love-your-veg!-vegan-mix-burger-225g', "Sainsbury's Love Your Veg! Veggie Burgers 225g", '£2.00', '£8.89 / kg')
('https://www.sainsburys.co.uk/shop/gb/groceries/product/details/egg-free-food/ugo-thrive-pumpkin-sage-raviolini-250g', 'Ugo Thrive Pumpkin & Sage Raviolini 250g', '£3.00', '£1.20 / 100g')
('https://www.sainsburys.co.uk/shop/gb/groceries/product/details/egg-free-food/bfree-multigrain-wraps-6-x-46g-276g-', 'BFree Multigrain Wraps 6 x 46g (276g)', '£3.50', '£1.39 / 100g')
('https://www.sainsburys.co.uk/shop/gb/groceries/product/details/egg-free-food/oggs-salted-caramel-vegan-cakes-4-x-46g', 'Oggs Salted Caramel Vegan Cakes 4 x 46g', '£4.25', '£1.06 / ea')
('https://www.sainsburys.co.uk/shop/gb/groceries/product/details/egg-free-food/sainsburys-deliciously-free-from-vegan-mayo-250ml', "Sainsbury's Deliciously Free From Vegan Mayo 250ml", '£1.50', '£150.00 / 100g')
('https://www.sainsburys.co.uk/shop/gb/groceries/product/details/egg-free-food/sainsburys-deliciously-free-from-sweet-potato-tortilla-wraps-x4', "Sainsbury's Deliciously Free From Sweet Potato Tortilla Wraps x4", '£2.25', '£1.41 / 100g')
('https://www.sainsburys.co.uk/shop/gb/groceries/product/details/egg-free-food/bfree-pizza-bases-360g', 'BFree Stone Baked Pizza Bases 2x180g', '£3.60', '£1.00 / 100g')
('https://www.sainsburys.co.uk/shop/gb/groceries/product/details/special-offers-454370-44/kirstys-spanish-chicken-with-rice-400g', "Kirsty's Spanish Chicken With Rice 400g (Serves 1)", '£2.00', '£5.00 / kg')
('https://www.sainsburys.co.uk/shop/gb/groceries/product/details/special-offers-454370-44/kirstys-cottage-pie-sweet-potato-mash-400g', "Kirsty's Cottage Pie Sweet Potato Mash 400g (Serves 1)", '£2.00', '£5.00 / kg')
('https://www.sainsburys.co.uk/shop/gb/groceries/product/details/special-offers-454370-44/seabrook-crinkle-cut-potato-crisps--cheese---onion-318g', 'Seabrook Crinkle Cut Crisps Cheese & Onion 31.8g', '75p', '£2.36 / 100g')
('https://www.sainsburys.co.uk/shop/gb/groceries/product/details/special-offers-454370-44/kettle-chips-lightly-salted-150g', 'Kettle Chips Lightly Salted Sharing Crisps 150g', '£1.00', '67p / 100g')
('https://www.sainsburys.co.uk/shop/gb/groceries/product/details/special-offers-454370-44/alpro-long-life-soya-milk-alternative--original-1l', 'Alpro Soya Long Life Drink 1L', '£1.20', '£1.20 / ltr')
('https://www.sainsburys.co.uk/shop/gb/groceries/product/details/special-offers-454370-44/butterkist-sweet-cinema-style-popcorn-120g', 'Butterkist Popcorn Sweet Cinema Style 100g', '£1.00', '£1.00 / 100g')
('https://www.sainsburys.co.uk/shop/gb/groceries/product/details/special-offers-454370-44/deliciously-ella-pb-oat-bar-150g', 'Deliciously Ella Peanut Oat Bars 3x50g', '£2.00', '£1.34 / 100g')
('https://www.sainsburys.co.uk/shop/gb/groceries/product/details/special-offers-454370-44/halo-top-sea-salt-caramel-ice-cream-473ml', 'Halo Top Sea Salt Caramel Ice Cream 473ml', '£3.00', '64p / 100ml')
('https://www.sainsburys.co.uk/shop/gb/groceries/product/details/special-offers-454370-44/montezumas-absolute-black-100-cocoa-solids-with-orange-cocoa-nibs-dark-chocolate-bar-90g', "Montezuma's Absolute Black 100% Cocoa Solids with Orange & Cocoa Nibs Dark Chocolate Bar 90g", '£2.00', '£2.22 / 100g')
('https://www.sainsburys.co.uk/shop/gb/groceries/product/details/special-offers-454370-44/koko-dairy-free-milk--unsweetened-1l', 'Koko Dairy Free Unsweetened Drink 1L', '£1.10', '£1.10 / ltr')
('https://www.sainsburys.co.uk/shop/gb/groceries/product/details/special-offers-454370-44/nakd-peanut-delight-fruit---nut-bar-35g-7819805-p', 'Nakd Peanut Delight Fruit & Nut Bar 35g', '60p', '£1.71 / 100g')
('https://www.sainsburys.co.uk/shop/gb/groceries/product/details/special-offers-454370-44/montezuma’s-organic-73-cocoa-dark-chocolate-buttons-bag-90g', 'Montezuma’s Organic 73% Cocoa Dark Chocolate Buttons Bag 90g', '£2.00', '£2.22 / 100g')
('https://www.sainsburys.co.uk/shop/gb/groceries/product/details/special-offers-454370-44/propercorn-smooth-peanut---almond-90g', 'Propercorn Peanut Butter & Almond Popcorn 90g', '£1.00', '£1.11 / 100g')
('https://www.sainsburys.co.uk/shop/gb/groceries/product/details/special-offers-454370-44/eat-natural-fruit---nut-bar--cashew---blueberry-with-yoghurt-coating-45g', 'Eat Natural Fruit & Nut Bars Cashew & Blueberry with Yogurt Coating 45g', '60p', '£1.33 / 100g')
('https://www.sainsburys.co.uk/shop/gb/groceries/product/details/special-offers-454370-44/great-food-tuscan-bites-300g', 'Great Food Tuscan Bites 300g', '£2.00', '66p / 100g')
('https://www.sainsburys.co.uk/shop/gb/groceries/product/details/special-offers-454370-44/popchips-original-chips-85', 'Popchips Original Chips Sharing Crisps 85g', '£1.25', '£1.47 / 100g')
('https://www.sainsburys.co.uk/shop/gb/groceries/product/details/special-offers-454370-44/pom-bear-cheese-onion-multipack-crisps-6x13g', 'Pom-Bear Cheese & Onion Multipack Crisps 6x13g', '£1.00', '£1.28 / 100g')
('https://www.sainsburys.co.uk/shop/gb/groceries/product/details/special-offers-454370-44/sainsburys-rhubarb-crumbles-2x120g', "Sainsbury's Rhubarb Crumble 2x120g", '£1.50', '62p / 100g')
('https://www.sainsburys.co.uk/shop/gb/groceries/product/details/special-offers-454370-44/tyrrells-mixed-root-vegetable-crisps-150g', 'Tyrrells Mixed Root Vegetable Sharing Crisps 125g', '£1.50', '£1.20 / 100g')
('https://www.sainsburys.co.uk/shop/gb/groceries/product/details/mince/tariq-halal-lamb-mince-450g', 'Tariq Halal Lamb Mince 450g', '£5.00', '£10.00 / kg')
('https://www.sainsburys.co.uk/shop/gb/groceries/product/details/mince/sainsburys-beef-mince-20-fat-500g-7715235-p-44', "Sainsbury's Beef Mince 20% Fat 500g", '£1.49', '£2.98 / kg')
('https://www.sainsburys.co.uk/shop/gb/groceries/product/details/mince/sainsburys-5-fat-northern-irish-beef-mince-so-organic-500g', "Sainsbury's 5% Fat Northern Irish Beef Mince, SO Organic 500g", '£4.75', '£9.50 / kg')
('https://www.sainsburys.co.uk/shop/gb/groceries/product/details/mince/sainsburys-british-6-pork-chops-1050g', "Sainsbury's British Pork Chops x6 1050g", '£5.00', '£4.76 / kg')
('https://www.sainsburys.co.uk/shop/gb/groceries/product/details/mince/heck-minced-chicken-italia-500g', 'Heck Minced Chicken Italia 500g', '£3.00', '£6.00 / kg')
('https://www.sainsburys.co.uk/shop/gb/groceries/product/details/mince/sainsburys-ex-lean-diced-beef-900g', "Sainsbury's Extra Lean Diced Beef 900g", '£6.45', '£7.17 / kg')
('https://www.sainsburys.co.uk/shop/gb/groceries/product/details/mince/naked-glory-mince-260g', 'Naked Glory Meat Free Vegan Mince 260g', '£2.75', '£10.58 / kg')
('https://www.sainsburys.co.uk/shop/gb/groceries/product/details/mince/sainsburys-beef-mince-5-fat-750g-7868321-p-44', "Sainsbury's Beef Mince 5% Fat 750g", '£3.60', '£4.80 / kg')
('https://www.sainsburys.co.uk/shop/gb/groceries/product/details/mince/sainsburys-british-lean-pork-mince-500g', "Sainsbury's British Pork Mince 10% Fat 500g", '£2.10', '£4.20 / kg')
('https://www.sainsburys.co.uk/shop/gb/groceries/product/details/mince/sainsburys-extra-lean-british-pork-mince--be-good-to-yourself-500g', "Sainsbury's British Pork Mince 5% Fat 500g", '£2.19', '£4.38 / kg')
('https://www.sainsburys.co.uk/shop/gb/groceries/product/details/mince/sainsburys-5-fat-british-beef-mince-so-organic-500g', "Sainsbury's 5% Fat British Beef Mince, SO Organic 500g", '£4.75', '£9.50 / kg')
('https://www.sainsburys.co.uk/shop/gb/groceries/product/details/mince/heck-minced-spring-chicken-500g', 'Heck Minced Spring Chicken 500g', '£3.00', '£6.00 / kg')
('https://www.sainsburys.co.uk/shop/gb/groceries/product/details/mince/sainsburys-5-beef-mince-1kg', "Sainsbury's 5% Fat Beef Mince 1kg", '£4.75', '£4.75 / kg')
('https://www.sainsburys.co.uk/shop/gb/groceries/product/details/mince/sainsburys-beef-mince-5-fat-so-organic-400g', "Sainsbury's Beef Mince 5% Fat, SO Organic 400g", '£3.80', '£9.50 / kg')
('https://www.sainsburys.co.uk/shop/gb/groceries/product/details/mince/sainsburys-beef-mince-12-fat-taste-the-difference-500g-7868336-p-44', "Sainsbury's Beef Mince 12% Fat, Taste the Difference 500g", '£3.00', '£6.00 / kg')
('https://www.sainsburys.co.uk/shop/gb/groceries/product/details/mince/sainsburys-lamb-mince-10-fat-500g', "Sainsbury's Lamb Mince 10% Fat 500g", '£5.00', '£10.00 / kg')
('https://www.sainsburys.co.uk/shop/gb/groceries/product/details/mince/sainsburys-beef-mince-20-fat-500g', "Sainsbury's Beef Mince 20% Fat 500g", '£1.49', '£2.98 / kg')
('https://www.sainsburys.co.uk/shop/gb/groceries/product/details/mince/sainsburys-beef-mince-5-fat-500g-7644323-p-44', "Sainsbury's Beef Mince 5% Fat 500g", '£2.59', '£5.18 / kg')
('https://www.sainsburys.co.uk/shop/gb/groceries/product/details/mince/sainsburys-lamb-mince-250g', "Sainsbury's Lamb Mince 20% Fat 250g", '£2.60', '£10.40 / kg')
('https://www.sainsburys.co.uk/shop/gb/groceries/product/details/mince/heck-minced-simply-chicken-500g', 'Heck Minced Simply Chicken 500g', '£3.00', '£6.00 / kg')
('https://www.sainsburys.co.uk/shop/gb/groceries/product/details/mince/sainsburys-beef-oxtail-cw-7163478-p-44', "Sainsbury's Beef oxtail (approx. 600g)", '£5.10', '85p / 100g')
('https://www.sainsburys.co.uk/shop/gb/groceries/product/details/mince/sainsburys-chicken-meatballs-350g', "Sainsbury's Chicken Meatballs 350g", '£2.50', '£7.14 / kg')
('https://www.sainsburys.co.uk/shop/gb/groceries/product/details/mince/sainsburys-taste-the-difference-british-5-fat-beef-mince', "Sainsbury's British 5% Fat Beef Mince, Taste the Difference 500g", '£4.00', '£8.00 / kg')
('https://www.sainsburys.co.uk/shop/gb/groceries/product/details/mince/sainsburys-northern-irish-beef-mince-5-fat-so-organic-400g', "Sainsbury's Northern Irish Beef Mince 5% Fat, SO Organic 400g", '£3.80', '£9.50 / kg')
('https://www.sainsburys.co.uk/shop/gb/groceries/product/details/mince/sainsburys-lamb-mince-so-organic-400g', "Sainsbury's Lamb Mince, SO Organic 400g", '£4.80', '£12.00 / kg')
('https://www.sainsburys.co.uk/shop/gb/groceries/product/details/mince/sainsburys-beef-mince-5-fat-750g', "Sainsbury's Beef Mince 5% Fat 750g", '£3.60', '£4.80 / kg')
('https://www.sainsburys.co.uk/shop/gb/groceries/product/details/mince/sainsburys-northern-irish-lean-pork-mince-500g', "Sainsbury's British Pork Mince 10% Fat 500g", '£2.00', '£4.00 / kg')
('https://www.sainsburys.co.uk/shop/gb/groceries/product/details/mince/sainsburys-shin-of-beef-cw-taste-the-difference', "Sainsbury's 30 day Matured British Beef Shin, Taste the Difference (approx. 385g)", '£8.50 / kg', '85p / 100g')
('https://www.sainsburys.co.uk/shop/gb/groceries/product/details/mince/sainsburys-5-fat-outdoor-bred-british-pork-mince-taste-the-difference', "Sainsbury's 5% Fat Outdoor Bred British Pork Mince, Taste the Difference", '£3.25', '£6.50 / kg')
('https://www.sainsburys.co.uk/shop/gb/groceries/product/details/mince/sainsburys-british-pork-mince-20-fat-500g', "Sainsbury's British Pork Mince 20% Fat 500g", '£1.75', '£3.50 / kg')
('https://www.sainsburys.co.uk/shop/gb/groceries/product/details/mince/sainsburys-beef-mince-12-fat-taste-the-difference-500g', "Sainsbury's Beef Mince 12% Fat, Taste the Difference 500g", '£3.00', '£6.00 / kg')
('https://www.sainsburys.co.uk/shop/gb/groceries/product/details/meat-free-/sainsburys-no-egg-bites-x8-176g', "Sainsbury's No Egg Bites x8 176g", '£1.75', '£9.94 / kg')
('https://www.sainsburys.co.uk/shop/gb/groceries/product/details/meat-free-/strong-roots-the-bean-beet-burger-x4-300g', 'Strong Roots The Bean & Beet Burger x4 300g', '£3.00', '£10.00 / kg')
('https://www.sainsburys.co.uk/shop/gb/groceries/product/details/meat-free-/birds-eye-green-cuisine-chicken-free-southern-fried-strips-210g', 'Birds Eye Green Cuisine Chicken-Free Southern Fried Strips 210g', '£1.50', '£7.14 / kg')
('https://www.sainsburys.co.uk/shop/gb/groceries/product/details/meat-free-/plant-pioneer-no-turkey-parcel-365g-8032443-p-44', 'Plant Pioneer No Turkey Parcel 365g', '£6.00', '£16.44 / kg')
('https://www.sainsburys.co.uk/shop/gb/groceries/product/details/meat-free-/tideford-org-med-vegetable-risotto-300g', 'Tideford Organics Mediterranean Vegetable Risotto 300g', '£2.80', '£9.33 / kg')
('https://www.sainsburys.co.uk/shop/gb/groceries/product/details/meat-free-/vivera-plant-chicken-burger', 'Vivera Plant Chicken Burger', '£2.50', '£12.50 / kg')
('https://www.sainsburys.co.uk/shop/gb/groceries/product/details/meat-free-/squeaky-bean-ready-to-eat-marinated-chicken-style-pieces-kick-of-tikka-160g', 'Squeaky Bean Ready To Eat Marinated Chicken Style Pieces Kick of Tikka 160g', '£2.75', '£17.19 / kg')
('https://www.sainsburys.co.uk/shop/gb/groceries/product/details/meat-free-/lmc-pea-protein-tomato-basil-balls-292g', "Linda McCartney's Vegetarian Tomato & Basil Meatballs 292g", '£2.20', '£7.53 / kg')
('https://www.sainsburys.co.uk/shop/gb/groceries/product/details/meat-free-/richmond-meat-free-saus-singleface-336g', 'Richmond Meat Free Vegan Sausages x8 336g', '£2.25', '£6.70 / kg')
('https://www.sainsburys.co.uk/shop/gb/groceries/product/details/meat-free-/plant-pioneers-spicy-no-lamb-shawarma-jackfruit-150g', 'Plant Pioneers Spicy No Lamb Shawarma Jackfruit 150g', '£1.50', '£10.00 / kg')
('https://www.sainsburys.co.uk/shop/gb/groceries/product/details/meat-free-/quorn-vegan-battered-fishless-fillets-200g', 'Quorn Vegan Battered Fishless Fillets 200g', '£3.00', '£15.00 / kg')
('https://www.sainsburys.co.uk/shop/gb/groceries/product/details/meat-free-/sainsburys-meat-free-chicken-pieces', 'Plant Pioneers Meat Free Chicken-Style Pieces 300g', '£1.75', '£5.83 / kg')
('https://www.sainsburys.co.uk/shop/gb/groceries/product/details/new-355373-44/sainsburys-home-give-me-a-break-mug-134435456-p', "Sainsbury's Home Give Me a Break Mug", '£2.75', '£2.75 / ea')
('https://www.sainsburys.co.uk/shop/gb/groceries/product/details/new-355373-44/sainsburys-home-coastline-ripple-mug-134435270-p', "Sainsbury's Home Coastline Ripple Mug", '£4.00', '£4.00 / ea')
('https://www.sainsburys.co.uk/shop/gb/groceries/product/details/new-355373-44/sainsburys-home-stainless-steel-shower-hose-134486122-p', "Sainsbury's Home Stainless Steel Hose", '£10.00', '£10.00 / ea')
('https://www.sainsburys.co.uk/shop/gb/groceries/product/details/new-355373-44/sainsburys-home-drury-lane-ceramic-prep-bowls-x4-134461671-p', "Sainsbury's Home Drury Lane Ceramic Prep Bowls x4", '£10.00', '£10.00 / ea')
('https://www.sainsburys.co.uk/shop/gb/groceries/product/details/new-355373-44/better-together-picture-frame-134460838-p', 'Better Together Picture Frame', '£6.00', '£6.00 / ea')
('https://www.sainsburys.co.uk/shop/gb/groceries/product/details/new-355373-44/treasure-hunt-134458535-p', 'Treasure hunt', '£5.00', '£5.00 / ea')
('https://www.sainsburys.co.uk/shop/gb/groceries/product/details/new-355373-44/rose-petals-134457567-p', 'Rose Petals', '£3.00', '£3.00 / ea')
('https://www.sainsburys.co.uk/shop/gb/groceries/product/details/new-355373-44/sainsburys-home-simplicity-white-coasters-x4-134441223-p', "Sainsbury's Home Simplicity White Coasters x4", '£5.50', '£5.50 / ea')
('https://www.sainsburys.co.uk/shop/gb/groceries/product/details/new-355373-44/sainsburys-home-drury-recycled-bottle-134416095-p', "Sainsbury's Home Drury Recycled Bottle", '£6.00', '£6.00 / ea')
('https://www.sainsburys.co.uk/shop/gb/groceries/product/details/new-355373-44/sainsburys-home-everyday-luxury-marble-pasta-bowl-134415973-p', "Sainsbury's Home Marble Everyday Luxury Pasta Bowl", '£3.50', '£3.50 / ea')
('https://www.sainsburys.co.uk/shop/gb/groceries/product/details/new-355373-44/sainsburys-home-global-monchrome-cereal-bowl-134415199-p', "Sainsbury's Home Global Monochrome Cereal Bowl", '£3.75', '£3.75 / ea')
('https://www.sainsburys.co.uk/shop/gb/groceries/product/details/new-355373-44/small-lobster-plush-134419296-p', 'Small Lobster Plush', '£6.00', '£6.00 / ea')
('https://www.sainsburys.co.uk/shop/gb/groceries/product/details/new-355373-44/small-apple-plush-134412220-p', 'Small Apple Plush', '£4.50', '£4.50 / ea')
('https://www.sainsburys.co.uk/shop/gb/groceries/product/details/new-355373-44/queen-of-the-kitchen-apron-134411930-p', 'Queen of the Kitchen Apron', '£10.00', '£10.00 / ea')
('https://www.sainsburys.co.uk/shop/gb/groceries/product/details/new-355373-44/flamingo-mug-134406102-p', 'Flamingo Mug', '£7.00', '£7.00 / ea')
('https://www.sainsburys.co.uk/shop/gb/groceries/product/details/aldi-price-match/sainsburys-limes-pack-x5', "Sainsbury's Limes x5", '95p', '19p / ea')
('https://www.sainsburys.co.uk/shop/gb/groceries/product/details/aldi-price-match/sainsburys-smoked-river-cobbler-240g', "Sainsbury's Smoked Basa Fillets 240g", '£2.39', '£9.96 / kg')
('https://www.sainsburys.co.uk/shop/gb/groceries/product/details/aldi-price-match/sainsburys-haddock-fishcakes-x2-270g', "Sainsbury's Fishcakes Haddock x2 270g", '£1.15', '£4.26 / kg')
('https://www.sainsburys.co.uk/shop/gb/groceries/product/details/aldi-price-match/sainsburys-beef-mince-5-fat-500g', "Sainsbury's Beef Mince 5% Fat 500g", '£2.59', '£5.18 / kg')
('https://www.sainsburys.co.uk/shop/gb/groceries/product/details/aldi-price-match/sainsburys-serrano-ham-70g', "Sainsbury's Spanish Serrano Ham Slices 70g", '£1.04', '£1.49 / 100g')
('https://www.sainsburys.co.uk/shop/gb/groceries/product/details/aldi-price-match/sainsburys-double-cream-600ml', "Sainsbury's Double Cream 600ml", '£1.65', '28p / 100ml')
('https://www.sainsburys.co.uk/shop/gb/groceries/product/details/aldi-price-match/stella-artois-4x568ml', 'Stella Artois Premium Lager Beer Cans 4x568ml', '£5.25', '£2.31 / ltr')
('https://www.sainsburys.co.uk/shop/gb/groceries/product/details/aldi-price-match/hovis-soft-white-bread--thick-sliced-800g', 'Hovis Soft Thick Sliced White Bread 800g', '£1.10', '14p / 100g')
('https://www.sainsburys.co.uk/shop/gb/groceries/product/details/aldi-price-match/warburtons-white-bread--medium-sliced-800g', 'Warburtons Medium Sliced White Bread 800g', '£1.10', '14p / 100g')
('https://www.sainsburys.co.uk/shop/gb/groceries/product/details/aldi-price-match/sainsburys-white-sliced-bread--basics-800g', "Daily's Medium Sliced White Bread 800g", '36p', '5p / 100g')
('https://www.sainsburys.co.uk/shop/gb/groceries/product/details/aldi-price-match/sainsburys-garlic-baguette--basics-x2-340g', 'Stamford Street Garlic Baguette, Basics x2 340g', '64p', '19p / 100g')
('https://www.sainsburys.co.uk/shop/gb/groceries/product/details/aldi-price-match/dailys-corn-flakes-500g', "Daily's Corn Flakes 500g", '50p', '10p / 100g')
('https://www.sainsburys.co.uk/shop/gb/groceries/product/details/aldi-price-match/sundora-sultanas-500g', "Sundora Sultana's 500g", '99p', '20p / 100g')
('https://www.sainsburys.co.uk/shop/gb/groceries/product/details/aldi-price-match/hubbards-spaghetti-rings-400g', "Hubbard's Foodstore Spaghetti Rings 400g", '13p', '33p / kg')
('https://www.sainsburys.co.uk/shop/gb/groceries/product/details/aldi-price-match/mary-anns-dairy-vanilla-yoghurt-50g', "Mary Ann's Dairy Vanilla Yoghurt 450g", '75p', '17p / 100g')
('https://www.sainsburys.co.uk/shop/gb/groceries/product/details/aldi-price-match/hubbards-tea-bags-160s-500g', "Hubbard's Foodstore Tea Bags 160's 400g", '£1.09', '27p / 100g')
('https://www.sainsburys.co.uk/shop/gb/groceries/product/details/aldi-price-match/mary-anns-dairy-grated-mozzerella-500g', "Mary Ann's Dairy Grated Mozzerella 500g", '£2.50', '£5.00 / kg')
('https://www.sainsburys.co.uk/shop/gb/groceries/product/details/aldi-price-match/sainsburys-toothpaste-100ml', "Sainsbury's Toothpaste 100ml", '47p', '47p / 100ml')
('https://www.sainsburys.co.uk/shop/gb/groceries/product/details/aldi-price-match/stamford-st-single-garlic-baguette-170g', 'Stamford St Single Garlic Baguette 170g', '32p', '19p / 100g')
('https://www.sainsburys.co.uk/shop/gb/groceries/product/details/aldi-price-match/cococariba-tropical-alcoholic-caribbean-rum-coconut-flavours-70cl', 'CocoCariba Tropical Alcoholic Caribbean Rum & Coconut Flavours 70cl', '£4.99', '£7.13 / ltr')
('https://www.sainsburys.co.uk/shop/gb/groceries/product/details/aldi-price-match/sainsburys-chicken-leg-pack-1kg', "Sainsbury's British Fresh Skin on Chicken Legs 1kg", '£1.69', '£1.69 / kg')
('https://www.sainsburys.co.uk/shop/gb/groceries/product/details/aldi-price-match/jjames-family-12-breaded-british-ham-slices-300g', 'J,James & Family British Breaded Ham 300g, x12 Slices', '£1.37', '46p / 100g')
('https://www.sainsburys.co.uk/shop/gb/groceries/product/details/aldi-price-match/jjames-family-12-british-ham-slices-300g', 'J.James & Family British Cooked Ham 300g, x12 Slices', '£1.14', '38p / 100g')
('https://www.sainsburys.co.uk/shop/gb/groceries/product/details/aldi-price-match/sainsburys-beef-mince-5-fat-250g', "Sainsbury's Beef Mince 5% Fat 250g", '£1.89', '£7.56 / kg')
('https://www.sainsburys.co.uk/shop/gb/groceries/product/details/aldi-price-match/sainsburys-british-icing-sugar-500g', "Sainsbury's Icing Sugar 500g", '69p', '£1.38 / kg')
('https://www.sainsburys.co.uk/shop/gb/groceries/product/details/aldi-price-match/sainsburys-full-flavour-cheddar--basics-625g', "Mary Ann's Dairy Mature Cheddar Cheese 600g", '£2.66', '£4.43 / kg')
('https://www.sainsburys.co.uk/shop/gb/groceries/product/details/aldi-price-match/sainsburys-british-8-thin-cut-loin-steaks-800g-p', "Sainsbury's British Pork Loin Steaks x8 800g", '£3.15', '£3.94 / kg')
('https://www.sainsburys.co.uk/shop/gb/groceries/product/details/aldi-price-match/sainsburys-chicken-curry--basics-400g', 'Stamford Street Chicken Curry 400g (Serves 1)', '69p', '£1.73 / kg')
('https://www.sainsburys.co.uk/shop/gb/groceries/product/details/aldi-price-match/sainsburys-british-whole-milk-113l-2-pint-', "Sainsbury's British Whole Milk 1.13L (2 pint)", '80p', '70p / ltr')
('https://www.sainsburys.co.uk/shop/gb/groceries/product/details/protein-food-and-bars/pro-2-go-protein-bakes-chilli-flavour-30g', 'Pro 2 Go Protein Bakes Chilli Flavour 30g', '90p', '£3.00 / 100g')
('https://www.sainsburys.co.uk/shop/gb/groceries/product/details/protein-food-and-bars/maximuscle-promax-lean-protein-bar-cookies-cream-flavour-60g', 'MaxiMuscle Promax Lean Protein Bar Cookies & Cream Flavour 60g', '£2.00', '£3.64 / 100g')
('https://www.sainsburys.co.uk/shop/gb/groceries/product/details/protein-food-and-bars/sci-mx-pro-2-go-cookies--double-choc-chip-75g', 'Sci-mx Pro 2 Go Cookies, Double Choc Chip 75g', '£1.50', '£2.00 / 100g')
('https://www.sainsburys.co.uk/shop/gb/groceries/product/details/special-offers-462384-44/phd-smart-bar-birthday-cake-64g', 'PhD Smart Bar Birthday Cake 64g', '£2.00', '£3.13 / 100g')
('https://www.sainsburys.co.uk/shop/gb/groceries/product/details/special-offers-462384-44/tribe-natural-protein-bar-choc-peanut-butter-50g', 'Tribe Natural Protein Bar Choc Peanut Butter 50g', '£1.50', '£3.00 / 100g')
('https://www.sainsburys.co.uk/shop/gb/groceries/product/details/special-offers-462384-44/muscle-moose-beaver-bar-white-chocolate-flavour-60g', 'Muscle Moose Beaver Bar White Chocolate Flavour 60g', '£1.50', '£2.50 / 100g')
('https://www.sainsburys.co.uk/shop/gb/groceries/product/details/special-offers-462384-44/phd-smart-bar-cookies---cream-64g', 'PhD Smart Bar Cookies & Cream 64g', '£2.00', '£3.13 / 100g')
('https://www.sainsburys.co.uk/shop/gb/groceries/product/details/special-offers-462384-44/sci-mx-protein-flapjack--chochazelnut-80g', 'Sci-mx Protein Flapjack, Chochazelnut 80g', '£1.50', '£1.87 / 100g')
('https://www.sainsburys.co.uk/shop/gb/groceries/product/details/special-offers-462384-44/sis-go-gel--blackcurrant-x6', 'SiS GO Energy Gels Blackcurrant 6x60ml', '£4.00', '67p / ea')
('https://www.sainsburys.co.uk/shop/gb/groceries/product/details/special-offers-462384-44/phizz-multivitamin-hydration-orange-tablets-x20', 'Phizz Multivitamin Hydration Orange Tablets x20', '£5.00', '£5.00 / ea')
('https://www.sainsburys.co.uk/shop/gb/groceries/product/details/special-offers-462384-44/optimum-nutri-optimum-rocky-road-bar-60g', 'Optimum Nutrition Optimum Protein Bar Rocky Road Flavour 60g', '£2.00', '£2.00 / ea')
('https://www.sainsburys.co.uk/shop/gb/groceries/product/details/special-offers-462384-44/optimum-nutri-optimum-choc-carml-bar-60g', 'Optimum Nutrition Optimum Protein Bar Chocolate Caramel Flavour 60g', '£2.00', '£2.00 / ea')
('https://www.sainsburys.co.uk/shop/gb/groceries/product/details/special-offers-462384-44/optimum-nutrition-gold-standard-pre-workout-fruit-punch-flavour-330g', 'Optimum Nutrition Gold Standard Pre-Workout Fruit Punch Flavour 330g', '£20.00', '£6.06 / 100g')
('https://www.sainsburys.co.uk/shop/gb/groceries/product/details/special-offers-462384-44/science-in-sport-go-isotonic-gel--orange-x6', 'SiS GO Energy Gels Orange 6x60ml', '£4.00', '67p / ea')
('https://www.sainsburys.co.uk/shop/gb/groceries/product/details/special-offers-462384-44/sci-mx-pro-2-go-cookies--double-choc-chip-75g', 'Sci-mx Pro 2 Go Cookies, Double Choc Chip 75g', '£1.50', '£2.00 / 100g')
('https://www.sainsburys.co.uk/shop/gb/groceries/product/details/special-offers-462384-44/science-in-sport-go-energy-bar--chocolate-fudge-flavour-40g', 'SiS GO Energy Bar Choc Fudge 40g', '75p', '£1.88 / 100g')
('https://www.sainsburys.co.uk/shop/gb/groceries/product/details/weight-management/protein-world-fat-metaboliser-x90-capsules', 'Protein World Fat Metaboliser x90 Capsules', '£18.00', '20p / ea')
('https://www.sainsburys.co.uk/shop/gb/groceries/product/details/weight-management/slimfast-meal-replacement-nutty-salted-caramel-meal-bar-4-x-60g-240g-', 'SlimFast Meal Replacement Nutty Salted Caramel Meal Bar 4 x 60g (240g)', '£4.60', '£1.15 / ea')
('https://www.sainsburys.co.uk/shop/gb/groceries/product/details/weight-management/atkins-chocolate-chip-crisp-bars-5x30g', 'Atkins Chocolate Chip Crisp bars 5x30g', '£6.50', '£4.33 / 100g')
('https://www.sainsburys.co.uk/shop/gb/groceries/product/details/weight-management/xls-fat-binder-tablets-x30', 'XLS Medical Fat Binder Tablets x30', '£13.50', '45p / ea')
('https://www.sainsburys.co.uk/shop/gb/groceries/product/details/weight-management/adios-max-tablets-x100', 'Adios Max Tablets x100', '£5.50', '6p / ea')
('https://www.sainsburys.co.uk/shop/gb/groceries/product/details/weight-management/slimfast-ready-to-drink-chocolate-6x325ml', 'Slimfast Ready To Drink Milkshake Chocolate 6x325ml', '£9.50', '49p / 100ml')
('https://www.sainsburys.co.uk/shop/gb/groceries/product/details/special-offers-454372-44/sainsburys-young-spinach--so-organic-200g', "Sainsbury's Young Spinach, SO Organic 200g", '£1.35', '£6.75 / kg')
('https://www.sainsburys.co.uk/shop/gb/groceries/product/details/special-offers-454372-44/tyrrells-mixed-root-vegetable-chips-40g', 'Tyrrells Mixed Root Vegetable Crisps 40g', '90p', '£2.25 / 100g')
('https://www.sainsburys.co.uk/shop/gb/groceries/product/details/special-offers-454372-44/kallo-very-low-salt-organic-vegetable-stock-cubes--gluten-free-x6-60g', 'Kallo Very Low Salt Vegetable Stock Cubes 6x10g', '£1.00', '£1.67 / 100g')
('https://www.sainsburys.co.uk/shop/gb/groceries/product/details/special-offers-454372-44/sainsburys-strawberry-cheesecakes-3x100g', "Sainsbury's Strawberry Cheesecake 3x100g", '£1.80', '60p / 100g')
('https://www.sainsburys.co.uk/shop/gb/groceries/product/details/special-offers-454372-44/nandos-garlic-peri-peri-sauce-125ml', "Nando's Peri Peri Sauce Garlic 125g", '£2.00', '£1.60 / 100g')
('https://www.sainsburys.co.uk/shop/gb/groceries/product/details/special-offers-454372-44/sainsburys-ready-to-roll-white-icing-500g', "Sainsbury's Ready to Roll White Icing 500g", '£1.40', '28p / 100g')
('https://www.sainsburys.co.uk/shop/gb/groceries/product/details/special-offers-454372-44/franks-redhot-original-pepper-sauce-148ml', "Frank's Redhot Original Pepper Sauce 148ml", '£1.50', '£1.01 / 100ml')
('https://www.sainsburys.co.uk/shop/gb/groceries/product/details/special-offers-454372-44/encona-west-indian-hot-pepper-sauce-142ml', 'Encona West Indian Hot Pepper Sauce 142ml', '£1.50', '£1.06 / 100ml')
('https://www.sainsburys.co.uk/shop/gb/groceries/product/details/special-offers-454372-44/zizzis-rustica-jackfruit-pizza-419g', "Zizzi's Rustica Jackfruit Pizza 419g", '£4.50', '£10.74 / kg')
('https://www.sainsburys.co.uk/shop/gb/groceries/product/details/special-offers-454372-44/tribe-nature-bombs-choc-and-hazelnut-butter-40g', 'Tribe Nature Bombs Choc And Hazelnut Butter 40g', '£1.50', '£1.50 / ea')
('https://www.sainsburys.co.uk/shop/gb/groceries/product/details/special-offers-454372-44/tribe-protein-bar-white-choc-and-raspberry-46g', 'Tribe Protein Bar White Choc And Raspberry 46g', '£1.50', '£1.50 / ea')
('https://www.sainsburys.co.uk/shop/gb/groceries/product/details/special-offers-454372-44/deliciously-ella-apple-raisin-cinnamon-oat-bars-3x50g', 'Deliciously Ella Apple, Raisin & Cinnamon Oat Bars 3x50g', '£2.00', '£1.34 / 100g')
('https://www.sainsburys.co.uk/shop/gb/groceries/product/details/special-offers-454372-44/nakd-chocolish-double-choc-4x35g-mpk', 'Nakd Double Chocolish Fruit & Nut Cereal Bars 4x35g', '£2.00', '£1.43 / 100g')
('https://www.sainsburys.co.uk/shop/gb/groceries/product/details/special-offers-454372-44/nakd-chocolish-choc-peanut-4x35g-mpk', 'Nakd Peanut Chocolish Fruit & Nut Cereal Bars 4x35g', '£2.00', '£1.43 / 100g')
('https://www.sainsburys.co.uk/shop/gb/groceries/product/details/special-offers-454372-44/muscle-moose-beaver-bar-chocolate-caramel-flavour-60g', 'Muscle Moose Beaver Bar Choc-Caramel Flavour 60g', '£1.50', '£2.50 / 100g')
('https://www.sainsburys.co.uk/shop/gb/groceries/product/details/special-offers-454372-44/maximuscle-protein-dippers-52g', 'Maximuscle Protein Chocolate Dippers 52g', '£1.00', '£1.92 / 100g')
('https://www.sainsburys.co.uk/shop/gb/groceries/product/details/special-offers-454372-44/quorn-vegetarian-chicken-slices-170g', 'Quorn Vegetarian Chicken Slices 170g', '£2.60', '£15.29 / kg')
('https://www.sainsburys.co.uk/shop/gb/groceries/product/details/special-offers-454372-44/sainsburys-vegan-thai-green-curry-with-rice-400g', "Sainsbury's Vegan Thai Green Curry With Rice 400g", '£3.00', '£7.50 / kg')
('https://www.sainsburys.co.uk/shop/gb/groceries/product/details/all-mothers-day/sainsburys-salted-caramel-roulades-taste-the-difference-x2-180g', "Sainsbury's Salted Caramel Roulades, Taste the Difference x2 180g", '£2.50', '£1.39 / 100g')
('https://www.sainsburys.co.uk/shop/gb/groceries/product/details/all-mothers-day/sainsburys-rainbow-fun-bouquet-7913821-p-44', "Sainsbury's Rainbow Fun Bouquet", '£10.00', '£10.00 / ea')
('https://www.sainsburys.co.uk/shop/gb/groceries/product/details/all-mothers-day/merchants-heart-pink-peppercorn-tonic-water-200ml', "Merchant's Heart Pink Peppercorn Tonic Water 200ml", '£1.00', '50p / 100ml')
('https://www.sainsburys.co.uk/shop/gb/groceries/product/details/all-mothers-day/sainsburys-canadian-extra-mature-cheddar-cheese-taste-the-difference-350g', "Sainsbury's Canadian Extra Mature Cheddar Cheese, Taste the Difference 350g", '£3.00', '£8.57 / kg')
('https://www.sainsburys.co.uk/shop/gb/groceries/product/details/all-mothers-day/lor-classique-instant-coffee-165g', "L'OR Classique Instant Coffee 165g", '£6.00', '£3.64 / 100g')
('https://www.sainsburys.co.uk/shop/gb/groceries/product/details/all-mothers-day/godiva-the-belgian-1926-chocolate-selection-box-215g', 'Godiva The Belgian 1926 Chocolate Selection Box 215g', '£7.00', '£3.26 / 100g')
('https://www.sainsburys.co.uk/shop/gb/groceries/product/details/all-mothers-day/godiva-dark-chocolate-bar--blood-orange-90g', 'Godiva Pure Belgian Dark Chocolate Bar, Blood Orange 90g', '£2.00', '£2.22 / 100g')
('https://www.sainsburys.co.uk/shop/gb/groceries/product/details/all-mothers-day/dorset-cereals-nutty-granola-500g', 'Dorset Cereals Nutty Granola 500g', '£4.00', '80p / 100g')
('https://www.sainsburys.co.uk/shop/gb/groceries/product/details/all-mothers-day/baron-de-guers-picpoul-de-pinet-75cl', 'Baron De Guers Picpoul De Pinet 75cl', '£7.00', '£7.00 / 75cl')
('https://www.sainsburys.co.uk/shop/gb/groceries/product/details/all-mothers-day/sainsburys-lemon---blueberry-sponge--taste-the-difference-400g', "Sainsbury's Blueberry & Lemon Sponge Pudding Dessert, Taste the Difference 400g", '£4.00', '£1.00 / 100g')
('https://www.sainsburys.co.uk/shop/gb/groceries/product/details/all-mothers-day/just-cook-honey-gammon-joint-470g', "Sainsbury's Just Cook Honey Gammon Joint 470g (Serves 3)", '£4.00', '£8.51 / kg')
('https://www.sainsburys.co.uk/shop/gb/groceries/product/details/all-mothers-day/oatly-foamable-1l', 'Oatly Oat Drink Barista Edition Long Life 1L', '£1.80', '£1.80 / ltr')
('https://www.sainsburys.co.uk/shop/gb/groceries/product/details/all-mothers-day/simon-howie-the-wee-black-pudding-200g-7649381-p-44', 'Simon Howie The Wee Black Pudding 200g', '£1.50', '£7.50 / kg')
('https://www.sainsburys.co.uk/shop/gb/groceries/product/details/all-mothers-day/sainsburys-carnaby-bouquet', "Sainsbury's Carnaby Bouquet", '£25.00', '£25.00 / ea')
('https://www.sainsburys.co.uk/shop/gb/groceries/product/details/all-mothers-day/sainsburys-pork-loin-joint--taste-the-difference-1000g', "Sainsbury's Outdoor Bred British Pork Loin Joint, Taste the Difference", '£6.50', '£6.50 / kg')
('https://www.sainsburys.co.uk/shop/gb/groceries/product/details/all-mothers-day/sainsburys-freefrom-plain-digestives-160g', "Sainsbury's Deliciously Free From Plain Digestives 160g", '£1.30', '81p / 100g')
('https://www.sainsburys.co.uk/shop/gb/groceries/product/details/all-mothers-day/quality-street-chocole--toffee-and-cremes-box-265g-7781909-p', 'Quality Street Assorted Chocolate Box 240g', '£2.00', '83p / 100g')
('https://www.sainsburys.co.uk/shop/gb/groceries/product/details/all-mothers-day/copella-apple-15l', 'Copella Cloudy Apple Juice 1.35L', '£2.00', '15p / 100ml')
('https://www.sainsburys.co.uk/shop/gb/groceries/product/details/all-mothers-day/sainsburys-chocolate-cheesecake--taste-the-difference-500g', "Sainsbury's Chocolate Cheesecake Dessert Taste the Difference 650g", '£4.75', '73p / 100g')
('https://www.sainsburys.co.uk/shop/gb/groceries/product/details/all-mothers-day/philadelphia-180g', 'Philadelphia Original Soft Cheese 180g', '£1.95', '£10.83 / kg')
('https://www.sainsburys.co.uk/shop/gb/groceries/product/details/all-mothers-day/rainbow-tulips', "Sainsbury's Rainbow Tulips Bouquet", '£5.00', '£5.00 / ea')
('https://www.sainsburys.co.uk/shop/gb/groceries/product/details/all-mothers-day/loreal-revitalift-laser-night-cream-50ml', "L'Oreal Paris Revitalift Laser Renew Anti Ageing Night Cream 50ml", '£15.00', '£30.00 / 100ml')
('https://www.sainsburys.co.uk/shop/gb/groceries/product/details/all-mothers-day/teapigs-mao-feng-green-tea-x15', 'Teapigs Mao Feng Green Tea x15 Tea Bags 37.5g', '£4.15', '£11.07 / 100g')
('https://www.sainsburys.co.uk/shop/gb/groceries/product/details/all-mothers-day/quorn-best-of-british-meat-free-sausages-240g', 'Quorn Best Of British Sausages 240g', '£2.00', '£8.33 / kg')
('https://www.sainsburys.co.uk/shop/gb/groceries/product/details/all-gifts/baileys-red-velvet-cupcake-liqueur-70cl', 'Baileys Red Velvet Cupcake Liqueur 70cl', '£16.00', '£22.86 / ltr')
('https://www.sainsburys.co.uk/shop/gb/groceries/product/details/all-gifts/lee-stafford-magic-wands', 'Lee Stafford Magic Wands Hair Curler', '£30.00', '£30.00 / ea')
('https://www.sainsburys.co.uk/shop/gb/groceries/product/details/all-gifts/escape-to-the-chateau-mug', 'Escape To The Chateau Mug', '£5.00', '£5.00 / ea')
('https://www.sainsburys.co.uk/shop/gb/groceries/product/details/all-gifts/escape-to-the-chateau-cake-stand', 'Escape To The Chateau Cake Stand', '£20.00', '£20.00 / ea')
('https://www.sainsburys.co.uk/shop/gb/groceries/product/details/all-gifts/this-works-stress-check-cbd-face-shield-50ml', 'This Works Stress Check CBD Face Shield 50ml', '£17.00', '£34.00 / 100ml')
('https://www.sainsburys.co.uk/shop/gb/groceries/product/details/all-gifts/ceramic-plant-markers-3pk', 'Ceramic Plant Markers 3PK', '£5.00', '£5.00 / ea')
('https://www.sainsburys.co.uk/shop/gb/groceries/product/details/all-gifts/super-nan-koala-soft-toy', 'Super Nan Koala Soft Toy', '£6.00', '£6.00 / ea')
('https://www.sainsburys.co.uk/shop/gb/groceries/product/details/all-gifts/family-planner', 'Family Planner', '£5.00', '£5.00 / ea')
('https://www.sainsburys.co.uk/shop/gb/groceries/product/details/all-gifts/gold-stem-gin-glass', 'Gold Stem Gin Glass', '£6.00', '£6.00 / ea')
('https://www.sainsburys.co.uk/shop/gb/groceries/product/details/all-gifts/nan-cushion-138002498-p-44', 'Nan Cushion', '£8.00', '£8.00 / ea')
('https://www.sainsburys.co.uk/shop/gb/groceries/product/details/all-gifts/boxed-pen-with-charm', 'Boxed Pen with Charm', '£5.00', '£5.00 / ea')
('https://www.sainsburys.co.uk/shop/gb/groceries/product/details/all-gifts/treats-for-mum', 'Treats for Mum', '£3.00', '£3.00 / ea')
('https://www.sainsburys.co.uk/shop/gb/groceries/product/details/all-gifts/memory-book', 'Memory Book', '£5.00', '£5.00 / ea')
('https://www.sainsburys.co.uk/shop/gb/groceries/product/details/all-gifts/boxed-coaster-k', 'Boxed Coaster "K"', '£3.00', '£3.00 / ea')
('https://www.sainsburys.co.uk/shop/gb/groceries/product/details/all-gifts/boxed-coaster-h', 'Boxed Coaster "H"', '£3.00', '£3.00 / ea')
('https://www.sainsburys.co.uk/shop/gb/groceries/product/details/all-gifts/boxed-coaster-c', 'Boxed Coaster "C"', '£3.00', '£3.00 / ea')
('https://www.sainsburys.co.uk/shop/gb/groceries/product/details/all-gifts/badge-mirror-h-138082715-p-44', 'Badge Mirror "H"', '£1.50', '£1.50 / ea')
('https://www.sainsburys.co.uk/shop/gb/groceries/product/details/all-gifts/makeup-bag-h', 'Makeup Bag "H"', '£6.00', '£6.00 / ea')
('https://www.sainsburys.co.uk/shop/gb/groceries/product/details/all-gifts/mug-o', 'Mug "O"', '£4.50', '£4.50 / ea')
('https://www.sainsburys.co.uk/shop/gb/groceries/product/details/all-gifts/mug-h', 'Mug "H"', '£4.50', '£4.50 / ea')
('https://www.sainsburys.co.uk/shop/gb/groceries/product/details/all-gifts/mug-b-138077342-p-44', 'Mug "B"', '£4.50', '£4.50 / ea')
('https://www.sainsburys.co.uk/shop/gb/groceries/product/details/all-gifts/notebook-pen-set-r', 'Notebook & Pen Set "R"', '£8.00', '£8.00 / ea')
('https://www.sainsburys.co.uk/shop/gb/groceries/product/details/all-gifts/notebook-pen-set-k', 'Notebook & Pen Set "K"', '£8.00', '£8.00 / ea')
('https://www.sainsburys.co.uk/shop/gb/groceries/product/details/about-future-brands/kent-fraser-chocolate-fudge-brownie-55g', 'Kent & Fraser Chocolate Fudge Brownie 55g', '£1.00', '£1.82 / 100g')
('https://www.sainsburys.co.uk/shop/gb/groceries/product/details/about-future-brands/ultrasun-professional-protection-family-high-sun-protection-spf-30-high-protection-100ml', 'Ultrasun Professional Protection Family High Sun Protection SPF 30 High Protection 100ml', '£20.00', '£20.00 / 100ml')
('https://www.sainsburys.co.uk/shop/gb/groceries/product/details/about-future-brands/rhokett-chocolate-chsecake-slices-2x100g', 'Rhokett Chocolate Cheesecake Slices 2x100g', '£3.00', '£1.50 / 100g')
('https://www.sainsburys.co.uk/shop/gb/groceries/product/details/about-future-brands/sainsburys-mens-sensitive-shave-gel-200ml', 'Men Advance Sensitive Shave Gel 200ml', '£1.00', '50p / 100ml')
('https://www.sainsburys.co.uk/shop/gb/groceries/product/details/about-future-brands/moving-mountains-plant-based-sausage-burgers-x2-227g', 'Moving Mountains Plant-Based Sausage Burgers x2 227g', '£3.00', '£13.22 / kg')
('https://www.sainsburys.co.uk/shop/gb/groceries/product/details/about-future-brands/mia-ben-banana-mango-organic-100g', 'Mia & Ben Super Food for Kids Banana, Mango & Pineapple 6+ Months 100g', '£1.20', '£1.20 / 100g')
('https://www.sainsburys.co.uk/shop/gb/groceries/product/details/about-future-brands/leon-aioli-245ml', 'LEON Garlic Aioli 245g', '£2.50', '£1.02 / 100ml')
('https://www.sainsburys.co.uk/shop/gb/groceries/product/details/future-brands-special-offers/happy-naturals-revitalising-foot-scrub-sea-minerals-ginger-root-100ml', 'Happy Naturals Revitalising Foot Scrub Sea Minerals & Ginger Root 100ml', '£2.50', '£1.25 / 100ml')
('https://www.sainsburys.co.uk/shop/gb/groceries/product/details/future-brands-special-offers/happy-naturals-nourishing-body-wash-argan-oil-sweet-orange-250ml', 'Happy Naturals Nourishing Body Wash Argan Oil & Shea 250ml', '£2.75', '£1.10 / 100ml')
('https://www.sainsburys.co.uk/shop/gb/groceries/product/details/future-brands-special-offers/super-facialist-antiage-night-cream-50ml', 'Super Facialist Hyaluronic Acid Firming Super Lift Night Cream 50ml', '£11.50', '£23.00 / 100ml')
('https://www.sainsburys.co.uk/shop/gb/groceries/product/details/future-brands-special-offers/super-facialist-anti-ageing-day-crm-50ml', 'Super Facialist Hyaluronic Acid Firming Super Lift Day Cream 50ml', '£11.50', '£23.00 / 100ml')
('https://www.sainsburys.co.uk/shop/gb/groceries/product/details/future-brands-special-offers/super-facialist-rose-hydrate-peaceful-skin-night-cream-50ml', 'Super Facialist Rose Hydrate Peaceful Skin Night Cream 50ml', '£10.00', '£20.00 / 100ml')
('https://www.sainsburys.co.uk/shop/gb/groceries/product/details/future-brands-special-offers/super-facialist-rose-hydrate-brighten---refine-facial-scrub-150ml', 'Super Facialist Rose Hydrate Brighten & Refine Facial Scrub 150ml', '£5.50', '£3.66 / 100ml')
('https://www.sainsburys.co.uk/shop/gb/groceries/product/details/future-brands-special-offers/dirty-works-luxury-sponge', 'Dirty Works Luxury Sponge', '£1.75', '£1.75 / ea')
('https://www.sainsburys.co.uk/shop/gb/groceries/product/details/future-brands-special-offers/wild-smoked-sockeye-salmon-100g', 'Wild Fish Discovery Sockeye Salmon 100g', '£5.75', '£5.75 / 100g')
('https://www.sainsburys.co.uk/shop/gb/groceries/product/details/future-brands-special-offers/dirty-works-you-soft-touch-lotion-100ml', 'Dirty Works You Soft Touch Lotion 100ml', '£1.75', '£1.75 / 100ml')
('https://www.sainsburys.co.uk/shop/gb/groceries/product/details/future-brands-special-offers/everleaf-non-alcoholic-bittersweet-aperitif-50cl', 'Everleaf Non-Alcoholic Bittersweet Aperitif 50cl', '£15.00', '£30.00 / ltr')
('https://www.sainsburys.co.uk/shop/gb/groceries/product/details/future-brands-special-offers/no1-living-ginger-kombucha-250ml', 'No.1 Living Sugar Free Kombucha Ginger with Turmeric 250ml', '£1.50', '60p / 100ml')
('https://www.sainsburys.co.uk/shop/gb/groceries/product/details/future-brands-special-offers/no1-living-raspberry-kombucha-250ml', 'No.1 Living Sugar Free Kombucha Raspberry with Pomegranate 250ml', '£1.50', '60p / 100ml')
('https://www.sainsburys.co.uk/shop/gb/groceries/product/details/future-brands-special-offers/moving-mountains-plant-based-sausage-burgers-x2-227g', 'Moving Mountains Plant-Based Sausage Burgers x2 227g', '£3.00', '£13.22 / kg')
('https://www.sainsburys.co.uk/shop/gb/groceries/product/details/future-brands-special-offers/sanctuary-spa-m2b-pamper-bag', 'Sanctuary Spa New Mum Pamper Bag', '£10.00', '£10.00 / ea')
('https://www.sainsburys.co.uk/shop/gb/groceries/product/details/future-brands-special-offers/prism-3in1-non-bio-caps-38wash-931g', 'Prism 3in1 Non-bio Caps 38wash 931g', '£5.00', '13p / ea')
('https://www.sainsburys.co.uk/shop/gb/groceries/product/details/future-brands-special-offers/super-facialist-retinol-anti-ageing-reviving-tonic-lotion-200ml', 'Super Facialist Retinol+ Anti-Ageing Reviving Tonic Lotion 200ml', '£10.00', '£6.67 / 100ml')
('https://www.sainsburys.co.uk/shop/gb/groceries/product/details/future-brands-special-offers/eco-warrior-clarifying-charcoal-bar-tea-tree-essential-oil-blend-100g', 'Eco Warrior Clarifying Charcoal Bar Tea Tree Essential Oil Blend 100g', '£3.00', '£3.00 / 100g')
('https://www.sainsburys.co.uk/shop/gb/groceries/product/details/future-brands-special-offers/dirty-works-signature-foot-scrub-125ml', 'Dirty Works Signature Foot Scrub 125ml', '£2.25', '£1.80 / 100ml')
('https://www.sainsburys.co.uk/shop/gb/groceries/product/details/future-brands-special-offers/the-paleo-foods-co-chia-hemp-grain-free-granola-300g', 'The Paleo Foods Co. Chia & Hemp Grain-Free Granola 285g', '£3.00', '£1.05 / 100g')
('https://www.sainsburys.co.uk/shop/gb/groceries/product/details/future-brands-special-offers/tribe-natural-protein-bar-choc-peanut-butter-50g', 'Tribe Natural Protein Bar Choc Peanut Butter 50g', '£1.50', '£3.00 / 100g')
('https://www.sainsburys.co.uk/shop/gb/groceries/product/details/future-brands-special-offers/turner-hardy-co-feisty-spiced-tomato-mix-750ml', 'Turner Hardy & Co Feisty Spiced Tomato Juice Mix 750ml', '£2.75', '36p / 100ml')
('https://www.sainsburys.co.uk/shop/gb/groceries/product/details/future-brands-special-offers/odysea-pitted-conservolia-olives-235g', 'Odysea Pitted Conservolia Olives 235g', '£2.40', '£1.02 / 100g')
('https://www.sainsburys.co.uk/shop/gb/groceries/product/details/future-brands-special-offers/sanctuary-spa-at-peace-with-the-world-gift-bag-7969082-p', 'Sanctuary Spa Uplifting Moments Gift Set', '£16.00', '£16.00 / ea')
('https://www.sainsburys.co.uk/shop/gb/groceries/product/details/future-brands-special-offers/sanctuary-spa-ultra-rich-body-butter-300ml-7969076-p', 'Sanctuary Spa Ultra Rich Body Butter 300ml', '£10.00', '£3.34 / 100ml')
('https://www.sainsburys.co.uk/shop/gb/groceries/product/details/future-brands-special-offers/sanctuary-spa-body-scrub-200ml', 'Sanctuary Spa Body Scrub 200ml', '£5.00', '£2.50 / 100ml')
('https://www.sainsburys.co.uk/shop/gb/groceries/product/details/future-brands-special-offers/beautypro-thermotherapy-warming-gold-foil-mask-with-hyaluronic-acid-q10-25ml', 'BeautyPro Hyaluronic Acid Gold Foil Mask 25ml', '£5.00', '£5.00 / ea')
('https://www.sainsburys.co.uk/shop/gb/groceries/product/details/future-brands-special-offers/super-facialist-rose-hydrate-miracle-makeover-facial-oil-30ml', 'Super Facialist Rose Hydrate Miracle Makeover Facial Oil 30ml', '£10.00', '£33.33 / 100ml')
('https://www.sainsburys.co.uk/shop/gb/groceries/product/details/future-brands-special-offers/happy-naturals-nourishing-bath-soak-argan-oil-sweet-orange-500ml', 'Happy Naturals Nourishing Bath Soak Argan Oil & Shea 500ml', '£3.00', '60p / 100ml')
('https://www.sainsburys.co.uk/shop/gb/groceries/product/details/all-gifting/super-facialist-glow-boost-skin-serum-30ml', 'Super Facialist Glow Boost Skin Serum 30ml', '£17.00', '£56.67 / 100ml')
('https://www.sainsburys.co.uk/shop/gb/groceries/product/details/all-gifting/nivea-sparkle-lips', 'Nivea Love Lips Set', '£5.00', '£5.00 / ea')
('https://www.sainsburys.co.uk/shop/gb/groceries/product/details/new-savoury-snacks/fridge-raiders-simply-seasoned-veggie-bites-70g', 'Fridge Raiders Simply Seasoned Veggie Snack Bites 70g', '£1.00', '£14.29 / kg')
('https://www.sainsburys.co.uk/shop/gb/groceries/product/details/new-savoury-snacks/fridge-raiders-mexican-veggie-bites-70g', 'Fridge Raiders Mexican Heatwave Veggie Snack Bites 70g', '£1.00', '£14.29 / kg')
('https://www.sainsburys.co.uk/shop/gb/groceries/product/details/new-savoury-snacks/sainsburys-mushroom-brie-truffle-garland-taste-the-difference-450g', "Sainsbury's Mushroom Brie & Truffle Garland, Taste the Difference 450g", '£6.50', '£1.44 / 100g')
('https://www.sainsburys.co.uk/shop/gb/groceries/product/details/chilled-cooked-meats/sainsburys-roast-chicken-thighs-500g', "Sainsbury's Roast Chicken Thighs 500g", '£3.00', '60p / 100g')
('https://www.sainsburys.co.uk/shop/gb/groceries/product/details/chilled-cooked-meats/sainsburys-tandoori-pulled-chicken-drumsticks-350g', "Sainsbury's Tandoori Pulled Chicken Drumsticks 350g", '£2.25', '64p / 100g')
('https://www.sainsburys.co.uk/shop/gb/groceries/product/details/chilled-cooked-meats/sainsburys-roast-sliced-chicken-breast-160g', "Sainsbury's Roast Sliced Chicken Breast 160g", '£2.00', '£1.25 / 100g')
('https://www.sainsburys.co.uk/shop/gb/groceries/product/details/chilled-cooked-meats/loasis-halal-tapas-selection-120g', "L'Oasis de DJerba Halal Spanish Tapas Selection 120g", '£2.00', '£1.67 / 100g')
('https://www.sainsburys.co.uk/shop/gb/groceries/product/details/chilled-cooked-meats/rr-spink---sons-kiln-roast-salmon-120g', 'RR. Spink & Sons Kiln Roast Smoked Salmon Slices 120g', '£4.50', '£3.75 / 100g')
('https://www.sainsburys.co.uk/shop/gb/groceries/product/details/chilled-cooked-meats/sainsburys-smoked-haddock-chowder--taste-the-difference-240g', "Sainsbury's Smoked Haddock Chowder, Taste the Difference x2 240g", '£3.75', '£1.56 / 100g')
('https://www.sainsburys.co.uk/shop/gb/groceries/product/details/chilled-cooked-meats/sainsburys-harissa-smoked-mackerel-approx-250g-', "Sainsbury's Harissa Smoked Mackerel (approx. 250g)", '£3.50', '£1.40 / 100g')
('https://www.sainsburys.co.uk/shop/gb/groceries/product/details/chilled-cooked-meats/silver-tide-marinated-herring---dill-380g', 'Silver Tide Marinated Herring & Dill 380g', '£2.25', '59p / 100g')
('https://www.sainsburys.co.uk/shop/gb/groceries/product/details/chilled-cooked-meats/h-forman---son-anchovies-with-garlic-212g', 'H. Forman & Son Anchovies with Garlic 200g', '£4.00', '£2.00 / 100g')
('https://www.sainsburys.co.uk/shop/gb/groceries/product/details/chilled-cooked-meats/tahira-sliced-turkey-salami-200g', 'Tahira Sliced Turkey Salami 200g', '£1.80', '90p / 100g')
('https://www.sainsburys.co.uk/shop/gb/groceries/product/details/chilled-cooked-meats/bernard-matthews-chicken-chunks-100g', 'Bernard Matthews Chicken Chunks 90g', '£1.10', '£1.22 / 100g')
('https://www.sainsburys.co.uk/shop/gb/groceries/product/details/chilled-cooked-meats/hoffmans-salmon-salad-150g', "Hoffman's Salmon Salad 150g", '£2.00', '£1.33 / 100g')
('https://www.sainsburys.co.uk/shop/gb/groceries/product/details/chilled-cooked-meats/sainsburys-honey-roast-salmon-portions-180g', "Sainsbury's Honey Roast Salmon Portions 180g (Ready to eat)", '£4.75', '£2.64 / 100g')
('https://www.sainsburys.co.uk/shop/gb/groceries/product/details/chilled-cooked-meats/denny-crumbed-ham-180g', 'Denny Crumbed Ham 180g', '£2.00', '£1.11 / 100g')
('https://www.sainsburys.co.uk/shop/gb/groceries/product/details/chilled-cooked-meats/thamina-chicken-cocktail-sausages-400g', 'Thamina Oriental Specialities Halal Smoked Chicken Cocktail Sausages 400g', '£2.00', '50p / 100g')
('https://www.sainsburys.co.uk/shop/gb/groceries/product/details/chilled-cooked-meats/sainsburys-prosciutto-cotto--taste-the-difference-120g', "Sainsbury's Italian Prosciutto Cotto Di Vignola, Taste the Difference 120g", '£2.75', '£2.29 / 100g')
('https://www.sainsburys.co.uk/shop/gb/groceries/product/details/chilled-cooked-meats/sainsburys-italian-parma-ham-24-month-matured--taste-the-difference-70g', "Sainsbury's Italian Parma Ham 24 Month Matured, Taste the Difference 70g", '£3.25', '£4.64 / 100g')
('https://www.sainsburys.co.uk/shop/gb/groceries/product/details/chilled-cooked-meats/sainsburys-french-charcuterie-selection-80g', "Sainsbury's French Charcuterie Selection 80g", '£1.95', '£2.44 / 100g')
('https://www.sainsburys.co.uk/shop/gb/groceries/product/details/chilled-cooked-meats/sainsburys-cooked-ham-240g', "Sainsbury's British Cooked Ham 240g, x14 Slices", '£2.50', '£1.04 / 100g')
('https://www.sainsburys.co.uk/shop/gb/groceries/product/details/chilled-cooked-meats/mattessons-smoked-pork-sausage--original-200g', 'Mattessons Original Smoked Pork Sausage 200g', '£2.10', '£1.05 / 100g')
('https://www.sainsburys.co.uk/shop/gb/groceries/product/details/chilled-cooked-meats/cookstown-deli-style-crumbed-ham-100g', 'Cookstown Deli Style Crumbed Ham 100g', '£1.70', '£1.70 / 100g')
('https://www.sainsburys.co.uk/shop/gb/groceries/product/details/chilled-cooked-meats/sainsburys-pastrami--taste-the-difference-120g', "Sainsbury's Pastrami, Taste the Difference 120g", '£2.75', '£2.29 / 100g')
('https://www.sainsburys.co.uk/shop/gb/groceries/product/details/chilled-cooked-meats/sainsburys-roast-turkey-breast-slices-120g', "Sainsbury's Roast Turkey Breast Slices x6 120g", '£1.75', '£1.46 / 100g')
('https://www.sainsburys.co.uk/shop/gb/groceries/product/details/chilled-cooked-meats/sainsburys-spicy-chorizo-ring-225g', "Sainsbury's Spanish Chorizo Ring 225g", '£2.25', '£1.00 / 100g')
('https://www.sainsburys.co.uk/shop/gb/groceries/product/details/chilled-cooked-meats/sainsburys-german-salami-selection-slices-100g', "Sainsbury's German Salami Selection Slices x30 100g", '£1.35', '£1.35 / 100g')
('https://www.sainsburys.co.uk/shop/gb/groceries/product/details/chilled-cooked-meats/sainsburys-roast-chicken-135g', "Sainsbury's British Roast Chicken Breast 135gm x7 Slices", '£1.75', '£1.30 / 100g')
('https://www.sainsburys.co.uk/shop/gb/groceries/product/details/chilled-cooked-meats/sainsburys-british-thick-cut-cooked-ham--be-good-to-yourself-80g', "Sainsbury's British Thick Cut Ham, Be Good To Yourself 80g, x4 Slices", '£1.75', '£2.19 / 100g')
('https://www.sainsburys.co.uk/shop/gb/groceries/product/details/chilled-cooked-meats/sainsburys-brussels-pate-with-cranberries-200g', "Sainsbury's Brussels & Cranberry Pate 200g", '£2.50', '£1.25 / 100g')
('https://www.sainsburys.co.uk/shop/gb/groceries/product/details/chilled-cooked-meats/sainsburys-brussels-spreadable-pâté-175g', "Sainsbury's Brussels Spreadable Pâté 175g", '80p', '46p / 100g')
('https://www.sainsburys.co.uk/shop/gb/groceries/product/details/chilled-cooked-meats/namja-halal-sliced-chicken-breast-150g', 'Najma Halal Sliced Chicken Breast 150g', '£2.00', '£1.33 / 100g')
('https://www.sainsburys.co.uk/shop/gb/groceries/product/details/chilled-cooked-meats/hoffmans-tuna-bites-180g', "Hoffman's Tuna Bites 180g", '£2.00', '£1.11 / 100g')
('https://www.sainsburys.co.uk/shop/gb/groceries/product/details/chilled-cooked-meats/sainsburys-scallop---prawn-bisque--taste-the-difference-240g', "Sainsbury's Scallop & Prawn Bisque, Taste the Difference 240g", '£4.50', '£1.88 / 100g')
('https://www.sainsburys.co.uk/shop/gb/groceries/product/details/chilled-cooked-meats/cookstown-wafer-thin-cooked-ham-200g', 'Cookstown Wafer Thin Cooked Ham 200g', '£1.50', '75p / 100g')
('https://www.sainsburys.co.uk/shop/gb/groceries/product/details/chilled-cooked-meats/pate-pate-the-tasty-salmon-one-110g-7665886-p-44', 'Pate Pate The Tasty Salmon One 110g', '£2.40', '£2.18 / 100g')
('https://www.sainsburys.co.uk/shop/gb/groceries/product/details/chilled-cooked-meats/sainsburys-breaded-ham-150g', 'Deli Express British Breaded Ham 150g', '£2.25', '£1.50 / 100g')
('https://www.sainsburys.co.uk/shop/gb/groceries/product/details/chilled-cooked-meats/sainsburys-wafer-thin-honey-cured-ham-70g', "Sainsbury's British Wafer Thin Honey Cured Ham 70g", '60p', '86p / 100g')
('https://www.sainsburys.co.uk/shop/gb/groceries/product/details/chilled-cooked-meats/sainsburys-maple---thyme-smoked-salmon-slices-150g', "Sainsbury's Maple & Thyme Smoked Salmon Slices 150g", '£4.50', '£3.00 / 100g')
('https://www.sainsburys.co.uk/shop/gb/groceries/product/details/ready-to-eat-fruit/sainsburys-berry-fruit-salad-160g', "Sainsbury's Berry Fruit Salad 160g", '£1.50', '£9.38 / kg')
('https://www.sainsburys.co.uk/shop/gb/groceries/product/details/ready-to-eat-fruit/sainsburys-seasonal-fruit-platter-400g', "Sainsbury's Fruit Platter 400g", '£2.75', '£6.88 / kg')
('https://www.sainsburys.co.uk/shop/gb/groceries/product/details/ready-to-eat-fruit/sainsburys-melon---grape-medley-400g', "Sainsbury's Melon & Grape Medley 380g", '£2.00', '£5.26 / kg')
('https://www.sainsburys.co.uk/shop/gb/groceries/product/details/ready-to-eat-fruit/sainsburys-pineapple-slices-350g', "Sainsbury's Pineapple Slices 350g", '£2.00', '£5.71 / kg')
('https://www.sainsburys.co.uk/shop/gb/groceries/product/details/ready-to-eat-fruit/sainsburys-pineapple-lolly-80g', "Sainsbury's Pineapple Lolly 80g", '40p', '£5.00 / kg')
('https://www.sainsburys.co.uk/shop/gb/groceries/product/details/ready-to-eat-fruit/sainsburys-melon-medley-400g', "Sainsbury's Melon Medley 380g", '£2.00', '£5.26 / kg')
('https://www.sainsburys.co.uk/shop/gb/groceries/product/details/ready-to-eat-fruit/sainsburys-melon---pineapple-fingers-240g', "Sainsbury's Melon & Pineapple Fingers 260g", '£2.00', '£7.69 / kg')
('https://www.sainsburys.co.uk/shop/gb/groceries/product/details/ready-to-eat-fruit/sainsburys-ftg-pink-lady-apple-bag-80g', "Sainsbury's Ftg Pink Lady Apple Bag 80g", '60p', '£7.50 / kg')
('https://www.sainsburys.co.uk/shop/gb/groceries/product/details/ready-to-eat-fruit/sainsburys-ftg-apple-grape-strawberry-135g', "Sainsbury's On the Go Apple, Grape & Strawberry 135g", '£1.00', '£7.41 / kg')
('https://www.sainsburys.co.uk/shop/gb/groceries/product/details/ready-to-eat-fruit/sainsburys-apple-mango-strawberry-raspberry-220g', "Sainsbury's Apple, Mango, Strawberry & Raspberry 220g", '£2.00', '£9.09 / kg')
('https://www.sainsburys.co.uk/shop/gb/groceries/product/details/ready-to-eat-fruit/sainsburys-pink-lady-apple-bag-350g', "Sainsbury's Pink Lady Apple Bag 350g", '£2.50', '£7.14 / kg')
('https://www.sainsburys.co.uk/shop/gb/groceries/product/details/prepared-stir-fry/sainsburys-blackbean-sauce-175ml', "Sainsbury's Fresh Black Bean Sauce 175ml", '£1.00', '57p / 100ml')
('https://www.sainsburys.co.uk/shop/gb/groceries/product/details/prepared-stir-fry/sainsburys-aromatic-stir-fry-with-basil--taste-the-difference-240g', "Sainsbury's Aromatic Stir Fry With Basil, Taste the Difference 240g", '£2.50', '£1.00 / 100g')
('https://www.sainsburys.co.uk/shop/gb/groceries/product/details/prepared-stir-fry/sainsburys-teriyaki---ginger-stir-fry-sauce-175ml', "Sainsbury's Fresh Teriyaki & Ginger Stir Fry Sauce 175ml", '£1.00', '57p / 100ml')
('https://www.sainsburys.co.uk/shop/gb/groceries/product/details/prepared-stir-fry/sainsburys-rice-noodles-300g', "Sainsbury's Rice Noodles 300g", '£1.25', '42p / 100g')
('https://www.sainsburys.co.uk/shop/gb/groceries/product/details/prepared-stir-fry/sainsburys-chilli-egg-noodles-250g', "Sainsbury's Chilli Egg Noodles 250g", '50p', '20p / 100g')
('https://www.sainsburys.co.uk/shop/gb/groceries/product/details/prepared-stir-fry/sainsburys-butternut-squash-noodles-300g', "Sainsbury's Butternut Squash Noodles 300g", '£1.30', '£4.33 / kg')
('https://www.sainsburys.co.uk/shop/gb/groceries/product/details/prepared-stir-fry/sainsburys-mixed-vegetable-stir-fry-325g', "Sainsbury's Mixed Vegetable Stir Fry 325g", '£1.00', '31p / 100g')
('https://www.sainsburys.co.uk/shop/gb/groceries/product/details/prepared-stir-fry/sainsburys-edamame-stir-fry-300g', "Sainsbury's Edamame Stir Fry 300g", '£1.50', '50p / 100g')
('https://www.sainsburys.co.uk/shop/gb/groceries/product/details/prepared-stir-fry/sainsburys-aromatic-stir-fry-vegetables--taste-the-difference-190g', "Sainsbury's Aromatic Stir Fry Vegetables, Taste the Difference 190g", '£2.00', '£1.05 / 100g')
('https://www.sainsburys.co.uk/shop/gb/groceries/product/details/prepared-stir-fry/sainsburys-free-range-fresh-egg-noodles-410g', "Sainsbury's Free Range Fresh Egg Noodles 410g", '£1.00', '24p / 100g')
('https://www.sainsburys.co.uk/shop/gb/groceries/product/details/prepared-stir-fry/sainsburys-sweet---crunchy-stir-fry-600g', "Sainsbury's Sweet & Crunchy Stir Fry 600g", '£1.50', '25p / 100g')
('https://www.sainsburys.co.uk/shop/gb/groceries/product/details/prepared-stir-fry/sainsburys-tenderstem-stir-fry--taste-the-difference-240g', "Sainsbury's Tenderstem Stir Fry, Taste the Difference 240g", '£2.50', '£1.04 / 100g')
('https://www.sainsburys.co.uk/shop/gb/groceries/product/details/ready-to-eat-salad-199711-44/sainsburys-asian-salad-kit-225g', "Sainsbury's Asian Salad Kit 225g", '£1.75', '78p / 100g')
('https://www.sainsburys.co.uk/shop/gb/groceries/product/details/ready-to-eat-salad-199711-44/sainsburys-ranch-salad-233g', "Sainsbury's Ranch Salad 233g", '£1.50', '64p / 100g')
('https://www.sainsburys.co.uk/shop/gb/groceries/product/details/ready-to-eat-salad-199711-44/sainsburys-pesto-pasta--taste-the-difference-400g', "Sainsbury's Pesto Pasta, Taste the Difference 400g", '£3.25', '81p / 100g')
('https://www.sainsburys.co.uk/shop/gb/groceries/product/details/ready-to-eat-salad-199711-44/sainsburys-smokey-chipotle---avocado-salad--taste-the-difference-220g', "Sainsbury's Smokey Chipotle & Avocado Salad, Taste the Difference 220g", '£2.25', '£1.02 / 100g')
('https://www.sainsburys.co.uk/shop/gb/groceries/product/details/ready-to-eat-salad-199711-44/sainsburys-greens---goats-cheese-salad--taste-the-difference-185g', "Sainsbury's Minted Greens & Goats Cheese Salad, Taste the Difference 170g", '£2.25', '£1.32 / 100g')
('https://www.sainsburys.co.uk/shop/gb/groceries/product/details/ready-to-eat-salad-199711-44/sainsburys-quinoa--almond---pistachio-salad--taste-the-difference-200g', "Sainsbury's Quinoa, Almond & Pistachio Salad, Taste the Difference 195g", '£2.25', '£1.15 / 100g')
('https://www.sainsburys.co.uk/shop/gb/groceries/product/details/ready-to-eat-salad-199711-44/sainsburys-rocket-salad--so-organic-60g', "Sainsbury's Rocket Salad, SO Organic 60g", '£1.50', '£2.50 / 100g')
('https://www.sainsburys.co.uk/shop/gb/groceries/product/details/ready-to-eat-salad-199711-44/florette-mixed-salad-180g', 'Florette Mixed Salad 180g', '£1.25', '69p / 100g')
('https://www.sainsburys.co.uk/shop/gb/groceries/product/details/ready-to-eat-salad-199711-44/sainsburys-baby-leaf-watercress-80g', "Sainsbury's Watercress 80g", '£1.00', '£1.25 / 100g')
('https://www.sainsburys.co.uk/shop/gb/groceries/product/details/ready-to-eat-salad-199711-44/sainsburys-mixed-leaf-salad-200g', "Sainsbury's Mixed Leaf Salad 200g", '£1.25', '62p / 100g')
('https://www.sainsburys.co.uk/shop/gb/groceries/product/details/ready-to-eat-salad-199711-44/sainsburys-iceberg-lettuce-200g', "Sainsbury's Iceberg Lettuce 200g", '60p', '30p / 100g')
('https://www.sainsburys.co.uk/shop/gb/groceries/product/details/fruit-veg-bigger-packs/sainsburys-melon-fridge-bag-500g', "Sainsbury's Melon Fridge Bag 500g", '£2.75', '£5.50 / kg')
('https://www.sainsburys.co.uk/shop/gb/groceries/product/details/fruit-veg-bigger-packs/sainsburys-carrots-1kg', "Sainsbury's Carrots 1kg", '41p', '41p / kg')
('https://www.sainsburys.co.uk/shop/gb/groceries/product/details/fruit-veg-bigger-packs/sainsburys-baby-potatoes-1kg', "Sainsbury's Baby Potatoes 1kg", '90p', '90p / kg')
('https://www.sainsburys.co.uk/shop/gb/groceries/product/details/fruit-veg-bigger-packs/sainsburys-easy-peelers-box--taste-the-difference-1kg', "Sainsbury's Easy Peelers Box, Taste the Difference 1kg", '£2.90', '£2.90 / kg')
('https://www.sainsburys.co.uk/shop/gb/groceries/product/details/fruit-veg-bigger-packs/sainsburys-maris-piper-potatoes-25kg-1308228-p-44', "Sainsbury's Maris Piper Potatoes 2.5kg", '£1.39', '56p / kg')
('https://www.sainsburys.co.uk/shop/gb/groceries/product/details/fruit-veg-bigger-packs/sainsburys-sweet-potatoes-125kg', "Sainsbury's Sweet Potato 1.25kg", '£1.50', '£1.20 / kg')
('https://www.sainsburys.co.uk/shop/gb/groceries/product/details/fruit-veg-bigger-packs/sainsburys-pink-lady-apple-bag-350g', "Sainsbury's Pink Lady Apple Bag 350g", '£2.50', '£7.14 / kg')
('https://www.sainsburys.co.uk/shop/gb/groceries/product/details/price-lock-food-cupboard/sainsburys-mint-chocolate-selection-120g', "Sainsbury's Mint Chocolate Selection 120g", '£2.50', '£2.08 / 100g')
('https://www.sainsburys.co.uk/shop/gb/groceries/product/details/price-lock-food-cupboard/heinz-tomato-ketchup-less-sugar-570g', 'Heinz Tomato Ketchup Less Sugar 550g', '£2.00', '36p / 100g')
('https://www.sainsburys.co.uk/shop/gb/groceries/product/details/price-lock-food-cupboard/oss-big-bowl-golden-syrup-6x496g', 'Quaker Oat So Simple Big Bowl Golden Syrup Porridge Sachets 6x49.6g', '£1.25', '36p / 100g')
('https://www.sainsburys.co.uk/shop/gb/groceries/product/details/price-lock-food-cupboard/stoats-golden-syrup-flavour-porridge-60g', 'Stoats Golden Syrup Flavour Porridge 60g', '60p', '£1.00 / 100g')
('https://www.sainsburys.co.uk/shop/gb/groceries/product/details/price-lock-food-cupboard/sainsburys-clear-honey-454g', "Sainsbury's Clear Honey 454g", '£1.35', '30p / 100g')
('https://www.sainsburys.co.uk/shop/gb/groceries/product/details/price-lock-food-cupboard/kelloggs-crunchy-nut-375g', "Kellogg's Crunchy Nut 375g", '£2.00', '53p / 100g')
('https://www.sainsburys.co.uk/shop/gb/groceries/product/details/price-lock-food-cupboard/kelloggs-special-k-375g', "Kellogg's Special K Original Cereal 375g", '£2.00', '53p / 100g')
('https://www.sainsburys.co.uk/shop/gb/groceries/product/details/price-lock-food-cupboard/kelloggs-coco-pops-375g', "Kellogg's Coco Pops Cereal 375g", '£2.00', '53p / 100g')
('https://www.sainsburys.co.uk/shop/gb/groceries/product/details/price-lock-food-cupboard/kelloggs-crunchy-nut-720g', "Kellogg's Crunchy Nut Corn Flakes Cereal 720g", '£3.50', '49p / 100g')
('https://www.sainsburys.co.uk/shop/gb/groceries/product/details/price-lock-food-cupboard/natural-confec-co-jelly-squirms-160g', 'The Natural Confectionery Co. Sour Squirms Bag 160g', '£1.00', '63p / 100g')
('https://www.sainsburys.co.uk/shop/gb/groceries/product/details/price-lock-food-cupboard/sainsburys-mackerel-fillets-in-smoky-bbq-sauce-125g', "Sainsbury's Mackerel Fillets in Smoky BBQ Sauce 125g", '80p', '64p / 100g')
('https://www.sainsburys.co.uk/shop/gb/groceries/product/details/price-lock-food-cupboard/sainsburys-crunchy-taco-shells-x12-150g', "Sainsbury's Crunchy Taco Shells x12 150g", '£1.30', '87p / 100g')
('https://www.sainsburys.co.uk/shop/gb/groceries/product/details/price-lock-food-cupboard/verival-organic-crunchy-chocolate-granola-cereal-375g', 'Verival Organic Crunchy Chocolate Granola Cereal 375g', '£3.00', '80p / 100g')
('https://www.sainsburys.co.uk/shop/gb/groceries/product/details/price-lock-food-cupboard/sainsburys-thai-red-curry-cooking-sauce-340g', "Sainsbury's Thai Red Curry Cooking Sauce 340g", '90p', '26p / 100g')
('https://www.sainsburys.co.uk/shop/gb/groceries/product/details/price-lock-food-cupboard/sainsburys-rendang-curry-paste-190g-7886226-p-44', "Sainsbury's Rendang Curry Paste 190g", '£1.35', '71p / 100g')
('https://www.sainsburys.co.uk/shop/gb/groceries/product/details/price-lock-food-cupboard/mackies-of-scotland-toffee-coated-popcorn-200g', "Mackie's of Scotland Toffee Coated Popcorn 200g", '£1.00', '50p / 100g')
('https://www.sainsburys.co.uk/shop/gb/groceries/product/details/price-lock-food-cupboard/nestle-shreddies-cereal-675g', 'Nestle Original Shreddies Cereal 675g', '£2.30', '34p / 100g')
('https://www.sainsburys.co.uk/shop/gb/groceries/product/details/price-lock-food-cupboard/colmans-mint-sauce-165g', "Colman's Mint Sauce 165g", '£1.00', '61p / 100g')
('https://www.sainsburys.co.uk/shop/gb/groceries/product/details/price-lock-food-cupboard/batchelors-super-noodles--chicken-75g', 'Batchelors Super Noodles Pot, Chicken 75g', '50p', '£6.67 / kg')
('https://www.sainsburys.co.uk/shop/gb/groceries/product/details/price-lock-food-cupboard/space-raiders-crisps--beef-10x13g', 'Space Raiders Crisps, Beef 8x11.8g', '£1.00', '£1.06 / 100g')
('https://www.sainsburys.co.uk/shop/gb/groceries/product/details/price-lock-food-cupboard/mackies-sweet---salted-popcorn-100g', "Mackie's Sweet & Salted Popcorn 100g", '£1.00', '£1.00 / 100g')
('https://www.sainsburys.co.uk/shop/gb/groceries/product/details/price-lock-food-cupboard/betty-crocker-coffee-icing-400g', 'Betty Crocker Classic Coffee Icing 400g', '£2.00', '50p / 100g')
('https://www.sainsburys.co.uk/shop/gb/groceries/product/details/price-lock-food-cupboard/old-el-paso-squeezy-guacamole-240g', 'Old El Paso Squeezy Chunky Guacamole 240g', '£1.75', '73p / 100g')
('https://www.sainsburys.co.uk/shop/gb/groceries/product/details/price-lock-food-cupboard/heinz-salad-cream-light-415g', 'Heinz Salad Cream Light 415g', '£2.00', '48p / 100g')
('https://www.sainsburys.co.uk/shop/gb/groceries/product/details/price-lock-food-cupboard/quaker-oats-oat-granola-honey---almond-550g', 'Quaker Oat Honey & Almond Granola 500g', '£2.00', '40p / 100g')
('https://www.sainsburys.co.uk/shop/gb/groceries/product/details/price-lock-food-cupboard/wheat-crunchies-crispy-bacon-6x25g', 'Wheat Crunchies Bacon 6x23g', '£1.00', '83p / 100g')
('https://www.sainsburys.co.uk/shop/gb/groceries/product/details/price-lock-food-cupboard/mug-shot-pasta--roast-chicken-soup-55g', 'Mug Shot Pasta Roast Chicken Soup 55g', '50p', '£9.09 / kg')
('https://www.sainsburys.co.uk/shop/gb/groceries/product/details/price-lock-food-cupboard/sainsburys-cake-decorations-multi-coloured-confetti-50g', "Sainsbury's Cake Decorations Coloured Confetti 50g", '£1.00', '£2.00 / 100g')
('https://www.sainsburys.co.uk/shop/gb/groceries/product/details/price-lock-food-cupboard/sainsburys-cake-decorations-glitter-strands-70g', "Sainsbury's Cake Decorations Glitter Strands 70g", '£1.00', '£1.43 / 100g')
('https://www.sainsburys.co.uk/shop/gb/groceries/product/details/price-lock-food-cupboard/sainsburys-tortilla-chips-200g', "Sainsbury's Tortilla Chips 200g", '95p', '48p / 100g')
('https://www.sainsburys.co.uk/shop/gb/groceries/product/details/price-lock-food-cupboard/natco-crushed-chillies-100g', 'Natco Crushed Chillies 100g', '£1.00', '10p / 10g')
('https://www.sainsburys.co.uk/shop/gb/groceries/product/details/price-lock-food-cupboard/kelloggs-bran-flakes-cereal-750g-2133980-p', "Kellogg's Bran Flakes Cereal 750g", '£2.50', '33p / 100g')
('https://www.sainsburys.co.uk/shop/gb/groceries/product/details/price-lock-food-cupboard/heinz-cream-of-chicken-soup-400g', 'Heinz Cream of Chicken Soup 400g', '80p', '20p / 100g')
('https://www.sainsburys.co.uk/shop/gb/groceries/product/details/price-lock-food-cupboard/sainsburys-lemon-curd-411g', "Sainsbury's Lemon Curd 411g", '65p', '16p / 100g')
('https://www.sainsburys.co.uk/shop/gb/groceries/product/details/price-lock-food-cupboard/sainsburys-mackerel-fillets--in-olive-oil-125g', "Sainsbury's Mackerel Fillets in Olive Oil 125g (90g*)", '80p', '89p / 100g')
('https://www.sainsburys.co.uk/shop/gb/groceries/product/details/price-lock-drinks/topo-chico-hard-seltzer-tangy-lemon-lime-330ml', 'Topo Chico Hard Seltzer Tangy Lemon Lime 330ml', '£2.00', '£6.06 / ltr')
('https://www.sainsburys.co.uk/shop/gb/groceries/product/details/price-lock-drinks/erdinger-low-alc-500ml', 'Erdinger Weissbrau Low Alcohol Lager Beer Bottle 500ml', '£1.25', '£2.50 / ltr')
('https://www.sainsburys.co.uk/shop/gb/groceries/product/details/price-lock-drinks/sainsburys-semi-skimmed-british-milk-1l', "Sainsbury's Semi Skimmed British Milk 1L", '80p', '80p / ltr')
('https://www.sainsburys.co.uk/shop/gb/groceries/product/details/price-lock-drinks/capri-sun-orange-15pk', 'Capri Sun Orange 15x200ml', '£5.00', '17p / 100ml')
('https://www.sainsburys.co.uk/shop/gb/groceries/product/details/price-lock-drinks/montpierre-vin-rouge-75cl', 'MontPierre Vin Rouge 75cl', '£4.70', '£4.70 / 75cl')
('https://www.sainsburys.co.uk/shop/gb/groceries/product/details/price-lock-drinks/sainsburys-no-added-sugar-fruit-slurps-summerfruits-juice-drink-6x250ml', "Sainsbury's No Added Sugar Fruit Slurps Summerfruits Juice Drink 6x250ml", '£1.50', '10p / 100ml')
('https://www.sainsburys.co.uk/shop/gb/groceries/product/details/price-lock-drinks/marstons-english-pale-ale-500ml', "Marston's English Pale Ale 500ml", '£1.00', '£2.00 / ltr')
('https://www.sainsburys.co.uk/shop/gb/groceries/product/details/snacking-and-lunchbox-cheeses/peperami-original-and-cheese-snack-box-50g', 'Peperami Original and Cheese Snack Box 50g', '£1.50', '£3.00 / 100g')
('https://www.sainsburys.co.uk/shop/gb/groceries/product/details/snacking-and-lunchbox-cheeses/seriously-spreadable-lighter-creamy-cheese-squares-8x167g', 'Seriously Spreadable Lighter Creamy Cheese Squares 8x16.7g', '£1.00', '£7.52 / kg')
('https://www.sainsburys.co.uk/shop/gb/groceries/product/details/snacking-and-lunchbox-cheeses/seriously-strong-vintage-cheese-spread-125g', 'Seriously Spreadable Vintage Cheese 125g', '£1.50', '£12.00 / kg')
('https://www.sainsburys.co.uk/shop/gb/groceries/product/details/snacking-and-lunchbox-cheeses/attack-a-snak-ham-99g', 'Attack A Snak Ham & Cheese Tortilla Wrap Kit x2 99g', '£1.50', '£15.15 / kg')
('https://www.sainsburys.co.uk/shop/gb/groceries/product/details/snacking-and-lunchbox-cheeses/seriously-strong-spreadable-125g', 'Seriously Spreadable Cheese 125g', '£1.50', '£12.00 / kg')
('https://www.sainsburys.co.uk/shop/gb/groceries/product/details/snacking-and-lunchbox-cheeses/dairylea-ritz-dunkers-4x46g', 'Dairylea Dunkers Ritz with Cheese 4X46g', '£2.25', '£12.23 / kg')
('https://www.sainsburys.co.uk/shop/gb/groceries/product/details/snacking-and-lunchbox-cheeses/cathedral-city-mature-minis-120g', 'Cathedral City Mini Mature Cheddar Cheeses 6x20g', '£1.75', '£14.58 / kg')
('https://www.sainsburys.co.uk/shop/gb/groceries/product/details/snacking-and-lunchbox-cheeses/sainsburys-nacho-cheese-triangles-x12-240g', "Sainsbury's Nacho Cheese Triangles x12 240g", '£2.00', '£8.33 / kg')
('https://www.sainsburys.co.uk/shop/gb/groceries/product/details/snacking-and-lunchbox-cheeses/baby-bel-mini-rolls-85g', 'Baby Bel Mini Rolls 85g', '£2.00', '£23.53 / kg')
('https://www.sainsburys.co.uk/shop/gb/groceries/product/details/snacking-and-lunchbox-cheeses/philadelphia-mini-tub-original-140g', 'Philadelphia Original Soft Cheese Mini Tubs 140g', '£1.95', '£13.93 / kg')
('https://www.sainsburys.co.uk/shop/gb/groceries/product/details/snacking-and-lunchbox-cheeses/dairylea-dunkers-breadsticks-4x47g', 'Dairylea Dunkers Breadsticks with Cheese 4x47g', '£2.25', '£11.97 / kg')
('https://www.sainsburys.co.uk/shop/gb/groceries/product/details/snacking-and-lunchbox-cheeses/dairylea-dunkers-jumbo-tubes-4x47g', 'Dairylea Dunkers Jumbo Tubes with Cheese 4x43g', '£2.25', '£11.97 / kg')
('https://www.sainsburys.co.uk/shop/gb/groceries/product/details/snacking-and-lunchbox-cheeses/sainsburys-reduced-fat-cheese-singles-200g', "Sainsbury's Reduced Fat Cheesy Slices 200g", '95p', '£4.75 / kg')
('https://www.sainsburys.co.uk/shop/gb/groceries/product/details/snacking-and-lunchbox-cheeses/sainsburys-lighter-mature-british-cheese-sticks-5x20g', "Sainsbury's Lighter Mature British Cheese Sticks 5x20g", '£1.25', '£12.50 / kg')
('https://www.sainsburys.co.uk/shop/gb/groceries/product/details/snacking-and-lunchbox-cheeses/serious-pig-snacking-cheese-60g', 'Serious Pig Crunchy Snacking Cheese 60g', '£3.00', '£5.00 / 100g')
('https://www.sainsburys.co.uk/shop/gb/groceries/product/details/snacking-and-lunchbox-cheeses/sainsburys-lighter-cheddar-cheese-sticks-120g', "Sainsbury's Lighter Cheddar Cheese Sticks 6x20g", '£1.30', '£10.83 / kg')
('https://www.sainsburys.co.uk/shop/gb/groceries/product/details/snacking-and-lunchbox-cheeses/cathedral-city-mature-cheddar-550g', 'Cathedral City Mature Cheese 550g', '£4.50', '£8.18 / kg')
('https://www.sainsburys.co.uk/shop/gb/groceries/product/details/snacking-and-lunchbox-cheeses/dairylea-triangles-x16-250g', 'Dairylea Cheese Triangles x16 250g', '£2.10', '£8.40 / kg')
('https://www.sainsburys.co.uk/shop/gb/groceries/product/details/snacking-and-lunchbox-cheeses/seriously-strong-spreadable-lighter-125g', 'Seriously Spreadable Cheese Lighter 125g', '£1.50', '£12.00 / kg')
('https://www.sainsburys.co.uk/shop/gb/groceries/product/details/snacking-and-lunchbox-cheeses/ilchester-cheese-selection-230g', 'Ilchester British Cheese Selection 230g', '£3.05', '£13.26 / kg')
('https://www.sainsburys.co.uk/shop/gb/groceries/product/details/snacking-and-lunchbox-cheeses/strings---things-cheestrings-twisted-cheese-snack-x8-160g-7567012-p', 'Strings & Things Twisted Cheestrings Cheese Snack x8 160g', '£2.75', '£17.19 / kg')
('https://www.sainsburys.co.uk/shop/gb/groceries/product/details/snacking-and-lunchbox-cheeses/strings---things-cheestrings-twisted-cheese-snack-x4-80g-7566892-p', 'Strings & Things Twisted Cheestrings Cheese Snack x4 80g', '£1.00', '£12.50 / kg')
('https://www.sainsburys.co.uk/shop/gb/groceries/product/details/snacking-and-lunchbox-cheeses/strings---things-cheestrings-cheese-snack-x4-80g-7566885-p', 'Strings & Things Cheestrings Cheese Snack x4 80g', '£1.00', '£12.50 / kg')
('https://www.sainsburys.co.uk/shop/gb/groceries/product/details/snacking-and-lunchbox-cheeses/seriously-strong-spreadable-250g', 'Seriously Spreadable Cheese 250g', '£2.50', '£10.00 / kg')
('https://www.sainsburys.co.uk/shop/gb/groceries/product/details/snacking-and-lunchbox-cheeses/creme-de-saint-agur-150g', 'Saint Agur Blue Creme Cheese 150g', '£1.60', '£10.66 / kg')
('https://www.sainsburys.co.uk/shop/gb/groceries/product/details/cream-custard/sainsburys-madagascan-vanilla-cream--taste-the-difference-250ml', "Sainsbury's Madagascan Vanilla Cream, Taste the Difference 250ml", '£1.55', '62p / 100ml')
('https://www.sainsburys.co.uk/shop/gb/groceries/product/details/cream-custard/sainsburys-british-creme-fraiche-600ml', "Sainsbury's British Crème Fraîche 600ml", '£1.95', '33p / 100ml')
('https://www.sainsburys.co.uk/shop/gb/groceries/product/details/cream-custard/sainsburys-british-creme-fraiche-300ml', "Sainsbury's British Crème Fraîche 300ml", '£1.20', '40p / 100ml')
('https://www.sainsburys.co.uk/shop/gb/groceries/product/details/cream-custard/sainsburys-scottish-single-cream-300ml', "Sainsbury's Scottish Single Cream 300ml", '75p', '25p / 100ml')
('https://www.sainsburys.co.uk/shop/gb/groceries/product/details/cream-custard/roddas-clotted-cream-113g', "Rodda's Clotted Cream 113g", '£1.40', '£1.24 / 100g')
('https://www.sainsburys.co.uk/shop/gb/groceries/product/details/cream-custard/elmlea-single-cream-substitute-284ml', 'Elmlea Single Alternative to Cream 284ml', '£1.00', '35p / 100ml')
('https://www.sainsburys.co.uk/shop/gb/groceries/product/details/cream-custard/sainsburys-buttermilk-300ml', "Sainsbury's Buttermilk 300ml", '85p', '28p / 100ml')
('https://www.sainsburys.co.uk/shop/gb/groceries/product/details/cream-custard/sainsburys-custard--be-good-to-yourself-500g', "Sainsbury's Custard, Be Good To Yourself 500g", '£1.60', '32p / 100g')
('https://www.sainsburys.co.uk/shop/gb/groceries/product/details/cream-custard/elmlea-plant-cream-single-270ml', 'Elmlea Plant Single Vegan Alternative to Cream 270ml', '£1.05', '39p / 100ml')
('https://www.sainsburys.co.uk/shop/gb/groceries/product/details/cream-custard/yeo-valley-family-farm-organic-soured-cream-200g', 'Yeo Valley Organic Soured Cream 200g', '95p', '48p / 100g')
('https://www.sainsburys.co.uk/shop/gb/groceries/product/details/cream-custard/yeo-valley-fat-free-creme-fraiche-200g', 'Yeo Valley Organic Fat Free Creme Fraiche 200g', '£1.10', '55p / 100g')
('https://www.sainsburys.co.uk/shop/gb/groceries/product/details/cream-custard/sainsburys-morello-cherry-extra-thick-cream-with-cherry-marnier--taste-the-difference-250ml', "Sainsbury's Extra Thick Morello Cherry Cream With Cherry Marnier, Taste the Difference 250ml", '1p', '0p / 100ml')
('https://www.sainsburys.co.uk/shop/gb/groceries/product/details/cream-custard/sainsburys-extra-thick-winter-spiced-cream-with-drambuie-250ml', "Sainsbury's Extra Thick Winter Spiced Cream With Drambuie 250ml", '1p', '0p / 100ml')
('https://www.sainsburys.co.uk/shop/gb/groceries/product/details/cream-custard/strathroy-dairy-fresh-whipping-cream-250ml', 'Strathroy Dairy Fresh Whipping Cream 250ml', '£1.20', '48p / 100ml')
('https://www.sainsburys.co.uk/shop/gb/groceries/product/details/cream-custard/alpro-chilled-alternative-to-cream-250ml', 'Alpro Soya Long Life Alternative to Single Cream 254g', '£1.10', '44p / 100ml')
('https://www.sainsburys.co.uk/shop/gb/groceries/product/details/meat-free-/sainsburys-halloumi-vegetable-kebabs-summer-edition-280g', "Sainsbury's Halloumi & Vegetable Kebabs, Summer Edition 280g", '£3.75', '£13.39 / kg')
('https://www.sainsburys.co.uk/shop/gb/groceries/product/details/meat-free-/lazy-vegan-ready-meal-mexican-veggies-chunky-pulled-peaz-350g', 'Lazy Vegan Ready Meal Mexican Veggies & Chunky Pulled Peaz 350g', '£3.00', '£8.57 / kg')
('https://www.sainsburys.co.uk/shop/gb/groceries/product/details/meat-free-/sophies-kitchen-vegan-smoked-salmon-113g', "Sophie's Kitchen Vegan Smoked Salmon 113g", '£4.50', '£39.82 / kg')
('https://www.sainsburys.co.uk/shop/gb/groceries/product/details/meat-free-/sophies-kitchen-vegan-shrimp', "Sophie's Kitchen Vegan Shrimp 250g", '£4.50', '£18.00 / kg')
('https://www.sainsburys.co.uk/shop/gb/groceries/product/details/meat-free-/frys-vegan-artisan-smoked-hot-dogs-x6-230g', "Fry's Vegan Artisan Smoked Hot Dogs x6 230g", '£2.75', '£11.96 / kg')
('https://www.sainsburys.co.uk/shop/gb/groceries/product/details/meat-free-/tofurky-ham-deli-slices-156g', 'Tofurky Plant-Based Deli Slices Smoke Ham Style 156g', '£3.00', '£19.23 / kg')
('https://www.sainsburys.co.uk/shop/gb/groceries/product/details/meat-free-/sainsburys-love-your-veg!-vegan-cumberland-shroomdogs-x6-350g', "Sainsbury's Love Your Veg! Vegan Cumberland Shroomdogs x6 350g", '£2.50', '£7.14 / kg')
('https://www.sainsburys.co.uk/shop/gb/groceries/product/details/meat-free-/linda-mccartney-vegetarian-shredded-hoisin-duck-300g', 'Linda McCartney Vegetarian Shredded Hoisin Duck 300g', '£2.50', '£8.33 / kg')
('https://www.sainsburys.co.uk/shop/gb/groceries/product/details/meat-free-/quorn-chicken-nuggets-476g', 'Quorn Vegetarian Chicken Style Nuggets 475g', '£2.60', '£5.46 / kg')
('https://www.sainsburys.co.uk/shop/gb/groceries/product/details/meat-free-/quorn-sausages-x8-336g', 'Quorn Vegetarian Sausages 336g', '£2.00', '£5.95 / kg')
('https://www.sainsburys.co.uk/shop/gb/groceries/product/details/meat-free-/oumph!-smoky-bits-180g', 'Oumph! Smoky Bits 180g', '£2.00', '£11.11 / kg')
('https://www.sainsburys.co.uk/shop/gb/groceries/product/details/meat-free-/like-meat-pea-based-smoked-sausage-180g', 'Like Meat Pea Based Smoked Sausage 180g', '£3.30', '£18.33 / kg')
('https://www.sainsburys.co.uk/shop/gb/groceries/product/details/meat-free-/fridge-raiders-mexican-veggie-bites-70g', 'Fridge Raiders Mexican Heatwave Veggie Snack Bites 70g', '£1.00', '£14.29 / kg')
('https://www.sainsburys.co.uk/shop/gb/groceries/product/details/meat-free-/strong-roots-spinach-bites-308g', 'Strong Roots Spinach Bites 308g', '£3.00', '£9.74 / kg')
('https://www.sainsburys.co.uk/shop/gb/groceries/product/details/meat-free-/the-meatless-farm-meat-free-burgers-227g', 'Meatless Farm Plant-Based Burgers x2 227g', '£2.50', '£11.01 / kg')
('https://www.sainsburys.co.uk/shop/gb/groceries/product/details/meat-free-/vivera-plant-veggie-burgers-200g', 'Vivera Plant Veggie Burgers 200g', '£2.50', '£12.50 / kg')
('https://www.sainsburys.co.uk/shop/gb/groceries/product/details/meat-free-/gosh!-naturally-delicious-veggie-cocktail-sausages-with-sage-black-pepper-240g', 'Gosh! Naturally Delicious Veggie Cocktail Sausages with Sage & Black Pepper 240g', '£2.95', '£1.23 / 100g')
('https://www.sainsburys.co.uk/shop/gb/groceries/product/details/meat-free-/birds-eye-gc-meatfree-swedish-balls-280g', 'Birds Eye Green Cuisine Meat-Free Meatballs 280g', '£1.50', '£5.36 / kg')
('https://www.sainsburys.co.uk/shop/gb/groceries/product/details/meat-free-/heck-vegfurter-x4-320g', 'Heck Vegfurter x4 320g', '£2.00', '£6.25 / kg')
('https://www.sainsburys.co.uk/shop/gb/groceries/product/details/meat-free-/sainsburys-vegan-no-beef-wellington-taste-the-difference-520g', 'Plant Pioneers No Beef Wellington 520g', '£6.00', '£11.54 / kg')
('https://www.sainsburys.co.uk/shop/gb/groceries/product/details/meat-free-/plant-pioneers-vegan-shroomballs-240g', 'Plant Pioneers Shroomballs', '£2.50', '£10.42 / kg')
('https://www.sainsburys.co.uk/shop/gb/groceries/product/details/meat-free-/quorn-vegan-crunchy-tex-mex-nuggets-200g', 'Quorn Totally Vegan Crunchy Tex-Mex Nuggets 200g', '£3.00', '£15.00 / kg')
('https://www.sainsburys.co.uk/shop/gb/groceries/product/details/meat-free-/the-tofoo-co-tempeh-200g', 'The Tofoo Co. Tempeh 200g', '£3.00', '£15.00 / kg')
('https://www.sainsburys.co.uk/shop/gb/groceries/product/details/meat-free-/bol-tuk-tuk-thai-panang-coconut-curry-405g', 'BOL Thai Panang Coconut Curry 405g', '£3.50', '£8.64 / kg')
('https://www.sainsburys.co.uk/shop/gb/groceries/product/details/meat-free-/linda-mccartneys-vegetarian-lincolnshire-sausages-x6-300g', "Linda McCartney's Vegetarian Lincolnshire Sausages x6 300g", '£2.20', '£7.33 / kg')
('https://www.sainsburys.co.uk/shop/gb/groceries/product/details/meat-free-/the-meatless-farm-co-meat-free-sausages-x6-300g', 'Meatless Farm Plant-Based Sausages x 6 300g', '£2.50', '£8.33 / kg')
('https://www.sainsburys.co.uk/shop/gb/groceries/product/details/meat-free-/sainsburys-vegetarian-chicken-nuggets-320g', 'Plant Pioneers Meat Free Chicken Style Nuggets 320g', '£1.75', '£5.47 / kg')
('https://www.sainsburys.co.uk/shop/gb/groceries/product/details/meat-free-/sacla-vegan-white-sauce-350g', "Sacla' Vegan White Sauce 350g", '£2.50', '71p / 100g')
('https://www.sainsburys.co.uk/shop/gb/groceries/product/details/meat-free-/gardein-mandarin-orange-crispy-chickn-225g', "Gardein Mandarin Orange Crispy Chick'n 225g", '£4.50', '£15.00 / kg')
('https://www.sainsburys.co.uk/shop/gb/groceries/product/details/meat-free-/frys-artisan-lightly-seasoned-vegan-chicken-style-strips-250g', "Fry's Artisan Lightly Seasoned Vegan Chicken-Style Strips 250g", '£2.75', '£11.00 / kg')
('https://www.sainsburys.co.uk/shop/gb/groceries/product/details/meat-free-/quorn-chicken-style-pieces-300g', 'Quorn Vegetarian Chicken Style Pieces 300g', '£2.00', '£6.67 / kg')
('https://www.sainsburys.co.uk/shop/gb/groceries/product/details/meat-free-/quorn-mince-300g', 'Quorn Vegetarian Mince 300g', '£2.00', '£6.67 / kg')
('https://www.sainsburys.co.uk/shop/gb/groceries/product/details/meat-free-/quorn-burgers--southern-style-252g', 'Quorn Vegetarian Southern Style Burger 252g', '£2.00', '£7.94 / kg')
('https://www.sainsburys.co.uk/shop/gb/groceries/product/details/meat-free-/quorn-burgers-x4-200g', 'Quorn Vegetarian Burgers 200g', '£2.00', '£10.00 / kg')
('https://www.sainsburys.co.uk/shop/gb/groceries/product/details/meat-free-/like-meat-organic-soya-based-chicken-bites-180g', 'Like Meat Organic Soya Based Chicken Bites 180g', '£3.00', '£16.67 / kg')
('https://www.sainsburys.co.uk/shop/gb/groceries/product/details/meat-free-/sainsburys-so-organic-super-firm-tofu-300g', "Sainsbury's SO Organic Super Firm Tofu 300g", '£1.50', '£5.00 / kg')
('https://www.sainsburys.co.uk/shop/gb/groceries/product/details/meat-free-/quorn-emmental-escalope-220g', 'Quorn Emmental Escalopes x2 220g', '£2.50', '£11.37 / kg')
('https://www.sainsburys.co.uk/shop/gb/groceries/product/details/meat-free-/pukka-vegan-minced-beef-pie-210g', 'Pukka Vegan Minced Steak & Onion Pie 210g', '£1.00', '£4.76 / kg')
('https://www.sainsburys.co.uk/shop/gb/groceries/product/details/meat-free-/lyv!-sweet-potato-spinach-curry-400g', "Sainsbury's Love Your Veg! Vegan Sweet Potato Curry with Rice 400g", '£2.00', '£5.00 / kg')
('https://www.sainsburys.co.uk/shop/gb/groceries/product/details/meat-free-/kielbasa-sausage-250g', 'Tofurky Plant-Based Sausage Kielbasa 250g', '£3.00', '£12.00 / kg')
('https://www.sainsburys.co.uk/shop/gb/groceries/product/details/meat-free-/lmc-pulled-pork-bao-bun-meal-kit-270g', "Linda McCartney's Vegetarian Pulled Pork Bao Bun Meal Kit 270g", '£5.00', '£18.52 / kg')
('https://www.sainsburys.co.uk/shop/gb/groceries/product/details/meat-free-/frys-bef-style-chille-pasty-200g', "Fry's Beef Style Chille Pasty 200g", '£2.00', '£10.00 / kg')
('https://www.sainsburys.co.uk/shop/gb/groceries/product/details/meat-free-/tofoo-co-sizzlers-spicy-tomato-250g', 'The Tofoo Co. Spicy Tomato Sizzlers Vegan 250g', '£3.00', '£12.00 / kg')
('https://www.sainsburys.co.uk/shop/gb/groceries/product/details/meat-free-/chimichurri-bites', 'Leon Garlic & Herb Cheeze Bites 180g', '£3.00', '£16.67 / kg')
('https://www.sainsburys.co.uk/shop/gb/groceries/product/details/aldi-price-match/sainsburys-scottish-whole-milk-113l-2-pint-', "Sainsbury's Scottish Whole Milk 1.13L (2 pint)", '80p', '70p / ltr')
('https://www.sainsburys.co.uk/shop/gb/groceries/product/details/aldi-price-match/sainsburys-basics-pork-sausages-1kg', "Sainsbury's Large Pork Sausages, Basics 1kg", '£1.10', '£1.10 / kg')
('https://www.sainsburys.co.uk/shop/gb/groceries/product/details/aldi-price-match/sainsburys-medium-wholemeal-bread--basics-800g', "Daily's Medium Sliced Wholemeal Bread 800g", '36p', '5p / 100g')
('https://www.sainsburys.co.uk/shop/gb/groceries/product/details/aldi-price-match/sharps-doom-bar-amber-ale-500ml', "Sharp's Doom Bar Amber Ale 500ml", '£1.49', '£2.98 / ltr')
('https://www.sainsburys.co.uk/shop/gb/groceries/product/details/aldi-price-match/marstons-old-empire-ale-ipa-500ml', "Marston's Old Empire Ale India Pale Ale (IPA) 500ml", '£1.25', '£2.50 / ltr')
('https://www.sainsburys.co.uk/shop/gb/groceries/product/details/aldi-price-match/mcewans-champion-ale-500ml', "McEwan's Champion Ale 500ml", '£1.49', '£2.98 / ltr')
('https://www.sainsburys.co.uk/shop/gb/groceries/product/details/aldi-price-match/newcastle-brown-ale-550ml', 'Newcastle Brown Ale Bottle 550ml', '£1.39', '£2.53 / ltr')
('https://www.sainsburys.co.uk/shop/gb/groceries/product/details/aldi-price-match/warburtons-white-sliced-bread--toastie-800g', 'Warburtons Toastie Thick Sliced White Bread 800g', '£1.10', '14p / 100g')
('https://www.sainsburys.co.uk/shop/gb/groceries/product/details/aldi-price-match/kronenbourg-1664-4x440ml', 'Kronenbourg 1664 Lager Beer Cans 4 x 440ml', '£4.50', '£2.56 / ltr')
('https://www.sainsburys.co.uk/shop/gb/groceries/product/details/aldi-price-match/premier-deli-salami-80g', 'Premier Deli Salami 80g', '53p', '66p / 100g')
('https://www.sainsburys.co.uk/shop/gb/groceries/product/details/aldi-price-match/fresh-faced-refreshing-facial-wash-150ml', "Sainsbury's Fresh Faced Refreshing Facial Wash 150ml", '85p', '57p / 100ml')
('https://www.sainsburys.co.uk/shop/gb/groceries/product/details/aldi-price-match/sainsburys-apple---blackcurrant-squash--basics-no-added-sugar-750ml', "Hubbard's Foodstore Double Strength Apple & Blackcurrant Squash 750ml", '40p', '5p / 100ml')
('https://www.sainsburys.co.uk/shop/gb/groceries/product/details/aldi-price-match/wild-valley-red-75cl', 'Wild Valley Red 75cl', '£2.99', '£2.99 / 75cl')
('https://www.sainsburys.co.uk/shop/gb/groceries/product/details/aldi-price-match/sainsburys-effervescent-vitamin-c--berry-1000mg-x20', "Sainsbury's Effervescent Vitamin C, Berry 1000mg x20", '79p', '4p / ea')
('https://www.sainsburys.co.uk/shop/gb/groceries/product/details/aldi-price-match/sainsburys-sweet---sour-chicken--basics-400g', 'Stamford Street Sweet & Sour Chicken 400g (Serves 1)', '69p', '£1.73 / kg')
('https://www.sainsburys.co.uk/shop/gb/groceries/product/details/aldi-price-match/sainsburys-celery-450g', "Sainsbury's Celery", '43p', '43p / ea')
('https://www.sainsburys.co.uk/shop/gb/groceries/product/details/aldi-price-match/sainsburys-cod-fishcakes-x2-270g', "Sainsbury's Cod Fishcakes x2 270g", '£1.15', '£4.26 / kg')
('https://www.sainsburys.co.uk/shop/gb/groceries/product/details/aldi-price-match/sainsburys-brunswick-ham-100g', "Sainsbury's German Brunswick Ham Slices x5 100g", '99p', '99p / 100g')
('https://www.sainsburys.co.uk/shop/gb/groceries/product/details/aldi-price-match/sainsburys-aubergine', "Sainsbury's Aubergine", '60p', '60p / ea')
('https://www.sainsburys.co.uk/shop/gb/groceries/product/details/aldi-price-match/sainsburys-scottish-double-cream-300ml', "Sainsbury's Scottish Double Cream 300ml", '85p', '28p / 100ml')
('https://www.sainsburys.co.uk/shop/gb/groceries/product/details/aldi-price-match/sainsburys-single-cream-300ml', "Sainsbury's British Single Cream 300ml", '75p', '25p / 100ml')
('https://www.sainsburys.co.uk/shop/gb/groceries/product/details/aldi-price-match/sainsburys-british-skimmed-milk-227l-4-pint-', "Sainsbury's British Skimmed Milk 2.27L (4 pint)", '£1.09', '48p / ltr')
('https://www.sainsburys.co.uk/shop/gb/groceries/product/details/aldi-price-match/sainsburys-scottish-skimmed-milk-227l-4pint-', "Sainsbury's Scottish Skimmed Milk 2.27L (4pint)", '£1.09', '48p / ltr')
('https://www.sainsburys.co.uk/shop/gb/groceries/product/details/aldi-price-match/sainsburys-cola-zero-2l', "Sainsbury's Cola Zero 2L", '39p', '2p / 100ml')
('https://www.sainsburys.co.uk/shop/gb/groceries/product/details/aldi-price-match/sainsburys-tortilla-chips--basics-200g', 'Just Snax Tortilla Chips, Basics 200g', '45p', '23p / 100g')
('https://www.sainsburys.co.uk/shop/gb/groceries/product/details/aldi-price-match/tresemmé-moisture-rich-luxurious-moisture-hair-shampoo-900ml', 'TRESemmé Moisture Rich, Luxurious Moisture Hair Shampoo 900ml', '£2.69', '30p / 100ml')
('https://www.sainsburys.co.uk/shop/gb/groceries/product/details/aldi-price-match/john-smiths-extra-smooth-bitter-4x440ml', "John Smith's Extra Smooth Ale Cans 4 x 440ml", '£3.75', '£2.13 / ltr')
('https://www.sainsburys.co.uk/shop/gb/groceries/product/details/aldi-price-match/sainsburys-malted-milk-biscuits-200g', "Sainsbury's Malted Milk Biscuits 200g", '29p', '15p / 100g')
('https://www.sainsburys.co.uk/shop/gb/groceries/product/details/aldi-price-match/sainsburys-white-chocolate--basics-100g', "Sainsbury's White Chocolate, Basics 100g", '30p', '30p / 100g')
('https://www.sainsburys.co.uk/shop/gb/groceries/product/details/aldi-price-match/sainsburys-vodka--basics-70cl', "Sainsbury's Vodka 70cl", '£9.75', '£13.93 / ltr')
('https://www.sainsburys.co.uk/shop/gb/groceries/product/details/aldi-price-match/sainsburys-plain-flour-15kg', "Sainsbury's Plain Flour 1.5kg", '45p', '30p / kg')
('https://www.sainsburys.co.uk/shop/gb/groceries/product/details/aldi-price-match/sainsburys-baked-beans-in-tomato-sauce--basics-420g', "Hubbard's Foodstore Baked Beans In Tomato Sauce, 400g", '21p', '53p / kg')
('https://www.sainsburys.co.uk/shop/gb/groceries/product/details/aldi-price-match/swizzels-drumstick-squashies-160g', 'Swizzels Drumstick Squashies Sweets 160g', '89p', '56p / 100g')
('https://www.sainsburys.co.uk/shop/gb/groceries/product/details/aldi-price-match/sainsburys-marmalade-medium-cut--basics-454g', "Hubbard's Foodstore Orange Marmalade Medium Cut 454g", '27p', '6p / 100g')
('https://www.sainsburys.co.uk/shop/gb/groceries/product/details/aldi-price-match/marmite-250g', 'Marmite Yeast Extract Spread 250g', '£2.69', '£1.08 / 100g')
('https://www.sainsburys.co.uk/shop/gb/groceries/product/details/aldi-price-match/hubbards-sweetcorn-325g', "Hubbard's Foodstore Sweetcorn in Water 325g", '35p', '£1.08 / kg')
('https://www.sainsburys.co.uk/shop/gb/groceries/product/details/aldi-price-match/the-greengrocer-garden-peas-850g', 'The Greengrocer Garden Peas 850g', '52p', '61p / kg')
('https://www.sainsburys.co.uk/shop/gb/groceries/product/details/aldi-price-match/dailys-porridge-oats-1kg', "Daily's Porridge Oats 1kg", '75p', '8p / 100g')
('https://www.sainsburys.co.uk/shop/gb/groceries/product/details/aldi-price-match/fresh-ideas-houmous-creamy-smooth-200g', 'Fresh Ideas Houmous Creamy & Smooth 200g', '69p', '35p / 100g')
('https://www.sainsburys.co.uk/shop/gb/groceries/product/details/aldi-price-match/jjames-family-smoked-back-bacon-rashers-x8-200g', 'J.James & Family Smoked Back Bacon Rashers x8 200g', '83p', '£4.15 / kg')
('https://www.sainsburys.co.uk/shop/gb/groceries/product/details/aldi-price-match/sainsburys-west-country-semi-skimmed-milk-113l-2-pint-7938683-p-44', "Sainsbury's West Country Semi Skimmed Milk 1.13L (2 Pint)", '80p', '70p / ltr')
('https://www.sainsburys.co.uk/shop/gb/groceries/product/details/aldi-price-match/sainsburys-hand-wash-500ml', "Sainsbury's Hand Wash 500ml", '50p', '10p / 100ml')
('https://www.sainsburys.co.uk/shop/gb/groceries/product/details/aldi-price-match/dairy-pride-uht-skimmed-milk-1l', 'Dairy Pride UHT Skimmed Milk 1L', '50p', '50p / ltr')
('https://www.sainsburys.co.uk/shop/gb/groceries/product/details/aldi-price-match/sainsburys-20-meaty-strips-200g', "Sainsbury's Meaty Strip Dog Treats with Chicken x20 200g", '65p', '£3.25 / kg')
('https://www.sainsburys.co.uk/shop/gb/groceries/product/details/all-gifts/scented-bags', 'Scented Bags', '£2.00', '£2.00 / ea')
('https://www.sainsburys.co.uk/shop/gb/groceries/product/details/all-gifts/ceramic-candle', 'Ceramic Candle', '£6.00', '£6.00 / ea')
('https://www.sainsburys.co.uk/shop/gb/groceries/product/details/all-gifts/drinks-bottle-h-138074900-p-44', 'Drinks Bottle "H"', '£5.00', '£5.00 / ea')
('https://www.sainsburys.co.uk/shop/gb/groceries/product/details/all-gifts/loreal-paris-revitalift-filler-renew-anti-ageing-day-cream-50ml', "L'Oreal Paris Revitalift Filler Renew Anti-Ageing Day Cream 50ml", '£14.00', '£28.00 / 100ml')
('https://www.sainsburys.co.uk/shop/gb/groceries/product/details/all-gifts/happy-naturals-nourishing-body-scrub-argan-oil-sweet-orange-200ml', 'Happy Naturals Nourishing Body Scrub Argan Oil & Shea 200ml', '£3.00', '£1.50 / 100g')
('https://www.sainsburys.co.uk/shop/gb/groceries/product/details/all-gifts/sainsburys-sweet-scented-spring-bouquet', "Sainsbury's Sweet Scented Spring Bouquet", '£20.00', '£20.00 / ea')
('https://www.sainsburys.co.uk/shop/gb/groceries/product/details/all-gifts/sainsburys-mini-hydrangea-zinc', "Sainsbury's Mini Hydrangea Zinc Pot", '£6.00', '£6.00 / ea')
('https://www.sainsburys.co.uk/shop/gb/groceries/product/details/all-gifts/baylis---harding-royale-bouquet-limited-edition-luxury-soap-set-3x100g', 'Baylis & Harding Royale Bouquet Limited Edition Luxury Soap Set 3x100g', '£4.00', '£1.33 / ea')
('https://www.sainsburys.co.uk/shop/gb/groceries/product/details/all-gifts/sainsburys-begonia-gift', "Sainsbury's Begonia in Ceramic", '£5.00', '£5.00 / ea')
('https://www.sainsburys.co.uk/shop/gb/groceries/product/details/all-gifts/bloom-gin-70cl', 'BLOOM London Dry Gin 70cl', '£20.00', '£28.57 / ltr')
('https://www.sainsburys.co.uk/shop/gb/groceries/product/details/all-gifts/lindt-master-chocolatier-collection-305g', 'Lindt Master Chocolatier Collection Chocolate Box 320g', '£10.00', '£3.12 / 100g')
('https://www.sainsburys.co.uk/shop/gb/groceries/product/details/all-gifts/ferrero-raffaello-240g', 'Ferrero Rocher Raffaello 240g', '£6.50', '£2.71 / 100g')
('https://www.sainsburys.co.uk/shop/gb/groceries/product/details/all-gifts/ferrero-rocher-chocolate-x24-300g', 'Ferrero Rocher Chocolate x24 300g', '£6.00', '£2.00 / 100g')
('https://www.sainsburys.co.uk/shop/gb/groceries/product/details/all-gifts/olay-regenerist-collagen-peptide-24-day-cream-non-fragrant-50ml', 'Olay Regenerist Collagen Peptide 24 Day Cream Non Fragrant 50ml', '£17.50', '£17.50 / ea')
('https://www.sainsburys.co.uk/shop/gb/groceries/product/details/all-gifts/escape-to-the-chateau-cake-forks-4pk', 'Escape To The Chateau Cake Forks 4pk', '£12.00', '£12.00 / ea')
('https://www.sainsburys.co.uk/shop/gb/groceries/product/details/all-gifts/this-works-stress-check-gentle-wash-250ml', 'This Works Stress Check Gentle Wash 250ml', '£15.00', '£6.00 / 100ml')
('https://www.sainsburys.co.uk/shop/gb/groceries/product/details/all-gifts/ceramic-planter', 'Ceramic Planter', '£5.00', '£5.00 / ea')
('https://www.sainsburys.co.uk/shop/gb/groceries/product/details/all-gifts/reed-diffuser', 'Reed Diffuser', '£8.00', '£8.00 / ea')
('https://www.sainsburys.co.uk/shop/gb/groceries/product/details/all-gifts/photo-frame', 'Photo Frame', '£8.00', '£8.00 / ea')
('https://www.sainsburys.co.uk/shop/gb/groceries/product/details/all-gifts/book-mark-with-charm', 'Book Mark with Charm', '£3.00', '£3.00 / ea')
('https://www.sainsburys.co.uk/shop/gb/groceries/product/details/all-gifts/star-trinket-dish', 'Star Trinket Dish', '£3.00', '£3.00 / ea')
('https://www.sainsburys.co.uk/shop/gb/groceries/product/details/all-gifts/best-mum-hanging-heart', 'Best Mum Hanging Heart', '£2.50', '£2.50 / ea')
('https://www.sainsburys.co.uk/shop/gb/groceries/product/details/all-gifts/mummy-i-love-you-mug', 'Mummy I love You Mug', '£2.50', '£2.50 / ea')
('https://www.sainsburys.co.uk/shop/gb/groceries/product/details/all-gifts/give-me-strength!-mug', 'Give Me Strength! Mug', '£3.50', '£3.50 / ea')
('https://www.sainsburys.co.uk/shop/gb/groceries/product/details/all-gifts/hug-for-nan-mug', 'Hug for Nan Mug', '£4.50', '£4.50 / ea')
('https://www.sainsburys.co.uk/shop/gb/groceries/product/details/all-gifts/boxed-coaster-e', 'Boxed Coaster "E"', '£3.00', '£3.00 / ea')
('https://www.sainsburys.co.uk/shop/gb/groceries/product/details/all-gifts/badge-mirror-s-138082951-p-44', 'Badge Mirror "S"', '£1.50', '£1.50 / ea')
('https://www.sainsburys.co.uk/shop/gb/groceries/product/details/all-gifts/makeup-bag-l', 'Makeup Bag "L"', '£6.00', '£6.00 / ea')
('https://www.sainsburys.co.uk/shop/gb/groceries/product/details/all-gifts/makeup-bag-d', 'Makeup Bag "D"', '£6.00', '£6.00 / ea')
('https://www.sainsburys.co.uk/shop/gb/groceries/product/details/all-gifts/makeup-bag-b', 'Makeup Bag "B"', '£6.00', '£6.00 / ea')
('https://www.sainsburys.co.uk/shop/gb/groceries/product/details/all-gifts/mug-s-138078071-p-44', 'Mug "S"', '£4.50', '£4.50 / ea')
('https://www.sainsburys.co.uk/shop/gb/groceries/product/details/all-gifts/mug-l-138077941-p-44', 'Mug "L"', '£4.50', '£4.50 / ea')
('https://www.sainsburys.co.uk/shop/gb/groceries/product/details/all-gifts/notebook-pen-set-s', 'Notebook & Pen Set "S"', '£8.00', '£8.00 / ea')
('https://www.sainsburys.co.uk/shop/gb/groceries/product/details/all-gifts/qa-grapefruit-cleansing-balm-125ml', 'Q+A Grapefruit Cleansing Balm 125ml', '£7.00', '£5.60 / 100ml')
('https://www.sainsburys.co.uk/shop/gb/groceries/product/details/all-gifts/loreal-paris-wrinkle-expert-45-night-cream-50ml', "L'Oreal Paris Wrinkle Expert 45+ Night Cream 50ml", '£10.00', '£10.00 / ea')
('https://www.sainsburys.co.uk/shop/gb/groceries/product/details/all-gifts/qa-collagen-anti-age-face-cream-50g', 'Q+A Collagen Anti-Age Face Cream 50g', '£9.00', '£18.00 / 100g')
('https://www.sainsburys.co.uk/shop/gb/groceries/product/details/all-gifts/sainsburys-home-floral-hideaway-gold-flower-pen', "Sainsbury's Home Floral Hideaway Gold Flower Pen", '£3.00', '£3.00 / ea')
('https://www.sainsburys.co.uk/shop/gb/groceries/product/details/all-gifts/vintage-co-vintage-patterns-petal-top-to-toe-kit', 'Vintage & Co Vintage Patterns & Petal Top to Toe Kit', '£12.00', '£12.00 / ea')
('https://www.sainsburys.co.uk/shop/gb/groceries/product/details/all-gifts/heathcote-ivory-in-the-garden-hand-cream-moisturising-hand-sanitiser-gift-set', 'Heathcote & Ivory In The Garden Hand Cream & Moisturising Hand Sanitiser Gift Set', '£5.50', '£5.50 / ea')
('https://www.sainsburys.co.uk/shop/gb/groceries/product/details/all-gifts/small-elephant-soft-toy', 'Small Elephant Soft Toy', '£5.00', '£5.00 / ea')
('https://www.sainsburys.co.uk/shop/gb/groceries/product/details/all-gifts/large-elephant-soft-toy', 'Large Elephant Soft Toy', '£10.00', '£10.00 / ea')
('https://www.sainsburys.co.uk/shop/gb/groceries/product/details/all-gifts/jj-whitley-pink-cherry-gin-1-litre', 'J.J Whitley Pink Cherry Gin 1 Litre', '£16.00', '£16.00 / ltr')
('https://www.sainsburys.co.uk/shop/gb/groceries/product/details/all-gifts/dirty-works-bright-eyes-under-eye-masks-3x4ml', 'Dirty Works Bright Eyes Under Eye Masks 3x4ml', '£4.00', '£10.00 / 100g')
('https://www.sainsburys.co.uk/shop/gb/groceries/product/details/all-gifts/olay-regenerist-daily-serum-50ml-6013924-p-44', 'Olay Regenerist Daily Regenerating Serum 50ml - Ultra-Lighweight, Smooths The Look Of Wrinkles', '£10.00', '£20.00 / 100ml')
('https://www.sainsburys.co.uk/shop/gb/groceries/product/details/all-gifts/olay-regenerist-regenerating-day-cream-moisturiser-50ml', 'Olay Regenerist Regenerating Day Cream 50ml - Smooths The Look Of Lines & Wrinkles', '£13.50', '£27.00 / 100ml')
('https://www.sainsburys.co.uk/shop/gb/groceries/product/details/all-gifts/sanctuary-spa-let-go---unwind-gift-set-7969094-p', 'Sanctuary Spa Your Mini Moment Gift Set', '£8.00', '£8.00 / ea')
('https://www.sainsburys.co.uk/shop/gb/groceries/product/details/all-gifts/sanctuary-spa-moisture-rich-foot-butter-100ml-7968928-p', 'Sanctuary Spa Moisture Rich Foot Butter 100ml', '£5.00', '£5.00 / 100ml')
('https://www.sainsburys.co.uk/shop/gb/groceries/product/details/all-gifts/sanctuary-spa-hot-sugar-scrub-550g-7968740-p', 'Sanctuary Spa Hot Sugar Scrub 550g', '£13.00', '£2.36 / 100ml')
('https://www.sainsburys.co.uk/shop/gb/groceries/product/details/special-offers-454372-44/sainsburys-millionaires-cheesecake-3x100g', "Sainsbury's Millionaires Cheesecake 3x100g", '£1.80', '60p / 100g')
('https://www.sainsburys.co.uk/shop/gb/groceries/product/details/special-offers-454372-44/sainsburys-cookie-dough-pizza-360g', "Sainsbury's Cookie Dough Pizza Takeaway Dessert 360g", '£3.00', '£8.33 / kg')
('https://www.sainsburys.co.uk/shop/gb/groceries/product/details/special-offers-454372-44/genius-fibre-fest-artisan-loaf-350g', "Genius Gluten Free Gut-Lovin' Cob 385g", '£2.50', '66p / 100g')
('https://www.sainsburys.co.uk/shop/gb/groceries/product/details/special-offers-454372-44/sainsburys-lamb-hotpot-taste-the-difference-400g', "Sainsbury's Lamb Hotpot, Taste the Difference 400g", '£3.00', '£7.50 / kg')
('https://www.sainsburys.co.uk/shop/gb/groceries/product/details/special-offers-454372-44/drury-173-elderflower-lychee-gin-liqueur-50cl', 'Drury 173 Elderflower & Lychee Gin Liqueur 50cl', '£9.00', '£18.00 / ltr')
('https://www.sainsburys.co.uk/shop/gb/groceries/product/details/special-offers-454372-44/heck-6-vegan-breakfast-plant-based-sausages-255g', 'Heck 6 Vegan Breakfast Plant Based Sausages 255g', '£1.75', '£6.86 / kg')
('https://www.sainsburys.co.uk/shop/gb/groceries/product/details/special-offers-454372-44/nuii-salted-caramel-australian-macadamia-3x90ml', 'Nuii Salted Caramel & Australian Macadamia 3x90ml', '£2.50', '92p / 100ml')
('https://www.sainsburys.co.uk/shop/gb/groceries/product/details/special-offers-454372-44/optimum-nutrition-micronised-creatine-powder-unflavoured-317g', 'Optimum Nutrition Micronised Creatine Powder Unflavoured 317g', '£9.00', '£2.84 / 100g')
('https://www.sainsburys.co.uk/shop/gb/groceries/product/details/special-offers-454372-44/schar-gluten-free-brown-ciabatta-rolls-x4-200g', 'Schar Gluten Free Brown Ciabatta Rolls x4', '£1.50', '75p / 100g')
('https://www.sainsburys.co.uk/shop/gb/groceries/product/details/special-offers-454372-44/nandos-perinaise--mild-265g', "Nando's Perinaise Peri-Peri Mayonnaise Mild 265g", '£1.90', '72p / 100g')
('https://www.sainsburys.co.uk/shop/gb/groceries/product/details/special-offers-454372-44/farringtons-mellow-yellow-honey---mustard-dressing-250ml', "Farrington's Mellow Yellow Honey & Mustard Dressing 250ml", '£3.00', '£1.20 / 100ml')
('https://www.sainsburys.co.uk/shop/gb/groceries/product/details/special-offers-454372-44/linwoods-milled-chia-apple---cinnamon-200g', 'Linwoods Milled Chia Apple & Cinnamon 200g', '£4.00', '£2.00 / 100g')
('https://www.sainsburys.co.uk/shop/gb/groceries/product/details/special-offers-454372-44/betty-crocker-lemon-icing-400g', 'Betty Crocker Zesty Lemon Icing 400g', '£2.00', '50p / 100g')
('https://www.sainsburys.co.uk/shop/gb/groceries/product/details/special-offers-454372-44/sainsburys-unwaxed-lemons--so-organic-x4', "Sainsbury's Lemons Unwaxed, SO Organic x3", '£1.35', '45p / ea')
('https://www.sainsburys.co.uk/shop/gb/groceries/product/details/special-offers-454372-44/kirstys-spanish-chicken-with-rice-400g', "Kirsty's Spanish Chicken With Rice 400g (Serves 1)", '£2.00', '£5.00 / kg')
('https://www.sainsburys.co.uk/shop/gb/groceries/product/details/special-offers-454372-44/kirstys-cottage-pie-sweet-potato-mash-400g', "Kirsty's Cottage Pie Sweet Potato Mash 400g (Serves 1)", '£2.00', '£5.00 / kg')
('https://www.sainsburys.co.uk/shop/gb/groceries/product/details/special-offers-454372-44/sainsburys-singapore-noodles-450g', "Sainsbury's Singapore Noodles 450g (Serves 1)", '£2.75', '£6.88 / kg')
('https://www.sainsburys.co.uk/shop/gb/groceries/product/details/special-offers-454372-44/seabrook-crinkle-cut-potato-crisps--cheese---onion-318g', 'Seabrook Crinkle Cut Crisps Cheese & Onion 31.8g', '75p', '£2.36 / 100g')
('https://www.sainsburys.co.uk/shop/gb/groceries/product/details/special-offers-454372-44/kettle-chips-lightly-salted-150g', 'Kettle Chips Lightly Salted Sharing Crisps 150g', '£1.00', '67p / 100g')
('https://www.sainsburys.co.uk/shop/gb/groceries/product/details/special-offers-454372-44/yeo-valley-organic-yogurt-strawberry-450g', 'Yeo Valley Organic Strawberry Yogurt 450g', '£1.00', '22p / 100g')
('https://www.sainsburys.co.uk/shop/gb/groceries/product/details/special-offers-454372-44/alpro-long-life-soya-milk-alternative--original-1l', 'Alpro Soya Long Life Drink 1L', '£1.20', '£1.20 / ltr')
('https://www.sainsburys.co.uk/shop/gb/groceries/product/details/special-offers-454372-44/ocean-spray-wholeberry-cranberry-sauce-250g', 'Ocean Spray Wholeberry Cranberry Sauce 250g', '£1.40', '56p / 100g')
('https://www.sainsburys.co.uk/shop/gb/groceries/product/details/special-offers-454372-44/ocean-spray-smooth-cranberry-sauce-250g', 'Ocean Spray Smooth Cranberry Sauce 250g', '£1.40', '56p / 100g')
('https://www.sainsburys.co.uk/shop/gb/groceries/product/details/special-offers-454372-44/butterkist-sweet-cinema-style-popcorn-120g', 'Butterkist Popcorn Sweet Cinema Style 100g', '£1.00', '£1.00 / 100g')
('https://www.sainsburys.co.uk/shop/gb/groceries/product/details/special-offers-454372-44/deliciously-ella-pb-oat-bar-150g', 'Deliciously Ella Peanut Oat Bars 3x50g', '£2.00', '£1.34 / 100g')
('https://www.sainsburys.co.uk/shop/gb/groceries/product/details/special-offers-454372-44/lo-bros-gut-shot-beet-boost-organic-60ml', 'Lo Bros Organic Kombucha Gut Shot Beetroot 60ml', '£1.75', '£2.92 / 100ml')
('https://www.sainsburys.co.uk/shop/gb/groceries/product/details/special-offers-454372-44/cono-sur-sauvignon-blanc-organic-75cl', 'Cono Sur Organic Sauvignon Blanc 75cl', '£7.50', '£7.50 / 75cl')
('https://www.sainsburys.co.uk/shop/gb/groceries/product/details/special-offers-454372-44/birds-eye-gc-meatfree-swedish-balls-280g', 'Birds Eye Green Cuisine Meat-Free Meatballs 280g', '£1.50', '£5.36 / kg')
('https://www.sainsburys.co.uk/shop/gb/groceries/product/details/special-offers-454372-44/muscle-moose-beaver-bar-white-chocolate-flavour-60g', 'Muscle Moose Beaver Bar White Chocolate Flavour 60g', '£1.50', '£2.50 / 100g')
('https://www.sainsburys.co.uk/shop/gb/groceries/product/details/special-offers-454372-44/chicago-town-stonebaked-cheese-448g', 'Chicago Town Loaded Classic Crust Cheeeese Fest Pizza 430g', '£4.00', '£8.93 / kg')
('https://www.sainsburys.co.uk/shop/gb/groceries/product/details/special-offers-454372-44/waken-spearmint-mouthwash-500ml', 'Waken Spearmint Mouthwash 500ml', '£4.50', '90p / 100ml')
('https://www.sainsburys.co.uk/shop/gb/groceries/product/details/special-offers-454372-44/bio-kult-migréa-advanced-multi-action-formulation-head-x60', 'Bio-Kult Migréa Advanced Multi-Action Formulation Head x60', '£10.00', '17p / tblt')
('https://www.sainsburys.co.uk/shop/gb/groceries/product/details/special-offers-454372-44/crosta-mollica-ready-to-top-pizza-base-with-tomato-sauce-270g', 'Crosta & Mollica Ready to Top Pizza Base with Tomato Sauce 270g', '£2.10', '78p / 100kg')
('https://www.sainsburys.co.uk/shop/gb/groceries/product/details/special-offers-454372-44/sainsburys-mushroom-kale-pecorino-taste-the-difference-435g', "Sainsbury's Mushroom Kale & Pecorino, Taste the Difference 435g", '£4.50', '£1.03 / 100g')
('https://www.sainsburys.co.uk/shop/gb/groceries/product/details/special-offers-454372-44/sainsburys-apple-pie-550g', "Sainsbury's Apple Pie Dessert 550g", '£2.80', '51p / 100g')
('https://www.sainsburys.co.uk/shop/gb/groceries/product/details/special-offers-454372-44/pizza-express-margherita-8-pizza', 'Pizza Express Margherita Pizza 245g', '£2.50', '£10.21 / kg')
('https://www.sainsburys.co.uk/shop/gb/groceries/product/details/special-offers-454372-44/pataks-rogan-josh-spice-paste-283g-3442821-p', "Patak's Rogan Josh Spice Paste 283g", '£2.30', '81p / 100g')
('https://www.sainsburys.co.uk/shop/gb/groceries/product/details/special-offers-454372-44/pataks-tandoori-paste-312g', "Patak's Tandoori Spice Marinade 312g", '£2.20', '71p / 100g')
('https://www.sainsburys.co.uk/shop/gb/groceries/product/details/special-offers-454372-44/sainsburys-chicken-chow-mein-450g', "Sainsbury's Chicken Chow Mein 400g (Serves 1)", '£2.75', '£6.88 / kg')
('https://www.sainsburys.co.uk/shop/gb/groceries/product/details/special-offers-454372-44/nakd-cocoa-orange-fruit---nut-bar-35g-7393168-p', 'Nakd Cocoa Orange Fruit & Nut Bar 35g', '60p', '£1.71 / 100g')
('https://www.sainsburys.co.uk/shop/gb/groceries/product/details/all-gifting/mary-berry-indulgent-chocolate-cake-420g', "Mary Berry's Indulgent Chocolate Cake 420g (Serves 6)", '£3.00', '71p / 100g')
('https://www.sainsburys.co.uk/shop/gb/groceries/product/details/all-gifting/sainsburys-home-soft-grip-scissors-131467751-p', "Sainsbury's Home Soft Grip Scissors", '£4.50', '£4.50 / ea')
('https://www.sainsburys.co.uk/shop/gb/groceries/product/details/all-gifting/journeys-end-bluegum-merlot-75cl', 'Journeys End Bluegum Merlot 75cl', '£10.00', '£10.00 / 75cl')
('https://www.sainsburys.co.uk/shop/gb/groceries/product/details/all-gifting/take-a-view-blank-island-card', 'Take A View Blank Island Card', '£2.00', '£2.00 / ea')
('https://www.sainsburys.co.uk/shop/gb/groceries/product/details/all-gifting/thorntons-continental-chocolates-142g', 'Thorntons Continental Chocolates 142g', '13p', '9p / 100g')
('https://www.sainsburys.co.uk/shop/gb/groceries/product/details/all-gifting/sainsburys-all-butter-shortbread-assortment-tin-240g', "Sainsbury's All Butter Shortbread Assortment Tin 240g", '£4.50', '£1.88 / 100g')
('https://www.sainsburys.co.uk/shop/gb/groceries/product/details/all-gifting/whitley-neill-london-dry-gin-70cl', 'Whitley Neill London Dry Gin 70cl', '£26.00', '£37.14 / ltr')
('https://www.sainsburys.co.uk/shop/gb/groceries/product/details/all-gifting/sainsburys-summer-show', "Sainsbury's Seasonal Show Bouquet", '£5.00', '£5.00 / ea')
('https://www.sainsburys.co.uk/shop/gb/groceries/product/details/all-gifting/lindt-lindor-strawberries---cream-200g', 'Lindt Lindor Strawberries & Cream Chocolate Truffles Box 200g', '£4.00', '£2.00 / 100g')
('https://www.sainsburys.co.uk/shop/gb/groceries/product/details/all-gifting/sainsburys-conegliano-prosecco--taste-the-difference-75cl', "Sainsbury's Conegliano Prosecco, Taste the Difference 75cl", '£10.00', '£10.00 / 75cl')
('https://www.sainsburys.co.uk/shop/gb/groceries/product/details/all-gifting/sainsburys-happy-birthday-madeira-cake-1260g', "Sainsbury's Happy Birthday Madeira Cake 1.26kg (Serves 18)", '£10.00', '83p / 100g')
('https://www.sainsburys.co.uk/shop/gb/groceries/product/details/all-gifting/sainsburys-seriously-white-choc-pearl-cake-900g', "Sainsbury's Seriously White Chocolate Madeira Cake 839g (Serves 12)", '£10.00', '£1.19 / 100g')
('https://www.sainsburys.co.uk/shop/gb/groceries/product/details/all-gifting/maltesers-box-120g', 'Maltesers Chocolate Box 110g', '£1.25', '£1.13 / 100g')
('https://www.sainsburys.co.uk/shop/gb/groceries/product/details/all-gifting/lindt-lindor-extra-dark-chocolate-truffles-box-200g', 'Lindt Lindor Extra Dark Chocolate Truffles Box 200g', '£4.00', '£2.00 / 100g')
('https://www.sainsburys.co.uk/shop/gb/groceries/product/details/all-gifting/sainsburys-chablis--taste-the-difference-75cl', "Sainsbury's Chablis, Taste the Difference 75cl", '£12.00', '£12.00 / 75cl')
('https://www.sainsburys.co.uk/shop/gb/groceries/product/details/all-gifting/glenfiddich-12-year-old-single-malt-scotch-whisky-35cl-2390109-p', 'Glenfiddich 12 Year Old Single Malt Scotch Whisky 35cl', '£19.50', '£55.71 / ltr')
('https://www.sainsburys.co.uk/shop/gb/groceries/product/details/all-gifting/grey-goose-la-collection-4x50ml', 'Grey Goose La Collection 4x50ml', '£15.00', '£15.00 / ea')
('https://www.sainsburys.co.uk/shop/gb/groceries/product/details/all-gifting/light-up-pen', 'Light Up Pen', '£6.00', '£6.00 / ea')
('https://www.sainsburys.co.uk/shop/gb/groceries/product/details/all-gifting/mug-d-138077385-p-44', 'Mug "D"', '£4.50', '£4.50 / ea')
('https://www.sainsburys.co.uk/shop/gb/groceries/product/details/all-gifting/mug-a-138077318-p-44', 'Mug "A"', '£4.50', '£4.50 / ea')
('https://www.sainsburys.co.uk/shop/gb/groceries/product/details/all-gifting/blue-dashes-birthday-boy-card', 'Blue Dashes Birthday Boy Card', '£2.00', '£2.00 / ea')
('https://www.sainsburys.co.uk/shop/gb/groceries/product/details/all-gifting/galaxy-traybake-694g', 'Galaxy Traybake 694g (Serves 15)', '£6.50', '£6.50 / ea')
('https://www.sainsburys.co.uk/shop/gb/groceries/product/details/all-gifting/joules-brights-pen-pouch-set', 'Joules Brights Pen & Pouch Set', '£15.00', '£15.00 / ea')
('https://www.sainsburys.co.uk/shop/gb/groceries/product/details/all-gifting/joules-brights-set-of-2-a5-notebooks', 'Joules Brights Set Of 2 A5 Notebooks', '£9.00', '£9.00 / ea')
('https://www.sainsburys.co.uk/shop/gb/groceries/product/details/all-gifting/red-nose-day-2021-£5-donation', 'Red Nose Day 2021 £5 Donation', '£5.00', '£5.00 / ea')
('https://www.sainsburys.co.uk/shop/gb/groceries/product/details/all-gifting/sainsburys-home-boxed-candle-lavender-geranium', "Sainsbury's Home Boxed Candle Lavender & Geranium", '£4.00', '£4.00 / ea')
('https://www.sainsburys.co.uk/shop/gb/groceries/product/details/all-gifting/sainsburys-home-jar-candle-lavender-geranium', "Sainsbury's Home Jar Candle Lavender & Geranium", '£5.00', '£5.00 / ea')
('https://www.sainsburys.co.uk/shop/gb/groceries/product/details/all-gifting/sainsburys-home-tapered-candle-seasalt-cedar', "Sainsbury's Home Tapered Candle Seasalt & Cedar", '£3.00', '£3.00 / ea')
('https://www.sainsburys.co.uk/shop/gb/groceries/product/details/all-gifting/sainsburys-home-24pk-tealights-patchouli-amber', "Sainsbury's Home 24pk Tealights Patchouli & Amber", '£4.00', '£4.00 / ea')
('https://www.sainsburys.co.uk/shop/gb/groceries/product/details/all-gifting/sainsburys-home-large-pillar-ginger-white-pomelo', "Sainsbury's Home Large Pillar Ginger & White Pomelo", '£4.50', '£4.50 / ea')
('https://www.sainsburys.co.uk/shop/gb/groceries/product/details/all-gifting/sainsburys-home-large-pillar-lavender-geranium', "Sainsbury's Home Large Pillar Lavender & Geranium", '£4.50', '£4.50 / ea')
('https://www.sainsburys.co.uk/shop/gb/groceries/product/details/all-gifting/sainsburys-home-large-pillar-jasmine-pineapple-flower', "Sainsbury's Home Large Pillar Jasmine & Pineapple Flower", '£4.50', '£4.50 / ea')
('https://www.sainsburys.co.uk/shop/gb/groceries/product/details/all-gifting/sainsburys-home-room-spray-ginger-white-pomelo', "Sainsbury's Home Room Spray Ginger & White Pomelo", '£3.00', '£3.00 / ea')
('https://www.sainsburys.co.uk/shop/gb/groceries/product/details/all-gifting/sainsburys-home-room-spray-seasalt-cedar', "Sainsbury's Home Room Spray Seasalt & Cedar", '£3.00', '£3.00 / ea')
('https://www.sainsburys.co.uk/shop/gb/groceries/product/details/all-gifting/sainsburys-home-multi-wick-candle-rhubarb-elderflower', "Sainsbury's Home Multi Wick Candle Rhubarb & Elderflower", '£7.00', '£7.00 / ea')
('https://www.sainsburys.co.uk/shop/gb/groceries/product/details/all-gifting/v-a-travel-set', 'V&A Travel Set', '£15.00', '£15.00 / ea')
('https://www.sainsburys.co.uk/shop/gb/groceries/product/details/all-gifting/cocoa-co-strawb-champ-truffle-140g', 'Cocoa & Co. Strawberry & Marc De Champagne Truffles 140g', '£5.00', '£3.57 / 100g')
('https://www.sainsburys.co.uk/shop/gb/groceries/product/details/all-gifting/yankee-wax-melts-citrus-bark', 'Yankee Wax Melts Citrus Bark', '£3.50', '£3.50 / ea')
('https://www.sainsburys.co.uk/shop/gb/groceries/product/details/all-gifting/yankee-wax-melts-sugared-blossom', 'Yankee Wax Melts Sugared Blossom', '£3.50', '£3.50 / ea')
('https://www.sainsburys.co.uk/shop/gb/groceries/product/details/all-gifting/sainsburys-cookies-cream-cake', "Sainsbury's Cookies & Cream Madeira & Chocolate Cake 1.07kg (Serves 16)", '£12.00', '£11.21 / 1000g')
('https://www.sainsburys.co.uk/shop/gb/groceries/product/details/all-gifting/sainsburys-clawsome-couple', "Sainsbury's Home Clawsome Couple Anniversary Card", '£2.00', '£2.00 / ea')
('https://www.sainsburys.co.uk/shop/gb/groceries/product/details/all-gifting/mm-rasp-dark-choc-gift-box-204g', 'Mallow & Marsh Raspberry Marshmallow Gift Box 204g', '£7.00', '£3.43 / 100g')
('https://www.sainsburys.co.uk/shop/gb/groceries/product/details/all-gifting/lindt-nuxor-dark-165g', 'Lindt Nuxor with Dark Chocolate 165g', '£5.00', '£3.03 / 100g')
('https://www.sainsburys.co.uk/shop/gb/groceries/product/details/all-gifting/faith-in-nature-avocado-conditioner-400ml', 'Faith in Nature Avocado Conditioner 400ml', '£5.50', '£1.31 / 100ml')
('https://www.sainsburys.co.uk/shop/gb/groceries/product/details/special-offers-454370-44/kettle-chips-sea-salt---cracked-black-pepper-150g', 'Kettle Chips Sea Salt & Crushed Black Peppercorns Sharing Crisps 150g', '£1.00', '67p / 100g')
('https://www.sainsburys.co.uk/shop/gb/groceries/product/details/special-offers-454370-44/the-paleo-foods-co-berry-almond-grain-free-granola-285g', 'The Paleo Foods Co. Berry & Almond Grain-Free Granola 285g', '£3.00', '£1.05 / 100g')
('https://www.sainsburys.co.uk/shop/gb/groceries/product/details/special-offers-454370-44/halo-top-birthday-cake-ice-cream-473ml', 'Halo Top Birthday Cake Ice Cream 473ml', '£3.00', '64p / 100ml')
('https://www.sainsburys.co.uk/shop/gb/groceries/product/details/special-offers-454370-44/sainsburys-love-your-veg!-chorizo-style-shroomdogs-280g', 'Plant Pioneers Chorizo Shroomdogs x8 280g', '£2.25', '£8.04 / kg')
('https://www.sainsburys.co.uk/shop/gb/groceries/product/details/special-offers-454370-44/rude-health-organic-ultimate-almond-drink-1l', 'Rude Health Organic Ultimate Almond Drink 1L', '£2.50', '£2.50 / ltr')
('https://www.sainsburys.co.uk/shop/gb/groceries/product/details/special-offers-454370-44/koko-dairy-free-plain-live-yogurt-cultures-500g', 'Koko Dairy Free Plain Live Yogurt Cultures 500g', '£1.50', '30p / 100g')
('https://www.sainsburys.co.uk/shop/gb/groceries/product/details/special-offers-454370-44/montezumas-absolute-black-100-cocoa-solids-with-almonds-dark-chocolate-bar-90g', "Montezuma's Absolute Black 100% Cocoa Solids with Almonds Dark Chocolate Bar 90g", '£2.00', '£2.22 / 100g')
('https://www.sainsburys.co.uk/shop/gb/groceries/product/details/special-offers-454370-44/nakd-lemon-drizzle-fruit---nut-bar-35g-7855181-p', 'Nakd Lemon Drizzle Fruit & Nut Bar 35g', '50p', '£1.43 / 100g')
('https://www.sainsburys.co.uk/shop/gb/groceries/product/details/special-offers-454370-44/napolina-green-pea-fusilli-250g', 'Napolina Gluten Free Green Pea Fusilli 250g', '£1.75', '£7.00 / kg')
('https://www.sainsburys.co.uk/shop/gb/groceries/product/details/special-offers-454370-44/alpro-oat-1l', 'Alpro Oat Chilled Drink 1L', '£1.00', '£1.00 / ltr')
('https://www.sainsburys.co.uk/shop/gb/groceries/product/details/special-offers-454370-44/heck-97-pork-sausages-400g', 'Heck 97% Pork Sausages 400g', '£2.50', '£6.25 / kg')
('https://www.sainsburys.co.uk/shop/gb/groceries/product/details/all-vegan-products/drink-me-chai-turmeric-latte-with-coconut-powder-black-pepper-cinnamon-80g', 'Drink Me Chai Turmeric Latte with Coconut Powder Black Pepper & Cinnamon 80g', '£3.00', '£3.75 / 100g')
('https://www.sainsburys.co.uk/shop/gb/groceries/product/details/all-vegan-products/alpro-caffe-coffee---soya-caramel-dairy-free-drink-1l', 'Alpro Caffe Coffee & Soya Caramel Fresh Drink 1L', '£2.55', '£2.55 / ltr')
('https://www.sainsburys.co.uk/shop/gb/groceries/product/details/all-vegan-products/alpro-plain-unsweetened-yogurt-500g', 'Alpro Plain No Sugars Yoghurt Alternative 500g', '£1.75', '35p / 100g')
('https://www.sainsburys.co.uk/shop/gb/groceries/product/details/all-vegan-products/the-white-rabbit-co-gluten-free-smokin-vegan-cheese--pepper---olive-pizza-410g', "The White Rabbit Pizza Co. Smokin' Vegan 353g", '£5.00', '£1.42 / 100g')
('https://www.sainsburys.co.uk/shop/gb/groceries/product/details/all-vegan-products/vivera-veggie-kebab-175g', 'Vivera Plant Shawarma Kebab 175g', '£2.50', '£1.43 / 100g')
('https://www.sainsburys.co.uk/shop/gb/groceries/product/details/all-vegan-products/vivera-veggie-bites-200g', 'Vivera Plant Meatballs 200g', '£2.00', '£1.00 / 100g')
('https://www.sainsburys.co.uk/shop/gb/groceries/product/details/all-vegan-products/sainsburys-hot-madras-curry-paste-200g', "Sainsbury's Hot Madras Curry Paste 200g", '£1.35', '68p / 100g')
('https://www.sainsburys.co.uk/shop/gb/groceries/product/details/all-vegan-products/sainsburys-rich-rogan-josh-curry-paste-200g', "Sainsbury's Rich Rogan Josh Curry Paste 200g", '£1.35', '68p / 100g')
('https://www.sainsburys.co.uk/shop/gb/groceries/product/details/all-vegan-products/sainsburys-freefrom-fruity-muesli-450g', "Sainsbury's Deliciously Free From Fruity Muesli 450g", '£2.20', '49p / 100g')
('https://www.sainsburys.co.uk/shop/gb/groceries/product/details/all-vegan-products/great-food-sweet-potato-pakora-300g', 'Great Food Sweet Potato Pakora 300g', '£2.00', '66p / 100g')
('https://www.sainsburys.co.uk/shop/gb/groceries/product/details/all-vegan-products/sainsburys-vintage-cava--taste-the-difference-75cl-6454600-p-44', "Sainsbury's Cava Brut Nature, Taste the Difference 75cl", '£9.00', '£9.00 / 75cl')
('https://www.sainsburys.co.uk/shop/gb/groceries/product/details/all-vegan-products/sainsburys-blanc-de-noirs-magnum-15ltr', "Sainsbury's Blanc De Noirs Champagne 1.5L", '£38.00', '£19.00 / 75cl')
('https://www.sainsburys.co.uk/shop/gb/groceries/product/details/all-vegan-products/sainsburys-cool-salsa-dip-300g', "Sainsbury's Cool Salsa Dip 300g", '£1.00', '33p / 100g')
('https://www.sainsburys.co.uk/shop/gb/groceries/product/details/all-vegan-products/natures-path-mesa-sunrise-355g', "Nature's Path Gluten Free Mesa Sunrise 355g", '£3.00', '85p / 100g')
('https://www.sainsburys.co.uk/shop/gb/groceries/product/details/all-vegan-products/rice-dream-original-1l', 'Rice Dream Organic Rice Drink 1L', '£1.60', '£1.60 / ltr')
('https://www.sainsburys.co.uk/shop/gb/groceries/product/details/all-vegan-products/alpro-soya-vanilla-dessert-4x125g', 'Alpro Velvet Vanilla Dessert 4x125g', '£1.70', '34p / 100g')
('https://www.sainsburys.co.uk/shop/gb/groceries/product/details/all-vegan-products/sainsburys-fairtrade-sundried-quinchia--taste-the-difference-227g', "Sainsbury's Fairtrade Sundried Quinchia Coffee, Taste the Difference, Strength 4 227g", '£3.50', '£1.54 / 100g')
('https://www.sainsburys.co.uk/shop/gb/groceries/product/details/all-vegan-products/tiptree-no-peel-orange-marmalade-454g', 'Tiptree No Peel Orange Marmalade 454g', '£2.30', '51p / 100g')
('https://www.sainsburys.co.uk/shop/gb/groceries/product/details/all-vegan-products/oatly-oatgurt-blueberry-400g', 'Oatly Oatgurt Blueberry 400g', '£2.00', '50p / 100g')
('https://www.sainsburys.co.uk/shop/gb/groceries/product/details/all-vegan-products/higgidy-family-kitchen-spinach-roasted-tomato-vegan-quiche-380g', 'Higgidy Spinach & Roasted Tomato Vegan Quiche 380g', '£4.00', '£1.05 / 100g')
('https://www.sainsburys.co.uk/shop/gb/groceries/product/details/all-vegan-products/plant-pioneers-margherita-pizza-270g', 'Plant Pioneers Vegan Margherita 270g', '£3.00', '£11.11 / kg')
('https://www.sainsburys.co.uk/shop/gb/groceries/product/details/all-vegan-products/oatly-oatgurt-plain-400g', 'Oatly Oatgurt Plain Yoghurt 400g', '£2.00', '50p / 100g')
('https://www.sainsburys.co.uk/shop/gb/groceries/product/details/all-vegan-products/bfree-pitta-breads-stone-baked-4x55g-220g-', 'BFree Pitta Breads Stone Baked 4x55g (220g)', '£2.50', '£1.14 / 100g')
('https://www.sainsburys.co.uk/shop/gb/groceries/product/details/all-vegan-products/troo-porridge-happy-flax-cinnamon-400g', 'Troo Happy Porridge+ with Flaxseed Omega 3s & Uplifting Cinnamon 400g', '£2.50', '63p / 100g')
('https://www.sainsburys.co.uk/shop/gb/groceries/product/details/all-vegan-products/troo-porridge-energising-choc-400g', 'Troo Energise Porridge+ with Chocolate & Maca 400g', '£2.50', '63p / 100g')
('https://www.sainsburys.co.uk/shop/gb/groceries/product/details/all-vegan-products/tideford-organics-winter-spiced-parsnip-soup-600g', 'Tideford Organics Spiced Parsnip Soup 600g', '£2.75', '46p / 100g')
('https://www.sainsburys.co.uk/shop/gb/groceries/product/details/all-vegan-products/oggs-salted-caramel-vegan-cakes-4-x-46g', 'Oggs Salted Caramel Vegan Cakes 4 x 46g', '£4.25', '£1.06 / ea')
('https://www.sainsburys.co.uk/shop/gb/groceries/product/details/all-vegan-products/starbucks-fairtrade-almond-plant-based-iced-coffee-220ml', 'Starbucks Fairtrade Almond Plant-Based Iced Coffee 220ml', '£1.00', '46p / 100ml')
('https://www.sainsburys.co.uk/shop/gb/groceries/product/details/all-vegan-products/frys-artisan-mini-sausage-rolls-180g', 'Frys Vegan Mini Sausage Rolls 180g', '£2.25', '£12.50 / kg')
('https://www.sainsburys.co.uk/shop/gb/groceries/product/details/chilled-cooked-meats/sainsburys-honey-smoked-mackerel-approx-250g-', "Sainsbury's Honey Smoked Mackerel (approx. 250g)", '£4.90', '£1.40 / 100g')
('https://www.sainsburys.co.uk/shop/gb/groceries/product/details/chilled-cooked-meats/silver-tide-roll-mop-herring-380g', 'Silver Tide Roll Mop Herring 380g', '£2.00', '53p / 100g')
('https://www.sainsburys.co.uk/shop/gb/groceries/product/details/chilled-cooked-meats/tarczynski-pork-kabanos-120g', 'Tarczynski Pork Kabanos 105g', '£1.85', '£1.76 / 100g')
('https://www.sainsburys.co.uk/shop/gb/groceries/product/details/chilled-cooked-meats/sainsburys-thick-cut-wiltshire-ham--taste-the-difference-120g', "Sainsbury's British Thick Cut Wiltshire Cured Ham, Taste the Difference 120g", '£2.75', '£2.29 / 100g')
('https://www.sainsburys.co.uk/shop/gb/groceries/product/details/chilled-cooked-meats/hoffmans-salmon-pate-150g', "Hoffman's Salmon Pate 150g", '£1.70', '£1.13 / 100g')
('https://www.sainsburys.co.uk/shop/gb/groceries/product/details/chilled-cooked-meats/sainsburys-brussels---garlic-pate-170g', "Sainsbury's Brussels & Garlic Pate 170g", '£1.40', '82p / 100g')
('https://www.sainsburys.co.uk/shop/gb/groceries/product/details/chilled-cooked-meats/sokolow-luncheon-meat-slices-130g', 'Sokolow Sandwich Meat Slices 130g', '£1.10', '85p / 100g')
('https://www.sainsburys.co.uk/shop/gb/groceries/product/details/chilled-cooked-meats/sainsburys-german-brunswick-ham-wafer-thin-slices-x10-125g', "Sainsbury's German Brunswick Ham Wafer Thin Slices x10 125g", '£1.75', '£1.40 / 100g')
('https://www.sainsburys.co.uk/shop/gb/groceries/product/details/chilled-cooked-meats/sainsburys-prosciutto-di-speck--taste-the-difference-80g', "Sainsbury's Italian Prosciutto Di Speck, Taste the Difference 80g", '£2.75', '£3.44 / 100g')
('https://www.sainsburys.co.uk/shop/gb/groceries/product/details/chilled-cooked-meats/cookstown-deli-style-oven-baked-ham-100g', 'Cookstown Deli Style Oven Baked Ham 100g', '£1.70', '£1.70 / 100g')
('https://www.sainsburys.co.uk/shop/gb/groceries/product/details/chilled-cooked-meats/tarbert-fine-arran-mustard-ham-130g', 'Tarbert Fine Arran Mustard Ham 130g', '£2.65', '£2.04 / 100g')
('https://www.sainsburys.co.uk/shop/gb/groceries/product/details/chilled-cooked-meats/tarbert-fine-foods-scottish-finely-sliced-heather-honey-ham-130g', 'Tarbert Fine Foods Scottish Finely Sliced Heather Honey Ham 130g', '£2.65', '£2.04 / 100g')
('https://www.sainsburys.co.uk/shop/gb/groceries/product/details/chilled-cooked-meats/yarden-wafer-thin-turkey-roll-142g', 'Yarden Wafer Thin Turkey Roll 142g', '£3.00', '£2.11 / 100g')
('https://www.sainsburys.co.uk/shop/gb/groceries/product/details/chilled-cooked-meats/sainsburys-honey-roast-air-dried-lean-ham-finely-sliced--taste-the-difference-120g', "Sainsbury's Air Dried Honey Roast Finely Sliced Lean Ham, Taste the Difference 120g", '£2.75', '£2.29 / 100g')
('https://www.sainsburys.co.uk/shop/gb/groceries/product/details/chilled-cooked-meats/sainsburys-air-dried-lean-ham-finely-sliced--taste-the-difference-120g', "Sainsbury's Air Dried Finely Sliced Lean Ham, Taste the Difference 120g", '£2.00', '£1.67 / 100g')
('https://www.sainsburys.co.uk/shop/gb/groceries/product/details/chilled-cooked-meats/sainsburys-german-sausage-selection-slices-100g', "Sainsbury's German Sausage Selection Slices x30 100g", '£1.25', '£1.25 / 100g')
('https://www.sainsburys.co.uk/shop/gb/groceries/product/details/chilled-cooked-meats/sainsburys-british-cooked-ham-125g', "Sainsbury's British Ham Slices x10 115g", '£1.00', '87p / 100g')
('https://www.sainsburys.co.uk/shop/gb/groceries/product/details/chilled-cooked-meats/sainsburys-british-honey-roast-ham-125g', "Sainsbury's British Honey Roast Ham 115g, x10 Slices", '£1.00', '87p / 100g')
('https://www.sainsburys.co.uk/shop/gb/groceries/product/details/chilled-cooked-meats/sainsburys-british-smoked-wiltshire-ham--taste-the-difference-120g', "Sainsbury's British Oak Smoked Wiltshire Cured Ham, Taste the Difference 120g", '£2.75', '£2.29 / 100g')
('https://www.sainsburys.co.uk/shop/gb/groceries/product/details/chilled-cooked-meats/sainsburys-british-smoked-ham-120g', "Sainsbury's British Smoked Ham 120g, x7 Slices", '£1.75', '£1.46 / 100g')
('https://www.sainsburys.co.uk/shop/gb/groceries/product/details/chilled-cooked-meats/john-ross-scottish-smoked-salmon-pâté', 'John Ross Scottish Smoked Salmon Pâté', '£2.25', '£1.96 / 100g')
('https://www.sainsburys.co.uk/shop/gb/groceries/product/details/chilled-cooked-meats/john-ross-smoked-salmon-with-balvenie-whisky', 'John Ross Jr Smoked Salmon with Balvenie Whisky 100g', '£3.50', '£3.50 / 100g')
('https://www.sainsburys.co.uk/shop/gb/groceries/product/details/chilled-cooked-meats/john-ross-jr-scottish-smoked-salmon-100g', 'John Ross Jr Scottish Smoked Salmon 100g', '£3.50', '£3.50 / 100g')
('https://www.sainsburys.co.uk/shop/gb/groceries/product/details/chilled-cooked-meats/gilberts-roast-turkey-breast-142g', "Gilbert's Roast Turkey Breast 142g", '£2.50', '£1.76 / 100g')
('https://www.sainsburys.co.uk/shop/gb/groceries/product/details/chilled-cooked-meats/sainsburys-italian-cubetti-di-pancetta-206g', "Sainsbury's Italian Cubetti Di Pancetta 206g", '£2.25', '£1.09 / 100g')
('https://www.sainsburys.co.uk/shop/gb/groceries/product/details/chilled-cooked-meats/castle-maclellan-chicken-liver-with-honey-pâté-113g', 'Castle MacLellan Chicken Liver with Honey Pâté 113g', '£1.50', '£1.50 / 100g')
('https://www.sainsburys.co.uk/shop/gb/groceries/product/details/chilled-cooked-meats/onuga-herring-roe-50g', 'Onuga Reformed Herring Product 50g', '£4.00', '£8.00 / 100g')
('https://www.sainsburys.co.uk/shop/gb/groceries/product/details/chilled-cooked-meats/yarden-vienna-sausage-250g', 'Yarden Vienna Sausage 250g', '£2.40', '96p / 100g')
('https://www.sainsburys.co.uk/shop/gb/groceries/product/details/chilled-cooked-meats/blooms-viennas-360g', "Bloom's Vienna Sausage 360g", '£4.00', '£1.11 / 100g')
('https://www.sainsburys.co.uk/shop/gb/groceries/product/details/chilled-cooked-meats/sainsburys-ardennes-pâté-170g', "Sainsbury's Ardennes Pâté 170g", '£1.00', '59p / 100g')
('https://www.sainsburys.co.uk/shop/gb/groceries/product/details/chilled-cooked-meats/sainsburys-cooked-roast-chicken-fillets-x2-240g', "Sainsbury's Cooked Roast Chicken Breast Fillets x2 240g", '£3.50', '£1.46 / 100g')
('https://www.sainsburys.co.uk/shop/gb/groceries/product/details/chilled-cooked-meats/carrolls-of-tullamore-new-york-deli-shaved-honey-roast-ham-90g', "Carroll's of Tullamore New York Deli Shaved Honey Roast Ham 90g", '£2.55', '£2.83 / 100g')
('https://www.sainsburys.co.uk/shop/gb/groceries/product/details/chilled-cooked-meats/premier-deli-roasted-chicken-breast-slices-300g', 'Premier Deli Roasted Chicken Breast Slices 300g', '£3.00', '£1.00 / 100g')
('https://www.sainsburys.co.uk/shop/gb/groceries/product/details/chilled-cooked-meats/bonein-wilt-spiced-hny-jnt-11kg', 'Bonein Wilt Spiced Hny Jnt 1.1kg', '£20.00', '£1.82 / 100g')
('https://www.sainsburys.co.uk/shop/gb/groceries/product/details/chilled-cooked-meats/sainsburys-ardennes-pate-350g', "Sainsbury's Ardennes Pate 350g", '£4.00', '£4.00 / g')
('https://www.sainsburys.co.uk/shop/gb/groceries/product/details/chilled-cooked-meats/naked-glory-roast-deli-readybites-165g', 'Naked Glory Meat Free Vegan Roast Deli Readybites 165g', '£2.50', '£15.15 / kg')
('https://www.sainsburys.co.uk/shop/gb/groceries/product/details/chilled-cooked-meats/sainsburys-iberico-cebo-tapas-selection-taste-the-difference-90g', "Sainsbury's Iberico Cebo Tapas Selection, Taste the Difference 90g", '£5.00', '£5.56 / 100g')
('https://www.sainsburys.co.uk/shop/gb/groceries/product/details/chilled-cooked-meats/najma-bear-halal-turkey-slices', 'Najma Bear Delicious Slices of Turkey Sausage x6 90g', '£1.25', '£1.39 / 100g')
('https://www.sainsburys.co.uk/shop/gb/groceries/product/details/chilled-cooked-meats/sainsburys-wafer-thin-honey-roast-ham-slices-x10-120g', "Sainsbury's British Wafer Thin Honey Roast Ham 120g, x10 Slices", '£1.75', '£1.46 / 100g')
('https://www.sainsburys.co.uk/shop/gb/groceries/product/details/chilled-cooked-meats/fridge-raiders-southern-style-chicken-bites-90g', 'Fridge Raiders Southern Style Chicken Snack Bites 90g', '£1.60', '£1.78 / 100g')
('https://www.sainsburys.co.uk/shop/gb/groceries/product/details/price-lock-drinks/sainsburys-colombian-origin-instant-coffee-taste-the-difference-100g', "Sainsbury's Colombian Origin Instant Coffee, Taste the Difference 100g", '£2.55', '£2.55 / 100g')
('https://www.sainsburys.co.uk/shop/gb/groceries/product/details/price-lock-drinks/nescafé-dolce-gusto-mexico-chiapias-americano-coffee-x12-pods-12-drinks', 'Nescafé Dolce Gusto Mexico Chiapias Americano Coffee x12 Pods, 12 Drinks', '£3.50', '£3.50 / 100g')
('https://www.sainsburys.co.uk/shop/gb/groceries/product/details/price-lock-drinks/kenco-iced-latte-vanilla-instant-coffee-8-sachets', 'Kenco Iced Latte Vanilla Instant Coffee 8 Sachets', '£1.50', '88p / 100g')
('https://www.sainsburys.co.uk/shop/gb/groceries/product/details/price-lock-drinks/nescafé-dolce-gusto-flat-white-coffee-x16-pods-16-drinks', 'Nescafé Dolce Gusto Flat White Coffee x16 Pods, 16 Drinks', '£3.50', '£1.87 / 100g')
('https://www.sainsburys.co.uk/shop/gb/groceries/product/details/price-lock-drinks/nescafé-dolce-gusto-cafe-au-lait-intenso-coffee-x16-pods-16-drinks', 'Nescafé Dolce Gusto Cafe au Lait Intenso Coffee x16 Pods, 16 Drinks', '£3.50', '£3.50 / 100g')
('https://www.sainsburys.co.uk/shop/gb/groceries/product/details/price-lock-drinks/pepsi-max-cans-12x330ml', 'Pepsi Max Cans 12x330ml', '£4.00', '10p / 100ml')
('https://www.sainsburys.co.uk/shop/gb/groceries/product/details/price-lock-drinks/sainsburys-instant-malt-drink-400g', "Sainsbury's Instant Malt Drink 400g", '£1.50', '38p / 100g')
('https://www.sainsburys.co.uk/shop/gb/groceries/product/details/price-lock-drinks/sainsburys-blended-scotch-whisky-50cl', 'Crag & Glen Blended Scotch Whisky 50cl', '£10.00', '£20.00 / ltr')
('https://www.sainsburys.co.uk/shop/gb/groceries/product/details/price-lock-drinks/sainsburys-mint-lemonade-cold-brew-tea-bags-x15-45g', "Sainsbury's Mint Lemonade Cold Brew Tea Bags x15 45g", '£2.50', '£6.25 / 100g')
('https://www.sainsburys.co.uk/shop/gb/groceries/product/details/price-lock-drinks/nescafé-dolce-gusto-americano-bold-morning-coffee-x16-pods-16-drinks', 'Nescafé Dolce Gusto Americano Bold Morning Coffee x16 Pods, 16 Drinks', '£3.50', '£2.19 / 100g')
('https://www.sainsburys.co.uk/shop/gb/groceries/product/details/price-lock-drinks/sainsburys-apple--pomegranate---raspberry-high-juice-squash-1l', "Sainsbury's Apple, Pomegranate & Raspberry High Juice Squash, No Added Sugar 1L", '£1.35', '14p / 100ml')
('https://www.sainsburys.co.uk/shop/gb/groceries/product/details/price-lock-drinks/sainsburys-fairly-traded-gold-label-x80-tea-bags-250g-7852997-p-44', "Sainsbury's Fairly Traded Gold Label x160 Tea Bags 500g", '£3.00', '60p / 100g')
('https://www.sainsburys.co.uk/shop/gb/groceries/product/details/price-lock-drinks/sainsburys-fairly-traded-red-label-x80-tea-bags-250g', "Sainsbury's Fairly Traded Red Label x80 Tea Bags 250g", '£1.10', '44p / 100g')
('https://www.sainsburys.co.uk/shop/gb/groceries/product/details/price-lock-drinks/sainsburys-caribbean-spiced-spirit-drink-70cl', 'Caribbean Pearl Spiced Spirit Drink 70cl', '£11.85', '£16.93 / ltr')
('https://www.sainsburys.co.uk/shop/gb/groceries/product/details/price-lock-drinks/san-marco-vino-bianco-ditalia-75cl', "San Marco Vino Bianco D'italia 75cl", '£3.95', '£3.95 / 75cl')
('https://www.sainsburys.co.uk/shop/gb/groceries/product/details/price-lock-drinks/sainsburys-house-malbec-75cl', "Sainsbury's House Malbec 75cl", '£4.50', '£4.50 / 75cl')
('https://www.sainsburys.co.uk/shop/gb/groceries/product/details/price-lock-drinks/montpierre-reserve-sauvignon-blanc-75cl-7796639-p-44', 'Montpierre Reserve Sauvignon Blanc 75cl', '£4.95', '£4.95 / 75cl')
('https://www.sainsburys.co.uk/shop/gb/groceries/product/details/price-lock-drinks/lucozade-zero-orange-1l', 'Lucozade Zero Orange 1L', '£1.00', '10p / 100ml')
('https://www.sainsburys.co.uk/shop/gb/groceries/product/details/price-lock-drinks/lucozade-zero-pink-lemonade-1l', 'Lucozade Zero Pink Lemonade 1L', '£1.00', '10p / 100ml')
('https://www.sainsburys.co.uk/shop/gb/groceries/product/details/price-lock-drinks/robinsons-summer-fruits-2l', 'Robinsons Summer Fruits Squash No Added Sugar 2L', '£2.00', '10p / 100ml')
('https://www.sainsburys.co.uk/shop/gb/groceries/product/details/price-lock-drinks/mcguigan-estate-cabernet-sauvignon-75cl', 'McGuigan Estate Cabernet Sauvignon 75cl', '£5.10', '£5.10 / 75cl')
('https://www.sainsburys.co.uk/shop/gb/groceries/product/details/price-lock-drinks/sainsburys-breakfast-juice-1l', "Sainsbury's Breakfast Juice 1L", '90p', '9p / 100ml')
('https://www.sainsburys.co.uk/shop/gb/groceries/product/details/price-lock-drinks/sainsburys-italian-style-coffee-454g', "Sainsbury's Italian Style Coffee, Strength 4 454g", '£4.30', '95p / 100g')
('https://www.sainsburys.co.uk/shop/gb/groceries/product/details/price-lock-drinks/nescafe-dolce-gusto-cappuccino-coffee-x16-pods-8-drinks', 'Nescafe Dolce Gusto Cappuccino Coffee x16 Pods, 8 Drinks', '£3.50', '£1.88 / 100g')
('https://www.sainsburys.co.uk/shop/gb/groceries/product/details/price-lock-drinks/sainsburys-asti-75cl-35170-p-44', "Sainsbury's Asti 75cl", '£5.75', '£5.75 / 75cl')
('https://www.sainsburys.co.uk/shop/gb/groceries/product/details/price-lock-drinks/sainsburys-double-strength-apple-squash--no-added-sugar-15l', "Sainsbury's Double Strength Apple Squash, No Added Sugar 1.5L", '£1.00', '7p / 100ml')
('https://www.sainsburys.co.uk/shop/gb/groceries/product/details/price-lock-drinks/sainsburys-double-strength-lime-squash--no-added-sugar-15l', "Sainsbury's Double Strength Lime Squash, No Added Sugar 1.5L", '£1.00', '7p / 100ml')
('https://www.sainsburys.co.uk/shop/gb/groceries/product/details/price-lock-drinks/vimto-fizzy--no-added-sugar-2l', 'Vimto Fizzy, No Added Sugar 2L', '£1.00', '5p / 100ml')
('https://www.sainsburys.co.uk/shop/gb/groceries/product/details/price-lock-drinks/blossom-cottage-morelo-cherry-cordial-500ml', 'Blossom Cottage Morello Cherry Cordial 500ml', '£2.00', '40p / 100ml')
('https://www.sainsburys.co.uk/shop/gb/groceries/product/details/price-lock-drinks/coors-light-lager-4x440ml', 'Coors Light Lager Beer Cans x4 440ml', '£3.70', '£2.10 / ltr')
('https://www.sainsburys.co.uk/shop/gb/groceries/product/details/price-lock-drinks/ribena-blackcurrant-juice-drink--really-light-2l', 'Ribena Squash Blackcurrant Really Light 1.5L', '£2.50', '17p / 100ml')
('https://www.sainsburys.co.uk/shop/gb/groceries/product/details/price-lock-drinks/sainsburys-pure-orange-juice-4x1l', "Sainsbury's Pure Orange Juice 4x1L", '£3.20', '8p / 100ml')
('https://www.sainsburys.co.uk/shop/gb/groceries/product/details/price-lock-drinks/sainsburys-no-added-sugar-cranberry-low-sugar-drink--be-good-to-yourself-1l', "Sainsbury's Cranberry Juice Drink, No Added Sugar 1L", '90p', '9p / 100ml')
('https://www.sainsburys.co.uk/shop/gb/groceries/product/details/price-lock-drinks/sainsburys-high-juice-orange-squash--no-added-sugar-1l', "Sainsbury's High Juice Orange Squash, No Added Sugar 1L", '£1.35', '14p / 100ml')
('https://www.sainsburys.co.uk/shop/gb/groceries/product/details/price-lock-drinks/sainsburys-pineapple-juice-1l', "Sainsbury's Pineapple Juice 1L", '90p', '9p / 100ml')
('https://www.sainsburys.co.uk/shop/gb/groceries/product/details/price-lock-drinks/nescafé-original-instant-coffee-refill-150g', 'Nescafé Original Instant Coffee Refill 150g', '£3.00', '£2.00 / 100g')
('https://www.sainsburys.co.uk/shop/gb/groceries/product/details/price-lock-drinks/nescafe-original-decaff-instant-coffee-200g', 'Nescafe Original Decaff Instant Coffee 200g', '£4.00', '£2.00 / 100g')
('https://www.sainsburys.co.uk/shop/gb/groceries/product/details/price-lock-drinks/kenco-instant-coffee-granules--decaffeinated-freeze-dried-100g', 'Kenco Decaff Instant Coffee 100g', '£2.50', '£2.50 / 100g')
('https://www.sainsburys.co.uk/shop/gb/groceries/product/details/price-lock-drinks/sainsburys-rich-roast-instant-coffee-granules--decaffeinated-200g', "Sainsbury's Rich Roast Instant Coffee Granules, Decaffeinated 200g", '£2.70', '£1.35 / 100g')
('https://www.sainsburys.co.uk/shop/gb/groceries/product/details/price-lock-drinks/sainsburys-vermouth-rosso-1l', "Sainsbury's Vermouth Rosso 1L", '£5.85', '£4.39 / 75cl')
('https://www.sainsburys.co.uk/shop/gb/groceries/product/details/cream-custard/sainsburys-scottish-whipping-cream-300ml', "Sainsbury's Scottish Whipping Cream 300ml", '£1.20', '40p / 100ml')
('https://www.sainsburys.co.uk/shop/gb/groceries/product/details/cream-custard/sainsburys-whipping-cream-600ml', "Sainsbury's Whipping Cream 600ml", '£2.15', '36p / 100ml')
('https://www.sainsburys.co.uk/shop/gb/groceries/product/details/cream-custard/sainsburys-soured-cream-300ml', "Sainsbury's Soured Cream 300ml", '£1.20', '40p / 100ml')
('https://www.sainsburys.co.uk/shop/gb/groceries/product/details/cream-custard/sainsburys-soured-cream-150ml', "Sainsbury's Soured Cream 150ml", '75p', '50p / 100ml')
('https://www.sainsburys.co.uk/shop/gb/groceries/product/details/cream-custard/anchor-aerosol-cream-light-250g', 'Anchor Light Squirty Cream 250g', '£1.70', '68p / 100g')
('https://www.sainsburys.co.uk/shop/gb/groceries/product/details/cream-custard/elmlea-double-cream-substitute-284ml', 'Elmlea Double Alternative to Cream 284ml', '£1.20', '42p / 100ml')
('https://www.sainsburys.co.uk/shop/gb/groceries/product/details/cream-custard/sainsburys-custard-500g', "Sainsbury's Fresh Custard 500g", '£1.60', '32p / 100g')
('https://www.sainsburys.co.uk/shop/gb/groceries/product/details/cream-custard/dale-farm-butter-milk-568ml', 'Dale Farm Butter Milk 568ml', '60p', '£1.06 / ltr')
('https://www.sainsburys.co.uk/shop/gb/groceries/product/details/cream-custard/sainsburys-brandy-butter-taste-the-difference-200g', "Sainsbury's Brandy Butter with Courvoisier VS Cognac, Taste the Difference 200g", '1p', '1p / 100g')
('https://www.sainsburys.co.uk/shop/gb/groceries/product/details/cream-custard/roddas-custard-300g', "Rodda's Custard 300g", '£1.20', '40p / 100g')
('https://www.sainsburys.co.uk/shop/gb/groceries/product/details/all-dairy-free/califia-farms-oat-drink-1l', 'Califia Farms Oat Drink 1L', '£2.00', '£2.00 / ltr')
('https://www.sainsburys.co.uk/shop/gb/groceries/product/details/all-dairy-free/rebel-kitchen-whole-mylk-1l', 'Rebel Kitchen 100% Dairy Free Organic Whole Mylk 1L', '£2.00', '£2.00 / ltr')
('https://www.sainsburys.co.uk/shop/gb/groceries/product/details/all-dairy-free/alpro-greek-style-granola-vanilla-140g', 'Alpro Greek Style Granola Vanilla Yoghurt Alternative 140g', '£1.50', '£1.07 / 100g')
('https://www.sainsburys.co.uk/shop/gb/groceries/product/details/all-dairy-free/koko-dairy-free-super-drink-1l', 'Koko Dairy Free Super Drink 1L', '£1.50', '£1.50 / ltr')
('https://www.sainsburys.co.uk/shop/gb/groceries/product/details/all-dairy-free/oatly-the-original-oat-drink-whole-1l', 'Oatly Oat Drink Whole Chilled 1L', '£1.80', '£1.80 / ltr')
('https://www.sainsburys.co.uk/shop/gb/groceries/product/details/all-dairy-free/rude-health-organic-tiger-nut-drink-1l', 'Rude Health Organic Tiger Nut Drink 1L', '£2.50', '£2.50 / ltr')
('https://www.sainsburys.co.uk/shop/gb/groceries/product/details/all-dairy-free/califia-farms-mocha-cold-brew-coffee-with-almond-750ml', 'Califia Farms Mocha Cold Brew Coffee with Almond 750ml', '£2.95', '£3.93 / ltr')
('https://www.sainsburys.co.uk/shop/gb/groceries/product/details/all-dairy-free/innocent-hazelnut-dairy-free-750ml', 'Innocent Dairy Free Hazelnut 750ml', '£2.00', '£2.67 / ltr')
('https://www.sainsburys.co.uk/shop/gb/groceries/product/details/all-dairy-free/food-heaven-free-from-heavenly-pots-almond-vanilla-custard-2x125g', 'Food Heaven Free-From Heavenly Pots Almond Vanilla Custard 2x125g', '£2.00', '80p / 100g')
('https://www.sainsburys.co.uk/shop/gb/groceries/product/details/all-dairy-free/alpro-caffe-coffee---soya-caramel-dairy-free-drink-1l', 'Alpro Caffe Coffee & Soya Caramel Fresh Drink 1L', '£2.55', '£2.55 / ltr')
('https://www.sainsburys.co.uk/shop/gb/groceries/product/details/all-dairy-free/alpro-plain-unsweetened-yogurt-500g', 'Alpro Plain No Sugars Yoghurt Alternative 500g', '£1.75', '35p / 100g')
('https://www.sainsburys.co.uk/shop/gb/groceries/product/details/all-dairy-free/califia-cold-brew-black---white-750ml', 'Califia Farms Unsweetened Flat White Cold Brew Coffee with Almond 750ml', '£2.95', '£3.93 / ltr')
('https://www.sainsburys.co.uk/shop/gb/groceries/product/details/all-dairy-free/alpro-coconut-almond-milk-alternative-1l', 'Alpro Coconut Almond Chilled Drink 1L', '£1.00', '£1.00 / ltr')
('https://www.sainsburys.co.uk/shop/gb/groceries/product/details/all-dairy-free/plenish-organic-6-almond-dairy-free-drink-1l', 'Plenish Organic 6% Almond Dairy Free Drink 1L', '£2.50', '£2.50 / ltr')
('https://www.sainsburys.co.uk/shop/gb/groceries/product/details/all-dairy-free/sainsburys-freefrom-spread-500g', "Sainsbury's Deliciously Free From Spread 500g", '£1.20', '24p / 100g')
('https://www.sainsburys.co.uk/shop/gb/groceries/product/details/all-dairy-free/alpro-almond-unroasted-1l', 'Alpro Unroasted Unsweetened Almond UHT Drink 1L', '£1.80', '£1.80 / ltr')
('https://www.sainsburys.co.uk/shop/gb/groceries/product/details/all-dairy-free/alpro-fresh-coconut-drink-1l', 'Alpro Coconut Chilled Drink 1L', '£1.00', '£1.00 / ltr')
('https://www.sainsburys.co.uk/shop/gb/groceries/product/details/all-dairy-free/alpro-long-life-soya-milk-alternative--oat-1l', 'Alpro Oat Long Life Drink 1L', '£1.80', '£1.80 / ltr')
('https://www.sainsburys.co.uk/shop/gb/groceries/product/details/all-dairy-free/alpro-blueberry-cherry-yogurt-alternative-4x125g', 'Alpro Blueberry & Cherry Yoghurt Alternative 4x125g', '£1.90', '38p / 100g')
('https://www.sainsburys.co.uk/shop/gb/groceries/product/details/all-dairy-free/rice-dream-original-1l', 'Rice Dream Organic Rice Drink 1L', '£1.60', '£1.60 / ltr')
('https://www.sainsburys.co.uk/shop/gb/groceries/product/details/all-dairy-free/alpro-soya-vanilla-dessert-4x125g', 'Alpro Velvet Vanilla Dessert 4x125g', '£1.70', '34p / 100g')
('https://www.sainsburys.co.uk/shop/gb/groceries/product/details/all-dairy-free/the-collective-plant-yoghurt-plain-400g', 'The Collective Plant Yoghurt Plain 400g', '£2.20', '55p / 100g')
('https://www.sainsburys.co.uk/shop/gb/groceries/product/details/all-dairy-free/oatly-oatgurt-blueberry-400g', 'Oatly Oatgurt Blueberry 400g', '£2.00', '50p / 100g')
('https://www.sainsburys.co.uk/shop/gb/groceries/product/details/all-dairy-free/oatly-oatgurt-plain-400g', 'Oatly Oatgurt Plain Yoghurt 400g', '£2.00', '50p / 100g')
('https://www.sainsburys.co.uk/shop/gb/groceries/product/details/all-dairy-free/provamel-organic-bio-almond-1l', 'Provamel Organic Almond No Sugars Drink 1L', '£2.50', '£2.50 / ltr')
('https://www.sainsburys.co.uk/shop/gb/groceries/product/details/all-dairy-free/alpro-daily-vit-almond-guarana-750ml', 'Alpro Daily Vitality Almond with Guarana Drink 750ml', '£2.30', '£3.07 / ltr')
('https://www.sainsburys.co.uk/shop/gb/groceries/product/details/all-dairy-free/oatly-oat-drink-semi-organic-1l', 'Oatly Organic The Original Oat Drink 1L', '£2.00', '£2.00 / ltr')
('https://www.sainsburys.co.uk/shop/gb/groceries/product/details/all-dairy-free/coconut-collab-melt-in-the-middle-2x90g', 'The Coconut Collaborative Chocolate Melt in the Middle Puddings 2x90g', '£3.00', '£1.67 / 100g')
('https://www.sainsburys.co.uk/shop/gb/groceries/product/details/all-dairy-free/mighty-pea-mlk-barista-1l', 'Mighty Pea Milk Barista 1L', '£2.00', '£2.00 / ltr')
('https://www.sainsburys.co.uk/shop/gb/groceries/product/details/all-dairy-free/oatly-the-original-oat-drink-chocolate-deluxe-1l', 'Oatly Oat Drink Chocolate Deluxe Chilled 1L', '£2.00', '£2.00 / ltr')
('https://www.sainsburys.co.uk/shop/gb/groceries/product/details/all-dairy-free/sainsburys-lactose-free-greek-style-natural-450g', "Sainsbury's Lactose Free Greek Style Yogurt 450g", '£1.00', '22p / 100g')
('https://www.sainsburys.co.uk/shop/gb/groceries/product/details/all-dairy-free/alpro-plant-protein-chocolate-flavour-soya-uht-1l', 'Alpro Plant Protein Chocolate Flavour Soya U.H.T. 1L', '£1.70', '£1.70 / ltr')
('https://www.sainsburys.co.uk/shop/gb/groceries/product/details/all-dairy-free/freaks-of-nature-dairy---gluten-free-double-chocolate-ganache-90g-7965814-p', 'Freaks of Nature Dairy & Gluten Free Double Chocolate Ganache 90g', '£1.55', '£1.72 / 100g')
('https://www.sainsburys.co.uk/shop/gb/groceries/product/details/all-dairy-free/vita-coco-coconut-milk-original-750ml', 'Vita Coco Coconut Milk Original 750ml', '£1.95', '£2.60 / ltr')
('https://www.sainsburys.co.uk/shop/gb/groceries/product/details/fruit-veg-bigger-packs/sainsburys-white-potatoes-25kg-6001313-p-44', "Sainsbury's White Potatoes 2.5kg", '95p', '38p / kg')
('https://www.sainsburys.co.uk/shop/gb/groceries/product/details/fruit-veg-bigger-packs/sainsburys-charlotte-potatoes-1kg', "Sainsbury's Charlotte Potatoes 1kg", '£1.10', '£1.10 / kg')
('https://www.sainsburys.co.uk/shop/gb/groceries/product/details/fruit-veg-bigger-packs/sainsburys-family-plum-punnet-1kg', "Sainsbury's Family Plum Punnet 1kg", '£2.00', '£2.00 / kg')
('https://www.sainsburys.co.uk/shop/gb/groceries/product/details/fruit-veg-bigger-packs/sainsburys-avocados--ripe---ready-x4', 'By Sainsbury’s 4 Small Ripe & Ready Avocados', '£2.50', '63p / ea')
('https://www.sainsburys.co.uk/shop/gb/groceries/product/details/fruit-veg-bigger-packs/sainsburys-red-onions-1kg', "Sainsbury's Red Onions 1kg", '£1.00', '£1.00 / kg')
('https://www.sainsburys.co.uk/shop/gb/groceries/product/details/fruit-veg-bigger-packs/sainsburys-avocado--basics-x4', 'By Sainsbury’s 4 Baby Ripen at Home Avocados', '£1.75', '44p / ea')
('https://www.sainsburys.co.uk/shop/gb/groceries/product/details/organic/sainsburys-white-closed-cup-mushrooms--so-organic-300g', "Sainsbury's White Closed Cup Mushrooms, SO Organic 300g", '£1.20', '£4.00 / kg')
('https://www.sainsburys.co.uk/shop/gb/groceries/product/details/organic/sainsburys-broccoli--so-organic-300g', "Sainsbury's Broccoli, SO Organic 300g", '£1.20', '£4.00 / kg')
('https://www.sainsburys.co.uk/shop/gb/groceries/product/details/organic/sainsburys-tenderstem-broccoli--so-organic-200g', "Sainsbury's Tenderstem Broccoli, SO Organic 200g", '£2.00', '£10.00 / kg')
('https://www.sainsburys.co.uk/shop/gb/groceries/product/details/organic/sainsburys-baby-corn--so-organic-125g', "Sainsbury's Baby Corn, SO Organic 125g", '£1.50', '£12.00 / kg')
('https://www.sainsburys.co.uk/shop/gb/groceries/product/details/organic/sainsburys-salad-spring-onion-bunch--so-organic-100g', "Sainsbury's Spring Onion Bunch, SO Organic 100g", '95p', '95p / ea')
('https://www.sainsburys.co.uk/shop/gb/groceries/product/details/organic/sainsburys-cucumber-whole--so-organic', "Sainsbury's Whole Cucumber, SO Organic", '£1.10', '£1.10 / ea')
('https://www.sainsburys.co.uk/shop/gb/groceries/product/details/organic/so-kiwi-organic-x4', 'So Kiwi, Organic x4', '£1.00', '25p / ea')
('https://www.sainsburys.co.uk/shop/gb/groceries/product/details/organic/sainsburys-lady-balfour-baking-potatoes--so-organic-x4', "Sainsbury's Lady Balfour Baking Potatoes, SO Organic x4", '£1.85', '46p / ea')
('https://www.sainsburys.co.uk/shop/gb/groceries/product/details/organic/sainsburys-baby-plum-tomatoes--so-organic-225g', "Sainsbury's Baby Plum Tomatoes, SO Organic 225g", '£1.85', '£8.22 / kg')
('https://www.sainsburys.co.uk/shop/gb/groceries/product/details/fruit-294303-44/packd-ripe-and-chopped-avocado-x10', "PACK'D Ripe and Chopped Avocado x10", '£3.00', '£1.00 / 100g')
('https://www.sainsburys.co.uk/shop/gb/groceries/product/details/fruit-294303-44/sainsburys-frozen-dark-sweet-cherries-500g', "Sainsbury's Frozen Dark Sweet Cherries 500g", '£2.00', '40p / 100g')
('https://www.sainsburys.co.uk/shop/gb/groceries/product/details/fruit-294303-44/sainsburys-mango-papaya--pineapple-smoothie-480g', "Sainsbury's Mango, Papaya & Pineapple Smoothie Mix 480g", '£2.00', '42p / 100g')
('https://www.sainsburys.co.uk/shop/gb/groceries/product/details/fruit-294303-44/sainsburys-frozen-cranberries-400g', "Sainsbury's Cranberries 400g", '£2.00', '50p / 100g')
('https://www.sainsburys.co.uk/shop/gb/groceries/product/details/fruit-294303-44/green-grocer-berry-mix-1kg', 'Green Grocer Berry Mix 1kg', '£2.39', '24p / 100g')
('https://www.sainsburys.co.uk/shop/gb/groceries/product/details/fruit-294303-44/sainsburys-frozen-pineapple-chunks-500g', "Sainsbury's Frozen Pineapple Chunks 500g", '£2.00', '40p / 100g')
('https://www.sainsburys.co.uk/shop/gb/groceries/product/details/fruit-294303-44/sainsburys-frozen-blackberries-500g', "Sainsbury's Frozen Blackberries 500g", '£2.00', '40p / 100g')
('https://www.sainsburys.co.uk/shop/gb/groceries/product/details/fruit-294303-44/sainsburys-frozen-blueberries-400g', "Sainsbury's Frozen Blueberries 400g", '£2.00', '50p / 100g')
('https://www.sainsburys.co.uk/shop/gb/groceries/product/details/fruit-294303-44/sainsburys-frozen-peach---nectarine-slices-500g', "Sainsbury's Frozen Peach & Nectarine Slices 500g", '£2.00', '40p / 100g')
('https://www.sainsburys.co.uk/shop/gb/groceries/product/details/smoothie-mixes-294304-44/sainsburys-frozen-whole-strawberries-500g', "Sainsbury's Frozen Whole Strawberries 500g", '£2.00', '40p / 100g')
('https://www.sainsburys.co.uk/shop/gb/groceries/product/details/smoothie-mixes-294304-44/sainsburys-frozen-strawberries---blueberries-400g', "Sainsbury's Frozen Strawberries & Blueberries 400g", '£2.00', '50p / 100g')
('https://www.sainsburys.co.uk/shop/gb/groceries/product/details/smoothie-mixes-294304-44/sainsburys-frozen-summer-fruits-500g', "Sainsbury's Frozen Summer Fruits 500g", '£2.00', '40p / 100g')
('https://www.sainsburys.co.uk/shop/gb/groceries/product/details/smoothie-mixes-294304-44/sainsburys-frozen-mango-chunks-500g', "Sainsbury's Frozen Mango Chunks 500g", '£2.00', '40p / 100g')
('https://www.sainsburys.co.uk/shop/gb/groceries/product/details/smoothie-mixes-294304-44/sainsburys-my-goodness!-beautiful-berries-smoothie-mix-480g', "Sainsbury's My Goodness! Beautiful Berries Smoothie Mix 480g", '£2.50', '52p / 100g')
('https://www.sainsburys.co.uk/shop/gb/groceries/product/details/smoothie-mixes-294304-44/sainsburys-frozen-berry-banana-smoothie-mix-strawberry---banana-480g', "Sainsbury's Frozen Berry Banana Smoothie Mix Strawberry & Banana 480g", '£2.00', '42p / 100g')
('https://www.sainsburys.co.uk/shop/gb/groceries/product/details/smoothie-mixes-294304-44/sainsburys-frozen-raspberries-350g-7832930-p-44', "Sainsbury's Frozen Raspberries 350g", '£2.00', '57p / 100g')
('https://www.sainsburys.co.uk/shop/gb/groceries/product/details/smoothie-mixes-294304-44/sainsburys-frozen-black-forest-fruits-500g', "Sainsbury's Frozen Black Forest Fruits 500g", '£2.00', '40p / 100g')
('https://www.sainsburys.co.uk/shop/gb/groceries/product/details/smoothie-mixes-294304-44/sainsburys-red-berry-mix--basics-400g', "Sainsbury's Greengrocer Red Berry Mix 400g", '£1.50', '38p / 100g')
('https://www.sainsburys.co.uk/shop/gb/groceries/product/details/smoothie-mixes-294304-44/sainsburys-frozen-dark-sweet-cherries-500g', "Sainsbury's Frozen Dark Sweet Cherries 500g", '£2.00', '40p / 100g')
('https://www.sainsburys.co.uk/shop/gb/groceries/product/details/smoothie-mixes-294304-44/sainsburys-mango-papaya--pineapple-smoothie-480g', "Sainsbury's Mango, Papaya & Pineapple Smoothie Mix 480g", '£2.00', '42p / 100g')
('https://www.sainsburys.co.uk/shop/gb/groceries/product/details/smoothie-mixes-294304-44/sainsburys-frozen-pineapple-chunks-500g', "Sainsbury's Frozen Pineapple Chunks 500g", '£2.00', '40p / 100g')
('https://www.sainsburys.co.uk/shop/gb/groceries/product/details/smoothie-mixes-294304-44/sainsburys-frozen-blackberries-500g', "Sainsbury's Frozen Blackberries 500g", '£2.00', '40p / 100g')
('https://www.sainsburys.co.uk/shop/gb/groceries/product/details/mixed---prepared-vegetables/sainsburys-chunky-mixed-vegetables-1kg', 'Classic Vegetable Mix 1kg', '£1.30', '£1.30 / kg')
('https://www.sainsburys.co.uk/shop/gb/groceries/product/details/mixed---prepared-vegetables/sainsburys-moroccan-style-vegetable-couscous-4x135g', "Sainsbury's Moroccan Style Vegetable Couscous 4x135g (540g)", '£2.00', '£3.70 / kg')
('https://www.sainsburys.co.uk/shop/gb/groceries/product/details/mixed---prepared-vegetables/birds-eye-super-sunshine-mix-steambags-x4-540g', 'Birds Eye Steamfresh Super Sunshine Mix x4 540g', '£1.50', '£2.78 / kg')
('https://www.sainsburys.co.uk/shop/gb/groceries/product/details/mixed---prepared-vegetables/the-greengrocer-mixed-vegetables-steam-bags-4x135g', 'The Greengrocer Mixed Vegetables Steam Bags 4x135g', '89p', '£1.65 / kg')
('https://www.sainsburys.co.uk/shop/gb/groceries/product/details/mixed---prepared-vegetables/sainsburys-vegetable-stewpack-1kg', "Sainsbury's Vegetable Stewpack 1kg", '£1.00', '£1.00 / kg')
('https://www.sainsburys.co.uk/shop/gb/groceries/product/details/all-gifting/lla-ladybird-on-4-leaf-clover', 'Ladybird on 4 Leaf Clover Good Luck Card', '£2.00', '£2.00 / ea')
('https://www.sainsburys.co.uk/shop/gb/groceries/product/details/all-gifting/baylis-harding-the-fuzzy-duck-cotsworld-floral-bath-fizzers-set-x4', 'Baylis & Harding The Fuzzy Duck Cotswold Floral Candle Set', '£12.00', '£12.00 / ea')
('https://www.sainsburys.co.uk/shop/gb/groceries/product/details/all-gifting/baylis-and-harding-the-fuzzy-duck-cotsworld-collection-bottle-box-set-x2', 'Baylis & Harding The Fuzzy Duck Cotswold Floral Bath Fizzers Set x4', '£7.00', '£1.75 / ea')
('https://www.sainsburys.co.uk/shop/gb/groceries/product/details/all-gifting/yay-balloons-card', 'Yay Balloons Card', '£2.00', '£2.00 / ea')
('https://www.sainsburys.co.uk/shop/gb/groceries/product/details/all-gifting/noughty-intensive-care-leave-in-conditioner-150ml', 'Noughty Intensive Care Leave-In Conditioner 150ml', '£7.00', '£4.67 / 100ml')
('https://www.sainsburys.co.uk/shop/gb/groceries/product/details/all-gifting/sanctuary-spa-purifying-charcoal-bubble-sheet-mask-22g', 'Sanctuary Spa Purifying Charcoal Bubble Sheet Mask 22g', '£5.00', '£22.73 / 100g')
('https://www.sainsburys.co.uk/shop/gb/groceries/product/details/all-gifting/premium-gin-selection-3x5cl', 'Premium Gin Selection 3x5cl', '£10.00', '£10.00 / ea')
('https://www.sainsburys.co.uk/shop/gb/groceries/product/details/all-gifting/pih-gracias-cactus', "Moustache Gracias' Thank you Card", '£2.00', '£2.00 / ea')
('https://www.sainsburys.co.uk/shop/gb/groceries/product/details/all-gifting/yankee-medium-jar-sugared-blossom-134771011-p', 'Yankee Med Jar Sugared Blossom Candle', '£10.00', '£10.00 / ea')
('https://www.sainsburys.co.uk/shop/gb/groceries/product/details/all-gifting/feather-down-perfect-partners-set', 'Feather & Down Perfect Partners Set', '£5.50', '£5.50 / ea')
('https://www.sainsburys.co.uk/shop/gb/groceries/product/details/all-gifting/hask-argan-oil-of-morocco-repairing-shine-hair-oil-18ml', 'Hask Argan Oil of Morocco Repairing Shine Hair Oil 18ml', '£3.00', '£16.67 / 100ml')
('https://www.sainsburys.co.uk/shop/gb/groceries/product/details/all-gifting/sainsburys-decorate-your-own-madeira-cake-905g-serves-14-', "Sainsbury's Decorate Your Own Madeira Cake 905g (Serves 14)", '£6.50', '72p / 100g')
('https://www.sainsburys.co.uk/shop/gb/groceries/product/details/all-gifting/thorntons-continental-gift-wrap-chocolate-box-284g', 'Thorntons Continental Milk & Dark & White Chocolates Wrapped Gift Box 284g', '£10.00', '£4.03 / 100g')
('https://www.sainsburys.co.uk/shop/gb/groceries/product/details/all-gifting/beyoncé-heat-eau-de-parfum-natural-spray-100ml-7837359-p-44', 'Beyoncé Heat Eau de Parfum Natural Spray 100ml', '£15.00', '£15.00 / 100ml')
('https://www.sainsburys.co.uk/shop/gb/groceries/product/details/all-gifting/elizabeth-arden-5th-avenue-eau-de-parfum-spray-125ml', 'Elizabeth Arden 5th Avenue Eau de Parfum Spray 125ml', '£21.00', '£16.80 / 100ml')
('https://www.sainsburys.co.uk/shop/gb/groceries/product/details/all-gifting/dolce-gabbana-light-blue-eau-de-toilette-50ml', 'Dolce & Gabbana Light Blue Eau de Toilette 50ml', '£50.00', '£100.00 / 100ml')
('https://www.sainsburys.co.uk/shop/gb/groceries/product/details/all-gifting/sainsburys-belgian-biscuit-assortment-375g', "Sainsbury's Belgian Biscuit Assortment 375g", '£6.00', '£1.60 / 100g')
('https://www.sainsburys.co.uk/shop/gb/groceries/product/details/all-gifting/baileys-almande-dairy-free-almond-drink-70cl', 'Baileys Almande Dairy Free Almond Drink 70cl', '£20.00', '£28.57 / ltr')
('https://www.sainsburys.co.uk/shop/gb/groceries/product/details/all-gifting/whitley-neill-rhubarb---ginger-gin-70cl', 'Whitley Neill Rhubarb & Ginger Gin 70cl', '£26.00', '£37.14 / ltr')
('https://www.sainsburys.co.uk/shop/gb/groceries/product/details/all-gifting/yankee-medium-jar-candle-white-linen-lace', 'Yankee Medium Jar White Linen And Lace Candle', '£10.00', '£10.00 / ea')
('https://www.sainsburys.co.uk/shop/gb/groceries/product/details/all-gifting/godiva-the-belgian-1926-chocolate-selection-box-325g', 'Godiva The Belgian 1926 Chocolate Selection Box 325g', '£13.00', '£4.00 / 100g')
('https://www.sainsburys.co.uk/shop/gb/groceries/product/details/all-gifting/sainsburys-home-scissors-large-131439099-p', "Sainsbury's Home scissors large", '£2.00', '£2.00 / ea')
('https://www.sainsburys.co.uk/shop/gb/groceries/product/details/all-gifting/parker-jotter-stainless-steel-ball-pen-131240813-p', 'Parker Jotter Stainless Steel Ball Pen', '£12.00', '£12.00 / ea')
('https://www.sainsburys.co.uk/shop/gb/groceries/product/details/all-gifting/nip-fab-glycolic-fix-bubble-mask-extreme-23g', 'Nip + Fab Glycolic Fix Bubble Mask Extreme 23g', '£7.00', '£7.00 / ea')
('https://www.sainsburys.co.uk/shop/gb/groceries/product/details/all-gifting/cadbury-dairy-milk-chocolate-bar-360g', 'Cadbury Dairy Milk Chocolate Bar 360g', '£2.50', '69p / 100g')
('https://www.sainsburys.co.uk/shop/gb/groceries/product/details/all-gifting/vera-wang-eau-de-parfum-spray-50ml', 'Vera Wang Eau de Parfum Spray 50ml', '£20.00', '£40.00 / 100ml')
('https://www.sainsburys.co.uk/shop/gb/groceries/product/details/all-gifting/seriously-good-to-hand-cream-set', 'Seriously Good To... Hand Cream Set', '£4.50', '£4.50 / ea')
('https://www.sainsburys.co.uk/shop/gb/groceries/product/details/all-gifting/maltesers-teasers-chocolate-gift-box-275g', 'Maltesers Teasers Chocolate Gift Box 275g', '£3.00', '£1.09 / 100g')
('https://www.sainsburys.co.uk/shop/gb/groceries/product/details/all-gifting/love-birds-happy-anniversary-card', 'Love Birds Happy Anniversary Card', '£1.50', '£1.50 / ea')
('https://www.sainsburys.co.uk/shop/gb/groceries/product/details/all-gifting/freixenet-prosecco-75cl', 'Freixenet Prosecco 75cl', '£9.00', '£9.00 / 75cl')
('https://www.sainsburys.co.uk/shop/gb/groceries/product/details/all-gifting/elizabeth-shaw-raisin---hazelnut-biscuits-140g', 'Elizabeth Shaw Raisin & Hazelnut Biscuits 140g', '£1.00', '71p / 100g')
('https://www.sainsburys.co.uk/shop/gb/groceries/product/details/all-gifting/yankee-exotic-fruits-medium-jar', 'Yankee Medium Jar Exotic Fruits Candle', '£10.00', '£10.00 / ea')
('https://www.sainsburys.co.uk/shop/gb/groceries/product/details/all-gifting/yankee-cherry-vanilla-large-jar-132513967-p', 'Yankee Large Jar Cherry Vanilla Candle', '£14.00', '£14.00 / ea')
('https://www.sainsburys.co.uk/shop/gb/groceries/product/details/all-gifting/godiva-masterpieces-caramel-lion-with-belgian-milk-chocolate-193g', 'Godiva Masterpieces Caramel Lion with Belgian Milk Chocolate 193g', '£4.00', '£2.07 / 100g')
('https://www.sainsburys.co.uk/shop/gb/groceries/product/details/all-gifting/godiva-milk-chocolate-bar--salted-caramel-90g', 'Godiva Pure Belgian Milk Chocolate Bar, Salted Caramel 90g', '£2.00', '£2.22 / 100g')
('https://www.sainsburys.co.uk/shop/gb/groceries/product/details/all-gifting/sainsburys-red-velvet-cake--taste-the-difference-430g', "Sainsbury's Red Velvet Cake, Taste the Difference 430g (Serves 6)", '£2.00', '47p / 100g')
('https://www.sainsburys.co.uk/shop/gb/groceries/product/details/all-gifting/the-kraken-black-spiced-rum-5cl-miniature-', 'The Kraken Black Spiced Rum 5cl (Miniature)', '£3.00', '£60.00 / ltr')
('https://www.sainsburys.co.uk/shop/gb/groceries/product/details/all-gifting/buttermilk-crumbly-vanilla-fudge-150g', 'Buttermilk Crumbly Vanilla Fudge 150g', '£3.95', '£2.63 / 100g')
('https://www.sainsburys.co.uk/shop/gb/groceries/product/details/all-gifting/lindor-milk-orange-cornet-200g', 'Lindt Lindor Milk Orange Chocolate Truffles Box 200g', '£4.00', '£2.00 / 100g')
('https://www.sainsburys.co.uk/shop/gb/groceries/product/details/all-gifting/wine---chocolate-handbag-gift-set', 'Wine & Chocolate Handbag Gift Set', '£5.00', '£5.00 / ea')
('https://www.sainsburys.co.uk/shop/gb/groceries/product/details/all-gifting/sainsburys-xl-white-pillar-candle-126965385-p', "Sainsbury's Home Xl White Pillar Candle", '£4.50', '£4.50 / ea')
('https://www.sainsburys.co.uk/shop/gb/groceries/product/details/all-gifting/sainsburys-triple-layer-chocolate-cake', "Sainsbury's Triple Layer Chocolate Cake 1.88kg (Serves 28)", '£12.00', '£6.38 / kg')
('https://www.sainsburys.co.uk/shop/gb/groceries/product/details/meat-free-/rustlers-moroccan-vegetarian-burger-154g', 'Rustlers Moroccan Vegetarian Burger 154g', '£2.00', '£12.99 / kg')
('https://www.sainsburys.co.uk/shop/gb/groceries/product/details/meat-free-/plant-pioneer-southern-fried-bites-200g', 'Plant Pioneers Southern Fried Bites 200g', '£2.50', '£2.50 / kg')
('https://www.sainsburys.co.uk/shop/gb/groceries/product/details/meat-free-/lmc-southern-style-chicken-burger-240g', "Linda McCartney's Vegetarian Southern-Style Chicken Fillet Burgers x2 270g", '£2.20', '£9.17 / kg')
('https://www.sainsburys.co.uk/shop/gb/groceries/product/details/meat-free-/sainsburys-nut-roast-yorkshire-pudding-400g', "Sainsbury's Nut Roast Filled Yorkshire Pudding 400g", '£4.00', '£10.00 / kg')
('https://www.sainsburys.co.uk/shop/gb/groceries/product/details/meat-free-/plant-pioneers-mexican-style-jackfruit-150g', 'Plant Pioneers Mexican Style Jackfruit 150g', '£1.50', '£10.00 / kg')
('https://www.sainsburys.co.uk/shop/gb/groceries/product/details/meat-free-/plant-pioneers-2-vegan-steaks-226g', 'Plant Pioneers Vegan Steaks x2 227g', '£2.75', '£12.12 / kg')
('https://www.sainsburys.co.uk/shop/gb/groceries/product/details/meat-free-/quorn-vegetarian-turkey-stuffing-slices-170g', 'Quorn Vegetarian Turkey & Stuffing Slices 170g', '£2.60', '£15.29 / kg')
('https://www.sainsburys.co.uk/shop/gb/groceries/product/details/meat-free-/sainsburys-shroomballs-spaghetti-400g', 'Plant Pioneers Shroomballs & Spaghetti 400g', '£2.75', '£6.88 / kg')
('https://www.sainsburys.co.uk/shop/gb/groceries/product/details/meat-free-/linda-mccartneys-vegetarian-fish-goujon-252g', "Linda McCartney's Vegetarian Fish Goujon 252g", '£3.00', '£11.90 / kg')
('https://www.sainsburys.co.uk/shop/gb/groceries/product/details/roast-accompaniments/macsween-whisky-cream-sauce-150g-7676940-p-44', 'Macsween Whisky Cream Sauce 150g', '£1.50', '£1.00 / 100g')
('https://www.sainsburys.co.uk/shop/gb/groceries/product/details/roast-accompaniments/sainsburys-beef-gravy-300g', "Sainsbury's Beef Gravy 300g", '£1.60', '53p / 100g')
('https://www.sainsburys.co.uk/shop/gb/groceries/product/details/special-offers-314361-44/henry-denny-sons-slow-cooked-carved-ham-5-slices-90g', 'Henry Denny & Sons Slow Cooked Carved Ham 5 Slices 90g', '£1.20', '£1.33 / 100g')
('https://www.sainsburys.co.uk/shop/gb/groceries/product/details/special-offers-314361-44/hulls-of-ballymena-platinum-collection-6-premium-pork-cumberland-sausages-400g', "Hull's of Ballymena Platinum Collection 6 Premium Pork Cumberland Sausages 400g", '£2.50', '£6.25 / kg')
('https://www.sainsburys.co.uk/shop/gb/groceries/product/details/special-offers-314361-44/heck-simply-chicken-chipolatas-x10-340g', 'Heck Simply Chicken Chipolatas x10 340g', '£2.50', '£7.35 / kg')
('https://www.sainsburys.co.uk/shop/gb/groceries/product/details/special-offers-314361-44/sainsburys-northern-irish-lamb-chops-170g', "Sainsbury's Northern Irish Lamb Chops 170g", '£1.75', '£10.30 / kg')
('https://www.sainsburys.co.uk/shop/gb/groceries/product/details/special-offers-314361-44/sainsburys-northern-irish-diced-lamb-400g', "Sainsbury's Northern Irish Diced Lamb 400g", '£4.75', '£11.88 / kg')
('https://www.sainsburys.co.uk/shop/gb/groceries/product/details/special-offers-314361-44/sainsburys-cumberland-pork-chipolata-sausages--taste-the-difference-375g', "Sainsbury's Cumberland Pork Chipolata Sausages, Taste the Difference 375g", '£2.00', '£5.33 / kg')
('https://www.sainsburys.co.uk/shop/gb/groceries/product/details/special-offers-314361-44/porky-light-sausages-x8-454g', 'G. White & Co. Porky Light Sausages x6 400g', '£2.50', '£6.25 / kg')
('https://www.sainsburys.co.uk/shop/gb/groceries/product/details/special-offers-314361-44/sainsburys-sea-bass-fillets-180g', "Sainsbury's Sea Bass Fillets 180g", '£3.00', '£16.67 / kg')
('https://www.sainsburys.co.uk/shop/gb/groceries/product/details/special-offers-314361-44/gressingham-foods-duck-breasts-in-plum-sauce-400g', 'Gressingham Duck Breasts In Plum Sauce 400g (Serves 2)', '£6.10', '£15.25 / kg')
('https://www.sainsburys.co.uk/shop/gb/groceries/product/details/special-offers-314361-44/sainsburys-diced-chorizo-150g', "Sainsbury's Spanish Diced Chorizo 150g", '£2.25', '£1.50 / 100g')
('https://www.sainsburys.co.uk/shop/gb/groceries/product/details/special-offers-314361-44/sainsburys-italian-smoked-pancetta-105g', "Sainsbury's Italian Smoked Pancetta 105g", '£1.75', '£1.66 / 100g')
('https://www.sainsburys.co.uk/shop/gb/groceries/product/details/special-offers-314361-44/hulls-veg-roll--beef-sausage-meat-with-vegetables-350g', "Hull's Veg Roll, Beef Sausage Meat With Vegetables 350g", '£1.50', '£4.28 / kg')
('https://www.sainsburys.co.uk/shop/gb/groceries/product/details/dairyeggschilled-pricelockdown/mary-anns-dairy-mild-cheddar-cheese-900g', "Mary Ann's Dairy Mild Cheddar Cheese 900g", '£3.99', '£4.43 / kg')
('https://www.sainsburys.co.uk/shop/gb/groceries/product/details/dairyeggschilled-pricelockdown/sainsburys-basics-full-flavour-cheddar-cheese-1kg', "Mary Ann's Dairy Mature Cheddar Cheese 900g", '£3.99', '£4.43 / kg')
('https://www.sainsburys.co.uk/shop/gb/groceries/product/details/dairyeggschilled-pricelockdown/sainsburys-west-country-skimmed-milk-227l-4-pint-7938647-p-44', "Sainsbury's West Country Skimmed Milk 2.27L (4 Pint)", '£1.09', '48p / ltr')
('https://www.sainsburys.co.uk/shop/gb/groceries/product/details/dairyeggschilled-pricelockdown/sainsburys-mini-shepherds-pie-270g', "Sainsbury's Mini Shepherd's Pie 250g (Serves 1)", '£1.60', '£6.40 / kg')
('https://www.sainsburys.co.uk/shop/gb/groceries/product/details/dairyeggschilled-pricelockdown/sainsburys-thin---crispy-pepperoni-pizza-10-285g', "Sainsbury's Pepperoni Pizza 251g", '£1.80', '£7.17 / kg')
('https://www.sainsburys.co.uk/shop/gb/groceries/product/details/dairyeggschilled-pricelockdown/sainsburys-beef-stock-450g', "Sainsbury's Beef Stock 450g", '£2.10', '47p / 100g')
('https://www.sainsburys.co.uk/shop/gb/groceries/product/details/dairyeggschilled-pricelockdown/sainsburys-english-salted-butter-500g', "Sainsbury's British Butter, Salted 500g", '£2.95', '£5.90 / kg')
('https://www.sainsburys.co.uk/shop/gb/groceries/product/details/dairyeggschilled-pricelockdown/sainsburys-west-country-skimmed-milk-113l-2-pint-', "Sainsbury's West Country Skimmed Milk 1.13L (2 Pint)", '80p', '70p / ltr')
('https://www.sainsburys.co.uk/shop/gb/groceries/product/details/dairyeggschilled-pricelockdown/sainsburys-british-medium-cheddar-400g', "Sainsbury's British Medium Cheddar Cheese 400g", '£2.00', '£5.00 / kg')
('https://www.sainsburys.co.uk/shop/gb/groceries/product/details/dairyeggschilled-pricelockdown/sainsburys-british-mild-cheese-400g', "Sainsbury's British Mild Cheddar Cheese 400g", '£2.00', '£5.00 / kg')
('https://www.sainsburys.co.uk/shop/gb/groceries/product/details/dairyeggschilled-pricelockdown/sainsburys-english-butter--salted-250g', "Sainsbury's British Butter, Salted 250g", '£1.49', '£5.96 / kg')
('https://www.sainsburys.co.uk/shop/gb/groceries/product/details/dairyeggschilled-pricelockdown/sainsburys-scottish-semi-skimmed-milk-113l-2-pint-', "Sainsbury's Scottish Semi Skimmed Milk 1.13L (2 pint)", '80p', '70p / ltr')
('https://www.sainsburys.co.uk/shop/gb/groceries/product/details/dairyeggschilled-pricelockdown/sainsburys-english-butter--unsalted-250g', "Sainsbury's British Butter, Unsalted 250g", '£1.48', '£5.92 / kg')
('https://www.sainsburys.co.uk/shop/gb/groceries/product/details/dairyeggschilled-pricelockdown/sainsburys-pecorino-romano-170g', "Sainsbury's Pecorino Romano Cheese 170g", '£2.55', '£15.00 / kg')
('https://www.sainsburys.co.uk/shop/gb/groceries/product/details/dairyeggschilled-pricelockdown/mary-anns-dairy-grated-cheddar-cheese-500g', "Mary Ann's Dairy Grated Cheddar Cheese 500g", '£2.49', '£4.98 / kg')
('https://www.sainsburys.co.uk/shop/gb/groceries/product/details/dairyeggschilled-pricelockdown/sainsburys-british-mild-cheddar-220g', "Sainsbury's British Mild Cheddar 220g", '£1.50', '£6.82 / kg')
('https://www.sainsburys.co.uk/shop/gb/groceries/product/details/dairyeggschilled-pricelockdown/sainsburys-west-country-1-fat-milk-4-pint-227l-7938735-p-44', "Sainsbury's West Country 1% Fat Milk (4 Pint) 2.27L", '£1.10', '48p / ltr')
('https://www.sainsburys.co.uk/shop/gb/groceries/product/details/dairyeggschilled-pricelockdown/sainsburys-love-your-veg!-sweet-potato-katsu-curry-rice-400g-serves-1-', "Sainsbury's Love Your Veg! Sweet Potato Katsu Curry & Rice 400g (Serves 1)", '£3.00', '£7.50 / kg')
('https://www.sainsburys.co.uk/shop/gb/groceries/product/details/dairyeggschilled-pricelockdown/sainsburys-mini-cottage-pie-270g', "Sainsbury's Mini Cottage Pie 250g (Serves 1)", '£1.60', '£6.40 / kg')
('https://www.sainsburys.co.uk/shop/gb/groceries/product/details/dairyeggschilled-pricelockdown/sainsburys-individual-scotch-egg-113g', "Sainsbury's Individual Scotch Egg 113g", '85p', '75p / 100g')
('https://www.sainsburys.co.uk/shop/gb/groceries/product/details/dairyeggschilled-pricelockdown/sainsburys-1-fat-northern-irish-milk-227l-4-pint-', "Sainsbury's 1% Fat Northern Irish Milk 2.27L (4 Pint)", '£1.10', '55p / ltr')
('https://www.sainsburys.co.uk/shop/gb/groceries/product/details/dairyeggschilled-pricelockdown/sainsburys-1-fat-scottish-milk-227l-4-pint-', "Sainsbury's 1% Fat Scottish Milk 2.27L (4 Pint)", '£1.10', '48p / ltr')
('https://www.sainsburys.co.uk/shop/gb/groceries/product/details/dairyeggschilled-pricelockdown/sainsburys-british-semi-skimmed-milk-227l-4-pint-', "Sainsbury's British Semi Skimmed Milk 2.27L (4 pint)", '£1.09', '48p / ltr')
('https://www.sainsburys.co.uk/shop/gb/groceries/product/details/dairyeggschilled-pricelockdown/sainsburys-steak-puff-pastry-pie-150g', "Sainsbury's Steak Puff Pastry Pie 150g", '75p', '50p / 100g')
('https://www.sainsburys.co.uk/shop/gb/groceries/product/details/dairyeggschilled-pricelockdown/sainsburys-grated-four-cheese-mix-250g', "Sainsbury's Grated Four Cheese Mix 250g", '£1.70', '£6.80 / kg')
('https://www.sainsburys.co.uk/shop/gb/groceries/product/details/dairyeggschilled-pricelockdown/sainsburys-west-country-whole-milk-113l-2-pint-7938763-p-44', "Sainsbury's West Country Whole Milk 1.13L (2 Pint)", '80p', '70p / ltr')
('https://www.sainsburys.co.uk/shop/gb/groceries/product/details/dairyeggschilled-pricelockdown/sainsburys-love-your-veg!-chilli-bean-non-carne-rice-400g-serves-1-', "Sainsbury's Love Your Veg! Chilli Bean Non Carne & Rice 400g (Serves 1)", '£2.20', '£5.50 / kg')
('https://www.sainsburys.co.uk/shop/gb/groceries/product/details/dairyeggschilled-pricelockdown/sainsburys-mozzarella-cheese-pearls-125g', "Sainsbury's Mozzarella Cheese Pearls 125g", '£1.20', '£9.60 / kg')
('https://www.sainsburys.co.uk/shop/gb/groceries/product/details/dairyeggschilled-pricelockdown/big-pot-co-potato---leek-soup-500ml', 'Big Pot Co. Potato & Leek Soup 500ml', '£1.90', '38p / 100g')
('https://www.sainsburys.co.uk/shop/gb/groceries/product/details/dairyeggschilled-pricelockdown/sainsburys-british-mature-cheddar-400g', "Sainsbury's British Mature Cheddar Cheese 400g", '£2.00', '£5.00 / kg')
('https://www.sainsburys.co.uk/shop/gb/groceries/product/details/dairyeggschilled-pricelockdown/sainsburys-british-skimmed-milk-113l-2-pint-', "Sainsbury's British Skimmed Milk 1.13L (2 pint)", '80p', '70p / ltr')
('https://www.sainsburys.co.uk/shop/gb/groceries/product/details/dairyeggschilled-pricelockdown/sainsburys-british-semi-skimmed-milk-113l-2-pint-', "Sainsbury's British Semi Skimmed Milk 1.13L (2 pint)", '80p', '70p / ltr')
('https://www.sainsburys.co.uk/shop/gb/groceries/product/details/dairyeggschilled-pricelockdown/sainsburys-scottish-semi-skimmed-milk-227l-4-pint-', "Sainsbury's Scottish Semi Skimmed Milk 2.27L (4 pint)", '£1.09', '48p / ltr')
('https://www.sainsburys.co.uk/shop/gb/groceries/product/details/dairyeggschilled-pricelockdown/sainsburys-minced-beef---onion-puff-pastry-pie-150g', "Sainsbury's Minced Beef & Onion Puff Pastry Pie 150g", '75p', '50p / 100g')
('https://www.sainsburys.co.uk/shop/gb/groceries/product/details/dairyeggschilled-pricelockdown/big-pot-co-cream-of-chicken-soup-500g', 'Big Pot Co. Cream Of Chicken Soup 500g', '£1.90', '38p / 100g')
('https://www.sainsburys.co.uk/shop/gb/groceries/product/details/dairyeggschilled-pricelockdown/sainsburys-grana-padano-cheese-200g', "Sainsbury's Grana Padano Cheese 200g", '£2.55', '£12.75 / kg')
('https://www.sainsburys.co.uk/shop/gb/groceries/product/details/dairyeggschilled-pricelockdown/mary-anns-dairy-red-leicester-600g', "Mary Ann's Dairy Red Leicester 600g", '£2.69', '£4.48 / kg')
('https://www.sainsburys.co.uk/shop/gb/groceries/product/details/dairyeggschilled-pricelockdown/sainsburys-fromage-frais-x12-80g', "Mary Ann's Dairy Fromage Frais 12x50g", '73p', '12p / 100g')
('https://www.sainsburys.co.uk/shop/gb/groceries/product/details/dairyeggschilled-pricelockdown/sainsburys-west-country-semi-skimmed-milk-227l-4-pint-7938693-p-44', "Sainsbury's West Country Semi-Skimmed Milk 2.27L (4 Pint)", '£1.09', '48p / ltr')
('https://www.sainsburys.co.uk/shop/gb/groceries/product/details/dairyeggschilled-pricelockdown/dromona-medium-cheddar-350g', 'Dromona Medium Cheddar Cheese 350g', '£3.00', '£8.57 / kg')
('https://www.sainsburys.co.uk/shop/gb/groceries/product/details/dairyeggschilled-pricelockdown/sainsburys-buttersoft-light-500g', "Sainsbury's Buttersoft Lighter Spread 500g", '£2.00', '£4.00 / kg')
('https://www.sainsburys.co.uk/shop/gb/groceries/product/details/dairyeggschilled-pricelockdown/mary-anns-dairy-low-fat-fruit-yogurts-peach-and-strawberry-4x125g', "Mary Ann's Dairy Low Fat Fruit Yogurts Peach and Strawberry 4x125g", '60p', '12p / 100g')
('https://www.sainsburys.co.uk/shop/gb/groceries/product/details/dairyeggschilled-pricelockdown/sainsburys-british-skimmed-milk-227l-4-pint-', "Sainsbury's British Skimmed Milk 2.27L (4 pint)", '£1.09', '48p / ltr')
('https://www.sainsburys.co.uk/shop/gb/groceries/product/details/dairyeggschilled-pricelockdown/sainsburys-chocolate-mousse-6x625g', "Sainsbury's Mousse Chocolate 6x60g", '£1.00', '28p / 100g')
('https://www.sainsburys.co.uk/shop/gb/groceries/product/details/dairyeggschilled-pricelockdown/sainsburys-lattice-gala-pork---egg-pie-450g', "Sainsbury's Pork & Egg Lattice Gala Pie 450g", '£2.70', '60p / 100g')
('https://www.sainsburys.co.uk/shop/gb/groceries/product/details/dairyeggschilled-pricelockdown/sainsburys-west-country-semi-skimmed-milk-113l-2-pint-7938683-p-44', "Sainsbury's West Country Semi Skimmed Milk 1.13L (2 Pint)", '80p', '70p / ltr')
('https://www.sainsburys.co.uk/shop/gb/groceries/product/details/dairyeggschilled-pricelockdown/rustlers-twin-cheese-burger-280g', 'Rustlers Twin Cheese Burger 280g', '£2.50', '89p / 100g')
('https://www.sainsburys.co.uk/shop/gb/groceries/product/details/dairyeggschilled-pricelockdown/sainsburys-onion-gravy-300g', "Sainsbury's Onion Gravy 300g", '£1.60', '53p / 100g')
('https://www.sainsburys.co.uk/shop/gb/groceries/product/details/dairyeggschilled-pricelockdown/sainsburys-scottish-mature-cheddar-400g', "Sainsbury's Scottish Mature Cheddar Cheese 400g", '£2.00', '£5.00 / kg')
('https://www.sainsburys.co.uk/shop/gb/groceries/product/details/dairyeggschilled-pricelockdown/sainsburys-low-fat-natural-yogurt--basics-500g', "Mary Ann's Dairy Low Fat Natural Yogurt 500g", '45p', '9p / 100g')
('https://www.sainsburys.co.uk/shop/gb/groceries/product/details/dairyeggschilled-pricelockdown/sainsburys-british-whole-milk-227l-4-pint-', "Sainsbury's British Whole Milk 2.27L (4 pint)", '£1.09', '48p / ltr')
('https://www.sainsburys.co.uk/shop/gb/groceries/product/details/dairyeggschilled-pricelockdown/sainsburys-fat-free-normandy-natural-fromage-frais-500g', "Sainsbury's Fat Free Normandy Natural Fromage Frais 500g", '£1.00', '20p / 100g')
('https://www.sainsburys.co.uk/shop/gb/groceries/product/details/dairyeggschilled-pricelockdown/sainsburys-steak---kidney-puff-pastry-pie-150g', "Sainsbury's Steak & Kidney Puff Pastry Pie 150g", '75p', '50p / 100g')
('https://www.sainsburys.co.uk/shop/gb/groceries/product/details/dairyeggschilled-pricelockdown/sainsburys-chicken---mushroom-puff-pastry-pie-150g', "Sainsbury's Chicken & Mushroom Puff Pastry Pie 150g", '75p', '50p / 100g')
('https://www.sainsburys.co.uk/shop/gb/groceries/product/details/dairyeggschilled-pricelockdown/sainsburys-garlic---coriander-naan-130g', "Sainsbury's Indian Garlic & Coriander Naan 130g", '65p', '50p / 100g')
('https://www.sainsburys.co.uk/shop/gb/groceries/product/details/all-gifting/sainsburys-indulgence-bouquet', "Sainsbury's Indulgence Bouquet", '£12.00', '£12.00 / ea')
('https://www.sainsburys.co.uk/shop/gb/groceries/product/details/all-gifting/vibrant-tulips', "Sainsbury's Tulips Bouquet (Colour may vary)", '£2.50', '£2.50 / ea')
('https://www.sainsburys.co.uk/shop/gb/groceries/product/details/all-gifting/lindt-master-chocolatier-collection-144g', 'Lindt Master Chocolatier Collection 184g', '£7.00', '£3.80 / 100g')
('https://www.sainsburys.co.uk/shop/gb/groceries/product/details/all-gifting/greene-king-head-brewers-selection-8x500ml', "Greene King Head Brewer's Selection Ale 8x500ml", '£10.00', '£2.50 / ltr')
('https://www.sainsburys.co.uk/shop/gb/groceries/product/details/all-gifting/thorntons-chocolate-celebration-cake', 'Thorntons Chocolate Celebration Cake 990g (Serves 18)', '£12.00', '£12.00 / ea')
('https://www.sainsburys.co.uk/shop/gb/groceries/product/details/all-gifting/black-magic-classic-chocolate-favourites-188g', 'Black Magic Classic Chocolate Favourites Box 174g', '£3.00', '£1.73 / 100g')
('https://www.sainsburys.co.uk/shop/gb/groceries/product/details/all-gifting/lindt-lindor-milk-chocolate-200g', 'Lindt Lindor Milk Chocolate Truffles Box 200g', '£4.00', '£2.00 / 100g')
('https://www.sainsburys.co.uk/shop/gb/groceries/product/details/all-gifting/sainsburys-small-seriously-chocolate-cake-550g-serves-10-', "Sainsbury's Small Seriously Chocolate Cake 550g (Serves 10)", '£6.50', '£1.18 / 100g')
('https://www.sainsburys.co.uk/shop/gb/groceries/product/details/all-gifting/large-seriously-chocolate-cake-128kg-serves-20-', 'Large Seriously Chocolate Cake 1.28kg (Serves 20)', '£9.00', '70p / 100g')
('https://www.sainsburys.co.uk/shop/gb/groceries/product/details/all-gifting/green---blacks-organic-white-chocolate-100g', "Green & Black's Organic White Chocolate Bar 90g", '£2.00', '£2.22 / 100g')
('https://www.sainsburys.co.uk/shop/gb/groceries/product/details/all-gifting/glenfiddich-triple-pack-3x5cl', 'Glenfiddich Family Collection Single Malt Whisky Gift Pack 3x5cl', '£11.00', '£73.33 / ltr')
('https://www.sainsburys.co.uk/shop/gb/groceries/product/details/all-gifting/sainsburys-sugar-stars-47g', "Sainsbury's Cake Decorations, Sugar Stars 43g", '£1.00', '£2.33 / 100g')
('https://www.sainsburys.co.uk/shop/gb/groceries/product/details/all-gifting/stormtrooper-set-4-glasses', 'Stormtrooper Set 4 Glasses', '£20.00', '£20.00 / ea')
('https://www.sainsburys.co.uk/shop/gb/groceries/product/details/all-gifting/la-gioiosa-etamorosa-prosecco-75cl', 'La Gioiosa Etamorosa Prosecco 75cl', '£12.00', '£12.00 / 75cl')
('https://www.sainsburys.co.uk/shop/gb/groceries/product/details/all-gifting/mug-n', 'Mug "N"', '£4.50', '£4.50 / ea')
('https://www.sainsburys.co.uk/shop/gb/groceries/product/details/all-gifting/mug-j-138077684-p-44', 'Mug "J"', '£4.50', '£4.50 / ea')
('https://www.sainsburys.co.uk/shop/gb/groceries/product/details/all-gifting/raffaello-230g', 'Raffaello Coconut and Almond Pralines Gift Box 230g', '£4.00', '£1.74 / 100g')
('https://www.sainsburys.co.uk/shop/gb/groceries/product/details/all-gifting/luv-ya-message-bottle-350g', 'Luv Ya! Heart Gummy Sweets 320g', '£3.00', '94p / 100g')
('https://www.sainsburys.co.uk/shop/gb/groceries/product/details/all-gifting/vegan-hearts-bottle-400g', 'Vegan Heart Gummy Sweets 400g', '£3.00', '75p / 100g')
('https://www.sainsburys.co.uk/shop/gb/groceries/product/details/all-gifting/silver-bottle-bag', "Sainsbury's Home Silver Bottle Bag", '£1.00', '£1.00 / ea')
('https://www.sainsburys.co.uk/shop/gb/groceries/product/details/all-gifting/joules-brights-insulated-water-bottle', 'Joules Brights Insulated Water Bottle', '£18.00', '£18.00 / ea')
('https://www.sainsburys.co.uk/shop/gb/groceries/product/details/all-gifting/v-a-clover-glass-water-bottle', 'V&A Clover Glass Water Bottle', '£12.00', '£12.00 / ea')
('https://www.sainsburys.co.uk/shop/gb/groceries/product/details/all-gifting/sainsburys-home-refill-rhubarb-elderflower', "Sainsbury's Home Refill Rhubarb & Elderflower", '£9.50', '£9.50 / ea')
('https://www.sainsburys.co.uk/shop/gb/groceries/product/details/all-gifting/sainsburys-home-boxed-candle-jasmine-pineapple-flower', "Sainsbury's Home Boxed Candle Jasmine & Pineapple Flower", '£4.00', '£4.00 / ea')
('https://www.sainsburys.co.uk/shop/gb/groceries/product/details/all-gifting/sainsburys-octopus-cake', "Sainsbury's Olly The Octopus Madeira Cake 776g (Serves 12)", '£10.00', '£12.89 / 1000g')
('https://www.sainsburys.co.uk/shop/gb/groceries/product/details/all-gifting/sainsburys-home-diffuser-90ml-lavender-geranium', "Sainsbury's Home Diffuser 90ml Lavender & Geranium", '£8.00', '£8.00 / ea')
('https://www.sainsburys.co.uk/shop/gb/groceries/product/details/all-gifting/sainsburys-home-24pk-tealights-rhubarb-elderflower', "Sainsbury's Home 24pk Tealights Rhubarb & Elderflower", '£4.00', '£4.00 / ea')
('https://www.sainsburys.co.uk/shop/gb/groceries/product/details/all-gifting/sainsburys-home-24pk-tealights-seasalt-cedar', "Sainsbury's Home 24pk Tealights Seasalt & Cedar", '£4.00', '£4.00 / ea')
('https://www.sainsburys.co.uk/shop/gb/groceries/product/details/all-gifting/sainsburys-home-large-pillar-patchouli-amber', "Sainsbury's Home Large Pillar Patchouli & Amber", '£4.50', '£4.50 / ea')
('https://www.sainsburys.co.uk/shop/gb/groceries/product/details/all-gifting/sainsburys-home-room-spray-rhubarb-elderflower', "Sainsbury's Home Room Spray Rhubarb & Elderflower", '£3.00', '£3.00 / ea')
('https://www.sainsburys.co.uk/shop/gb/groceries/product/details/all-gifting/sainsburys-home-multi-wick-candle-lavender-geranium', "Sainsbury's Home Multi Wick Candle Lavender & Geranium", '£7.00', '£7.00 / ea')
('https://www.sainsburys.co.uk/shop/gb/groceries/product/details/all-gifting/sainsburys-rainbow-clouds', "Sainsbury's Home Rainbow and Clouds Birthday Card", '£1.50', '£1.50 / ea')
('https://www.sainsburys.co.uk/shop/gb/groceries/product/details/all-gifting/sku-yankee-wax-melts-rose-lemonade', 'Yankee Wax Melts Rose Lemonade', '£3.50', '£3.50 / ea')
('https://www.sainsburys.co.uk/shop/gb/groceries/product/details/all-gifting/sainsburys-nothing-is-so-presious-as-the-memory', "Sainsbury's Home 'Nothing is so Precious as the Memory that Lives On' Card", '£2.50', '£2.50 / ea')
('https://www.sainsburys.co.uk/shop/gb/groceries/product/details/all-gifting/lego-friends-heartlake-city-hair-salon-41391', 'Lego Friends Heartlake City Hair Salon 41391', '£18.00', '£18.00 / ea')
('https://www.sainsburys.co.uk/shop/gb/groceries/product/details/all-gifting/lindt-lindor-salted-caramel-200g', 'Lindt Lindor Salted Caramel Chocolate Truffles Box 200g', '£4.00', '£2.00 / 100g')
('https://www.sainsburys.co.uk/shop/gb/groceries/product/details/all-gifting/the-chateau-by-angel-strawbridge-ceramic-candle-delicate-sweet-pea', 'The Chateau By Angel Strawbridge Ceramic Candle Delicate Sweet Pea', '£10.00', '£10.00 / ea')
('https://www.sainsburys.co.uk/shop/gb/groceries/product/details/all-gifting/paco-rabanne-aftershave-splash-100ml', 'Paco Rabanne Aftershave Splash 100ml', '£25.00', '£25.00 / 100ml')
('https://www.sainsburys.co.uk/shop/gb/groceries/product/details/all-gifting/the-chateau-by-angel-strawbridge-potagerie-bedding-set', 'The Chateau By Angel Strawbridge Potagerie Bedding Set', '£60.00', '£60.00 / ea')
('https://www.sainsburys.co.uk/shop/gb/groceries/product/details/all-gifting/the-chateau-by-angel-strawbridge-wallpaper-wallpaper-museum-cushion-45x45', 'The Chateau By Angel Strawbridge Wallpaper Wallpaper Museum Cushion 45x45', '£30.00', '£30.00 / ea')
('https://www.sainsburys.co.uk/shop/gb/groceries/product/details/all-gifting/the-chateau-by-angel-strawbridge-wallpaper-museum-bedding-set', 'The Chateau By Angel Strawbridge Wallpaper Museum Bedding Set', '£60.00', '£60.00 / ea')
('https://www.sainsburys.co.uk/shop/gb/groceries/product/details/all-gifting/disney-frozen-ii-celebration-cake-758g', 'Disney Frozen II Celebration Cake 758g', '£10.00', '£1.32 / 100g')
('https://www.sainsburys.co.uk/shop/gb/groceries/product/details/all-gifting/peony-bouquet', "Sainsbury's Peony Bouquet", '£8.00', '£8.00 / ea')
('https://www.sainsburys.co.uk/shop/gb/groceries/product/details/price-lock-drinks/sainsburys-vermouth-bianco-1l', "Sainsbury's Vermouth Bianco 1L", '£5.85', '£4.39 / 75cl')
('https://www.sainsburys.co.uk/shop/gb/groceries/product/details/price-lock-drinks/sainsburys-dry-london-gin-35cl', 'Hollow & Bourne London Dry Gin 35cl', '£6.00', '£17.14 / ltr')
('https://www.sainsburys.co.uk/shop/gb/groceries/product/details/price-lock-drinks/sainsburys-cognac--vs-grand-cru-70cl', "Sainsbury's VS Grand Cru Cognac 70cl", '£17.00', '£24.29 / ltr')
('https://www.sainsburys.co.uk/shop/gb/groceries/product/details/price-lock-drinks/sainsburys-superior-white-rum-35cl', 'Caribbean Pearl White Rum 35cl', '£5.75', '£16.43 / ltr')
('https://www.sainsburys.co.uk/shop/gb/groceries/product/details/price-lock-drinks/sainsburys-dry-gin-1l', 'Hollow & Bourne London Dry Gin 1L', '£15.40', '£15.40 / ltr')
('https://www.sainsburys.co.uk/shop/gb/groceries/product/details/price-lock-drinks/barr-american-cream-soda-6x330ml', 'Barr American Cream Soda 6x330ml', '£1.90', '10p / 100ml')
('https://www.sainsburys.co.uk/shop/gb/groceries/product/details/price-lock-drinks/soiree-amaretto-50cl', 'Soiree Amaretto 50cl', '£5.50', '£11.00 / ltr')
('https://www.sainsburys.co.uk/shop/gb/groceries/product/details/price-lock-drinks/sainsburys-fruit-slurps-nas-blckcrnt-h2o-6x250ml', "Sainsbury's No Added Sugar Mineral Water Fruit Slurps Blackcurrant Flavoured 6 x 250ml", '£1.50', '10p / 100ml')
('https://www.sainsburys.co.uk/shop/gb/groceries/product/details/price-lock-drinks/sainsburys-espresso-decaf-coffee-pods-x10-52g', "Sainsbury's Espresso Decaf Coffee Pods x10 52g", '£1.65', '£3.17 / 100g')
('https://www.sainsburys.co.uk/shop/gb/groceries/product/details/price-lock-drinks/sainsburys-espresso-coffee-pods-x10-52g', "Sainsbury's Espresso Coffee Pods x10 52g", '£1.65', '£3.17 / 100g')
('https://www.sainsburys.co.uk/shop/gb/groceries/product/details/price-lock-drinks/wychwood-brewery-hobgoblin-ipa-500ml', 'Wychwood Brewery Hobgoblin IPA Ale Bottle 500ml', '£1.50', '£3.00 / ltr')
('https://www.sainsburys.co.uk/shop/gb/groceries/product/details/price-lock-drinks/sainsburys-cold-brew-peach-black-tea-x15-45g', "Sainsbury's Cold Brew Peach & Black Tea x15 45g", '£2.50', '£5.56 / 100g')
('https://www.sainsburys.co.uk/shop/gb/groceries/product/details/price-lock-drinks/lucozade-energy-croft-apple-1l-7966594-p', 'Lucozade Energy Croft Apple 1L', '£1.00', '10p / 100ml')
('https://www.sainsburys.co.uk/shop/gb/groceries/product/details/price-lock-drinks/sainsburys-selected-house-chianti-75cl', "Sainsbury's Selected House Chianti 75cl", '£5.00', '£5.00 / 75cl')
('https://www.sainsburys.co.uk/shop/gb/groceries/product/details/price-lock-drinks/kenco-iced-latte-original-instant-coffee-8-sachets', 'Kenco Iced Latte Original Instant Coffee 8 Sachets', '£1.50', '87p / 100g')
('https://www.sainsburys.co.uk/shop/gb/groceries/product/details/price-lock-drinks/rockshore-irish-lager-20x330ml-4-', 'Rockshore Irish Lager 20x330ml 4%', '£13.00', '£1.97 / ltr')
('https://www.sainsburys.co.uk/shop/gb/groceries/product/details/price-lock-drinks/kenco-3-in-1-smooth-white-instant-coffee-with-sugar-sachets-x5', 'Kenco 3 in 1 Smooth White Instant Coffee with Sugar Sachets x5', '£1.00', '£1.00 / 100g')
('https://www.sainsburys.co.uk/shop/gb/groceries/product/details/price-lock-drinks/sainsburys-fairtrade-house-blend-coffee-bags-75g', "Sainsbury's Fairtrade House Blend Coffee Bags 75g", '£2.00', '£2.67 / 100g')
('https://www.sainsburys.co.uk/shop/gb/groceries/product/details/price-lock-drinks/sainsburys-fairtrade-italian-style-coffee-bags-75g', "Sainsbury's Fairtrade Italian Style Coffee Bags 75g", '£2.00', '£2.67 / 100g')
('https://www.sainsburys.co.uk/shop/gb/groceries/product/details/price-lock-drinks/pacifico-clara-mexican-beer-bottles-4x355ml', 'Pacifico Clara Mexican Beer bottles 4x355ml', '£4.50', '£3.17 / ltr')
('https://www.sainsburys.co.uk/shop/gb/groceries/product/details/price-lock-drinks/sainsburys-chai-latte-powder-250g', "Sainsbury's Chai Latte Powder 250g", '£2.00', '80p / 100g')
('https://www.sainsburys.co.uk/shop/gb/groceries/product/details/price-lock-drinks/sainsburys-unsweetened-cappuccino-8x14g', "Sainsbury's Low Sugar Cappuccino 8x14g", '£1.00', '89p / 100g')
('https://www.sainsburys.co.uk/shop/gb/groceries/product/details/price-lock-drinks/tennents-lager-12x300ml-7828204-p-44', 'Tennents Lager 12x300ml', '£7.20', '£2.00 / ltr')
('https://www.sainsburys.co.uk/shop/gb/groceries/product/details/price-lock-drinks/sainsburys-no-added-sugar-pineapple--mango---passionfruit-juice-1l', "Sainsbury's Pineapple Mango & Passionfruit Juice Drink, No Added Sugar 1L", '90p', '9p / 100ml')
('https://www.sainsburys.co.uk/shop/gb/groceries/product/details/price-lock-drinks/sainsburys-honey-bourbon-70cl', "Dixie Pete's Honey Bourbon Liqueur 70cl", '£14.35', '£20.50 / ltr')
('https://www.sainsburys.co.uk/shop/gb/groceries/product/details/price-lock-drinks/ghost-ship-5l-keg', 'Ghost Ship Pale Ale 5L Keg', '£15.00', '£3.00 / ltr')
('https://www.sainsburys.co.uk/shop/gb/groceries/product/details/price-lock-drinks/magners-irish-cider-original-4x440ml', 'Magners Irish Cider Original Cans 4x440ml', '£3.75', '£2.13 / ltr')
('https://www.sainsburys.co.uk/shop/gb/groceries/product/details/price-lock-drinks/bud-light-lager-4x440ml', 'Bud Light Lager Beer cans 4x440ml', '£3.50', '£1.99 / ltr')
('https://www.sainsburys.co.uk/shop/gb/groceries/product/details/price-lock-drinks/tassimo-kenco-americano-decaff-coffee-16x65g', 'Tassimo Kenco Americano Decaff Coffee Pods x16', '£3.50', '£3.37 / 100g')
('https://www.sainsburys.co.uk/shop/gb/groceries/product/details/price-lock-drinks/penguin-sands-merlot-75cl', 'Penguin Sands Merlot 75cl', '£3.85', '£3.85 / 75cl')
('https://www.sainsburys.co.uk/shop/gb/groceries/product/details/price-lock-drinks/mcguigan-estate-pinot-grigio-75cl', 'Mcguigan Estate Pinot Grigio 75cl', '£5.10', '£5.10 / 75cl')
('https://www.sainsburys.co.uk/shop/gb/groceries/product/details/price-lock-drinks/kronenbourg-k1664-4x568ml', 'Kronenbourg 1664 Lager Beer Cans 4 x 568ml Pint', '£5.25', '£2.31 / ltr')
('https://www.sainsburys.co.uk/shop/gb/groceries/product/details/price-lock-drinks/sainsburys-camomile-tea-bags-x80-160g', "Sainsbury's Camomile Tea Bags x80 160g", '£2.20', '£1.83 / 100g')
('https://www.sainsburys.co.uk/shop/gb/groceries/product/details/price-lock-drinks/lucozade-energy-the-brazilian-mango-mandarin-1l', 'Lucozade Energy The Brazilian Mango Mandarin 1L', '£1.00', '10p / 100ml')
('https://www.sainsburys.co.uk/shop/gb/groceries/product/details/price-lock-drinks/kopparberg-pear-cans-4x440ml', 'Kopparberg Pear Cider 4x440ml', '£4.75', '£2.70 / ltr')
('https://www.sainsburys.co.uk/shop/gb/groceries/product/details/price-lock-drinks/kopparberg-strawberry---lime-4x330ml', 'Kopparberg Strawberry & Lime Cider 4x330ml', '£5.00', '£3.79 / ltr')
('https://www.sainsburys.co.uk/shop/gb/groceries/product/details/price-lock-drinks/tassimo-cadburys-chocolate-pods-240g', 'Tassimo Cadbury Hot Chocolate Pods x8', '£3.50', '£1.46 / 100g')
('https://www.sainsburys.co.uk/shop/gb/groceries/product/details/price-lock-drinks/sainsburys-fruit-and-barley-summer-fruits-no-added-sugar-1l', "Sainsbury's Fruit and Barley Summer Fruits No added Sugar 1L", '85p', '9p / 100ml')
('https://www.sainsburys.co.uk/shop/gb/groceries/product/details/price-lock-drinks/sainsburys-winemakers-medium-british-fortified-wine-1l', "Sainsbury's Winemakers' Selection Medium British Fortified Wine 1L", '£5.50', '£4.13 / 75cl')
('https://www.sainsburys.co.uk/shop/gb/groceries/product/details/price-lock-drinks/sainsburys-drinking-chocolate-300g', "Sainsbury's Drinking Chocolate 300g", '£1.50', '50p / 100g')
('https://www.sainsburys.co.uk/shop/gb/groceries/product/details/price-lock-drinks/sainsburys-assam-loose-tea--taste-the-difference-125g', "Sainsbury's Assam Loose Tea Taste the Difference 125g", '£1.50', '£1.20 / 100g')
('https://www.sainsburys.co.uk/shop/gb/groceries/product/details/price-lock-drinks/sainsburys-bucks-fizz-75cl-494724-p-44', "Sainsbury's Bucks Fizz 75cl", '£2.75', '£2.75 / 75cl')
('https://www.sainsburys.co.uk/shop/gb/groceries/product/details/all-gifts/phil-smith-salon-curling-tong-19mm', 'Phil Smith Salon Curling Tong 19Mm', '£18.00', '£18.00 / ea')
('https://www.sainsburys.co.uk/shop/gb/groceries/product/details/all-gifts/sanctuary-spa-10-in-1-super-secret-facial-oil-30ml', 'Sanctuary Spa 10-in-1 Super Secret Facial Oil 30ml', '£13.50', '£45.00 / 100ml')
('https://www.sainsburys.co.uk/shop/gb/groceries/product/details/all-gifts/beautypro-nourishing-collagen-mask-with-olive-extract-23g', 'BeautyPro Nourishing Collagen Mask with Olive Extract 23g', '£5.00', '£21.74 / 100g')
('https://www.sainsburys.co.uk/shop/gb/groceries/product/details/all-gifts/vera-wang-eau-de-parfum-spray-50ml', 'Vera Wang Eau de Parfum Spray 50ml', '£20.00', '£40.00 / 100ml')
('https://www.sainsburys.co.uk/shop/gb/groceries/product/details/all-gifts/happy-naturals-nourishing-body-butter-argan-oil-sweet-orange-200ml', 'Happy Naturals Nourishing Body Butter Argan Oil & Sweet Orange 200ml', '£3.00', '£1.50 / 100ml')
('https://www.sainsburys.co.uk/shop/gb/groceries/product/details/all-gifts/happy-naturals-sea-minerals-body-polish', 'Happy Naturals Sea Minerals Body Polish', '£3.50', '£1.17 / 100ml')
('https://www.sainsburys.co.uk/shop/gb/groceries/product/details/all-gifts/jml-finishing-touch-flawless-134027031-p', 'Finishing Touch Flawless', '£20.00', '£20.00 / ea')
('https://www.sainsburys.co.uk/shop/gb/groceries/product/details/all-gifts/pretty-tulips', 'Pretty Tulips', '£8.00', '£8.00 / ea')
('https://www.sainsburys.co.uk/shop/gb/groceries/product/details/all-gifts/malfy-gin-rosa-70cl', 'Malfy Gin Rosa 70cl', '£25.00', '£35.71 / ltr')
('https://www.sainsburys.co.uk/shop/gb/groceries/product/details/all-gifts/maltesers-teasers-chocolate-gift-box-275g', 'Maltesers Teasers Chocolate Gift Box 275g', '£3.00', '£1.09 / 100g')
('https://www.sainsburys.co.uk/shop/gb/groceries/product/details/all-gifts/beautypro-eye-therapy-under-eye-mask-with-collagen-green-tea-3-pairs-35g', 'BeautyPro Eye Therapy Under Eye Mask with Collagen & Green Tea 3 Pairs 3.5g', '£5.00', '£1.67 / wipe')
('https://www.sainsburys.co.uk/shop/gb/groceries/product/details/all-gifts/super-facialist-vitamin-c-eye-cream-15ml', 'Super Facialist Dark Circles Eye Cream 15ml', '£13.00', '£86.67 / 100ml')
('https://www.sainsburys.co.uk/shop/gb/groceries/product/details/all-gifts/freixenet-prosecco-75cl', 'Freixenet Prosecco 75cl', '£9.00', '£9.00 / 75cl')
('https://www.sainsburys.co.uk/shop/gb/groceries/product/details/all-gifts/sainsburys-dazzle-bouquet', "Sainsbury's Dazzle Bouquet", '£10.00', '£10.00 / ea')
('https://www.sainsburys.co.uk/shop/gb/groceries/product/details/all-gifts/dirty-works-fizz-bar', 'Dirty Works Fizzy Bath Cubes 200g', '£1.75', '£1.75 / ea')
('https://www.sainsburys.co.uk/shop/gb/groceries/product/details/all-gifts/nicky-clarke-nhd082-120-frizz-control-2000w-dryer', 'Nicky Clarke Frizz Control Hair Dryer NHD177', '£20.00', '£20.00 / ea')
('https://www.sainsburys.co.uk/shop/gb/groceries/product/details/all-gifts/bombay-london-dry-gin-1l', 'Bombay London Dry Gin 1L', '£18.00', '£18.00 / ltr')
('https://www.sainsburys.co.uk/shop/gb/groceries/product/details/all-gifts/sainsburys-tulip-vase-gift', "Sainsbury's Tulip Vase Gift", '£15.00', '£15.00 / ea')
('https://www.sainsburys.co.uk/shop/gb/groceries/product/details/all-gifts/sainsburys-rainbow-fun-bouquet', "Sainsbury's Rainbow Fun Bouquet", '£10.00', '£10.00 / ea')
('https://www.sainsburys.co.uk/shop/gb/groceries/product/details/all-gifts/sainsburys-pretty-spray-carnations-bouquet', "Sainsbury's Pretty Spray Carnations Bouquet", '£3.00', '£3.00 / ea')
('https://www.sainsburys.co.uk/shop/gb/groceries/product/details/all-gifts/sainsburys-indulgence-bouquet', "Sainsbury's Indulgence Bouquet", '£12.00', '£12.00 / ea')
('https://www.sainsburys.co.uk/shop/gb/groceries/product/details/all-gifts/sainsburys-sparkling-pinot-rosé-taste-the-difference-75cl', "Sainsbury's Sparkling Pinot Rosé, Taste the Difference 75cl", '£7.50', '£7.50 / 75cl')
('https://www.sainsburys.co.uk/shop/gb/groceries/product/details/all-gifts/sainsburys-rainbow-fun-bouquet-7913821-p-44', "Sainsbury's Rainbow Fun Bouquet", '£10.00', '£10.00 / ea')
('https://www.sainsburys.co.uk/shop/gb/groceries/product/details/all-gifts/baron-de-guers-picpoul-de-pinet-75cl', 'Baron De Guers Picpoul De Pinet 75cl', '£7.00', '£7.00 / 75cl')
('https://www.sainsburys.co.uk/shop/gb/groceries/product/details/all-gifts/sainsburys-carnaby-bouquet', "Sainsbury's Carnaby Bouquet", '£25.00', '£25.00 / ea')
('https://www.sainsburys.co.uk/shop/gb/groceries/product/details/all-gifts/quality-street-chocole--toffee-and-cremes-box-265g-7781909-p', 'Quality Street Assorted Chocolate Box 240g', '£2.00', '83p / 100g')
('https://www.sainsburys.co.uk/shop/gb/groceries/product/details/all-gifts/rainbow-tulips', "Sainsbury's Rainbow Tulips Bouquet", '£5.00', '£5.00 / ea')
('https://www.sainsburys.co.uk/shop/gb/groceries/product/details/all-gifts/loreal-revitalift-laser-night-cream-50ml', "L'Oreal Paris Revitalift Laser Renew Anti Ageing Night Cream 50ml", '£15.00', '£30.00 / 100ml')
('https://www.sainsburys.co.uk/shop/gb/groceries/product/details/all-gifts/green---blacks-miniature-collection-180g', "Green & Black's Organic Classic Miniature Chocolate Bar Collection 12x15g", '£4.50', '£2.50 / 100g')
('https://www.sainsburys.co.uk/shop/gb/groceries/product/details/all-gifts/lindt-lindor-chocolate--assorted-200g', 'Lindt Lindor Assorted Chocolate Truffles Box 200g', '£4.00', '£2.00 / 100g')
('https://www.sainsburys.co.uk/shop/gb/groceries/product/details/all-gifts/ferrero-rocher-chocolate-200g', 'Ferrero Rocher Chocolate 200g', '£5.00', '£2.50 / 100g')
('https://www.sainsburys.co.uk/shop/gb/groceries/product/details/sunday-lunch/escape-to-the-chateau-cake-stand', 'Escape To The Chateau Cake Stand', '£20.00', '£20.00 / ea')
('https://www.sainsburys.co.uk/shop/gb/groceries/product/details/sunday-lunch/alpro-chocolate-hazelnut-dessert-2x113g', 'Alpro Low Calorie Hazelnut Chocolate Dessert 2x113g', '£1.50', '56p / 100g')
('https://www.sainsburys.co.uk/shop/gb/groceries/product/details/sunday-lunch/mcguigan-zero-sauvignon-blanc-alcohol-free-wine-75cl', 'McGuigan Zero Sauvignon Blanc Alcohol Free Wine 75cl', '£5.00', '£5.00 / 75cl')
('https://www.sainsburys.co.uk/shop/gb/groceries/product/details/sunday-lunch/sainsburys-mango-fingers-450g', "Sainsbury's Mango Fingers 450g", '£3.75', '£8.33 / kg')
('https://www.sainsburys.co.uk/shop/gb/groceries/product/details/sunday-lunch/the-coconut-collaborative-banoffee-pots-4x45g', 'The Coconut Collaborative Banoffee Pots 4x45g', '£2.50', '£1.39 / 100g')
('https://www.sainsburys.co.uk/shop/gb/groceries/product/details/sunday-lunch/sainsburys-blueberries-300g', "Sainsbury's Blueberries 300g", '£2.50', '£8.33 / kg')
('https://www.sainsburys.co.uk/shop/gb/groceries/product/details/sunday-lunch/trivento-malbec-reserve-75cl-7953670-p', 'Trivento Malbec Reserve 75cl', '£6.00', '£6.00 / 75cl')
('https://www.sainsburys.co.uk/shop/gb/groceries/product/details/sunday-lunch/nosecco-alcohol-free-sparkling-wine-75cl', 'Nosecco Alcohol Free Sparkling Wine 75cl', '£3.75', '£3.75 / 75cl')
('https://www.sainsburys.co.uk/shop/gb/groceries/product/details/sunday-lunch/sainsburys-northern-irish-pork-loin-joint-1kg-18kg', "Sainsbury's Northern Irish Pork Boneless Crackling Loin Joint (Approx. 1.45Kg)", '£6.82', '55p / 100g')
('https://www.sainsburys.co.uk/shop/gb/groceries/product/details/sunday-lunch/twinings-of-london-strand-earl-grey-loose-tea-100g', 'Twinings of London Earl Grey London Strand Tea', '£8.50', '£8.50 / 100g')
('https://www.sainsburys.co.uk/shop/gb/groceries/product/details/sunday-lunch/teapigs-english-breakfast-tea-x15', 'Teapigs English Breakfast Tea Bags x15', '£4.15', '£8.30 / 100g')
('https://www.sainsburys.co.uk/shop/gb/groceries/product/details/sunday-lunch/mumm-cordon-rouge-champagne-brut-nv-75cl-3045565-p-44', 'Mumm Cordon Rouge Champagne Brut, Non Vintage 75cl', '£23.00', '£23.00 / 75cl')
('https://www.sainsburys.co.uk/shop/gb/groceries/product/details/sunday-lunch/sainsburys-closed-cup-white-mushrooms-300g', "Sainsbury's Closed Cup White Mushrooms 300g", '75p', '£2.50 / kg')
('https://www.sainsburys.co.uk/shop/gb/groceries/product/details/all-dairy-free/the-coconut-collaborative-salted-caramel-choc-pots-4x45g', 'The Coconut Collaborative Salted Caramel Choc Pots 4x45g', '£2.50', '£1.39 / 100g')
('https://www.sainsburys.co.uk/shop/gb/groceries/product/details/all-dairy-free/biomel-almond-salted-caramel-probiotic-125ml', 'Biomel Almond Salted Caramel Probiotic 125ml', '£1.20', '96p / 100g')
('https://www.sainsburys.co.uk/shop/gb/groceries/product/details/all-dairy-free/innocent-oat-dairy-free-750ml', 'Innocent Dairy Free Oat 750ml', '£1.75', '£2.33 / ltr')
('https://www.sainsburys.co.uk/shop/gb/groceries/product/details/all-dairy-free/pure-dairy-free-sunflower-spread-500g', 'Pure Dairy Free Vegan Sunflower Spread 500g', '£1.60', '£3.20 / kg')
('https://www.sainsburys.co.uk/shop/gb/groceries/product/details/all-dairy-free/alpro-soya-dairy-free-custard-525g', 'Alpro Vanilla Custard 525g', '£1.00', '19p / 100g')
('https://www.sainsburys.co.uk/shop/gb/groceries/product/details/all-dairy-free/braham---murray-good-hemp-milk--original-1l', 'Good Hemp Seed Milk 1L', '£2.00', '£2.00 / ltr')
('https://www.sainsburys.co.uk/shop/gb/groceries/product/details/all-dairy-free/alpro-junior-1-soya-milk-alternative-1l', 'Alpro Soya Growing Up Long Life Drink 1L', '£1.20', '£1.20 / ltr')
('https://www.sainsburys.co.uk/shop/gb/groceries/product/details/all-dairy-free/alpro-light-long-life-soya-milk-alternative-1l', 'Alpro Soya Light Long Life Drink 1L', '£1.20', '£1.20 / ltr')
('https://www.sainsburys.co.uk/shop/gb/groceries/product/details/all-dairy-free/the-collective-plant-yoghurt-fudge-400g', 'The Collective Plant Yoghurt Fudge 400g', '£2.20', '55p / 100g')
('https://www.sainsburys.co.uk/shop/gb/groceries/product/details/all-dairy-free/beleaf-mango-passion-yoghurt-alt-120g', 'Beleaf Mango Passionfruit Almond Yoghurt 120g', '75p', '62p / 100g')
('https://www.sainsburys.co.uk/shop/gb/groceries/product/details/all-dairy-free/alpro-oat-barista-750ml', 'Alpro Barista Oat Chilled Drink 750ml', '£1.60', '£2.13 / ltr')
('https://www.sainsburys.co.uk/shop/gb/groceries/product/details/all-dairy-free/alpro-immunity-oat-echinacea-750ml', 'Alpro Daily Immunity Oat with Echinacea Drink 750ml', '£2.30', '£3.07 / ltr')
('https://www.sainsburys.co.uk/shop/gb/groceries/product/details/all-dairy-free/nutty-bruce-org-almond-coconut-m*lk-1l', 'Nutty Bruce Organic Almond & Coconut M*lk', '£2.25', '£2.25 / ltr')
('https://www.sainsburys.co.uk/shop/gb/groceries/product/details/all-dairy-free/oaty-bruce-org-unsweetened-oat-m*lk-1l', 'Oaty Bruce Organic Unsweetened Oat M*lk', '£2.00', '£2.00 / ltr')
('https://www.sainsburys.co.uk/shop/gb/groceries/product/details/all-dairy-free/sainsburys-lactose-free-strawberry-450g', "Sainsbury's Lactose Free Strawberry 450g", '£1.00', '22p / 100g')
('https://www.sainsburys.co.uk/shop/gb/groceries/product/details/all-dairy-free/sainsburys-unsweetened-soya-drink-1l', "Sainsbury's Unsweetened Soya Drink 1L", '95p', '95p / ltr')
('https://www.sainsburys.co.uk/shop/gb/groceries/product/details/all-dairy-free/alpro-coconut-unsweetened-1l-7989803-p-44', 'Alpro Coconut No Sugars Chilled Drink 1L', '£1.00', '£1.00 / ltr')
('https://www.sainsburys.co.uk/shop/gb/groceries/product/details/all-dairy-free/freaks-of-nature-dairy---gluten-free-cherry-bakewell-hot-pudding-100g-7965505-p', 'Freaks of Nature Dairy & Gluten Free Cherry Bakewell Hot Pudding 100g', '£2.00', '£2.00 / 100g')
('https://www.sainsburys.co.uk/shop/gb/groceries/product/details/all-dairy-free/alpro-oat-unsweetened-drink-1l', 'Alpro Oat No Sugars Chilled Drink 1L', '£1.00', '£1.00 / ltr')
('https://www.sainsburys.co.uk/shop/gb/groceries/product/details/all-dairy-free/oatly-the-original-oat-drink-skinny-1l', 'Oatly Oat Drink Skinny Chilled 1L', '£1.80', '£1.80 / ltr')
('https://www.sainsburys.co.uk/shop/gb/groceries/product/details/all-dairy-free/califia-farms-chocolate-coconut-almond-blend-drink-750ml', 'Califia Farms Chocolate Coconut Almond Blend Drink 750ml', '£2.40', '£3.20 / ltr')
('https://www.sainsburys.co.uk/shop/gb/groceries/product/details/all-dairy-free/sheese-vegan-cheddar-style-with-jalapeno-chilli-200g', 'Sheese Vegan Cheddar Style with Jalapeno & Chilli 200g', '£2.50', '£1.25 / 100g')
('https://www.sainsburys.co.uk/shop/gb/groceries/product/details/all-dairy-free/alpro-caffe-coffee---hazelnut-dairy-free-drink-1l', 'Alpro Caffe Coffee & Hazelnut Fresh Drink 1L', '£2.55', '£2.55 / ltr')
('https://www.sainsburys.co.uk/shop/gb/groceries/product/details/all-dairy-free/plenish-organic-cashew-milk-1l', 'Plenish Organic Cashew Dairy Free Drink 1L', '£2.50', '£2.50 / ltr')
('https://www.sainsburys.co.uk/shop/gb/groceries/product/details/all-dairy-free/oatly-foamable-1l', 'Oatly Oat Drink Barista Edition Long Life 1L', '£1.80', '£1.80 / ltr')
('https://www.sainsburys.co.uk/shop/gb/groceries/product/details/all-dairy-free/coconut-co-natural-yogurt-alternative--350g', 'The Coconut Collaborative Natural Yogurt Alternative 350g', '£2.50', '71p / 100g')
('https://www.sainsburys.co.uk/shop/gb/groceries/product/details/all-dairy-free/alpro-go-on-passionfruit-yogurt-150g', 'Alpro Greek Style Passionfruit Yoghurt Alternative 150g', '£1.00', '67p / 100g')
('https://www.sainsburys.co.uk/shop/gb/groceries/product/details/all-dairy-free/coconut-co-mango-yogurt-alternative-120g', 'The Coconut Collaborative Yogurt Alternative Mango & Passion Fruit 120g', '£1.10', '92p / 100g')
('https://www.sainsburys.co.uk/shop/gb/groceries/product/details/all-dairy-free/rakusens-tomor-sunflower-margarine-250g', "Rakusen's Tomor Sunflower Margarine 250g", '£1.10', '£4.40 / kg')
('https://www.sainsburys.co.uk/shop/gb/groceries/product/details/all-dairy-free/alpro-chilled-hazelnut-milk-1l', 'Alpro Hazelnut Chilled Drink 1L', '£1.00', '£1.00 / ltr')
('https://www.sainsburys.co.uk/shop/gb/groceries/product/details/all-dairy-free/sainsburys-unsweetened-soya-milk-alternative-1l', "Sainsbury's Unsweetened Soya Fresh Drink 1L", '£1.15', '£1.15 / ltr')
('https://www.sainsburys.co.uk/shop/gb/groceries/product/details/all-dairy-free/alpro-original-chilled-milk-alternative-1l', 'Alpro Soya Chilled Drink 1L', '£1.55', '£1.55 / ltr')
('https://www.sainsburys.co.uk/shop/gb/groceries/product/details/all-dairy-free/alpro-soya-dairy-free-dark-dessert-chocolate-500g', 'Alpro Dark Chocolate Dessert 4x125g', '£1.70', '34p / 100g')
('https://www.sainsburys.co.uk/shop/gb/groceries/product/details/all-dairy-free/alpro-soya-caramel-dessert-4x125g', 'Alpro Creamy Caramel Dessert 4x125g', '£1.70', '34p / 100g')
('https://www.sainsburys.co.uk/shop/gb/groceries/product/details/dairy-free-drinks/nutty-bruce-org-unsweet-almond-m*lk-1l', 'Nutty Bruce Organic Unsweetened Almond M*lk', '£2.25', '£2.25 / ltr')
('https://www.sainsburys.co.uk/shop/gb/groceries/product/details/dairy-free-drinks/sainsburys-oat-drink-1l', "Sainsbury's Oat Drink 1L", '£1.00', '£1.00 / ltr')
('https://www.sainsburys.co.uk/shop/gb/groceries/product/details/dairy-free-drinks/the-mighty-society-original-pea-mylk-1l', 'Mighty Pea Original Milk Alternative 1L', '£2.00', '£2.00 / ltr')
('https://www.sainsburys.co.uk/shop/gb/groceries/product/details/dairy-free-drinks/plenish-organic-oat-dairy-free-milk-alternative-1-litre', 'Plenish Organic Oat Dairy Free Milk Alternative 1 Litre', '£2.05', '£2.05 / ltr')
('https://www.sainsburys.co.uk/shop/gb/groceries/product/details/dairy-free-drinks/sainsburys-everyday-lactose-free-skimmed-dairy-drink-1l', "Sainsbury's Everyday Lactose Free Skimmed Dairy Drink 1L", '£1.00', '£1.00 / ltr')
('https://www.sainsburys.co.uk/shop/gb/groceries/product/details/dairy-free-drinks/rebel-kitchen-dairy-free-organic-coconut-milk-drink-with-cocoa-330ml', 'Rebel Kitchen Dairy Free Organic Coconut Milk Drink with Cocoa 330ml', '£1.70', '52p / 100ml')
('https://www.sainsburys.co.uk/shop/gb/groceries/product/details/dairy-free-drinks/califia-farms-cocoa-noir-cold-brew-coffee-with-almond-310ml', 'Califia Farms Mocha Noir Cold Brew Coffee with Almond 310ml', '£1.95', '63p / 100ml')
('https://www.sainsburys.co.uk/shop/gb/groceries/product/details/dairy-free-drinks/alpro-fresh-cashew-drink-1l', 'Alpro Cashew Chilled Drink 1L', '£1.00', '£1.00 / ltr')
('https://www.sainsburys.co.uk/shop/gb/groceries/product/details/aldi-price-match/sainsburys-strawberries--greengrocer-250g', "Sainsbury's Strawberries, Greengrocer 250g", '£1.71', '£6.84 / kg')
('https://www.sainsburys.co.uk/shop/gb/groceries/product/details/aldi-price-match/sure-men-invisible-ice-anti-perspirant-deodorant-aerosol-250ml', 'Sure Men Invisible Ice Anti-Perspirant Deodorant Aerosol 250ml', '£1.48', '59p / 100ml')
('https://www.sainsburys.co.uk/shop/gb/groceries/product/details/top-rated-44/sainsburys-micro-rice-wholegrain-basmati-250g', "Sainsbury's Microwave Rice Brown Basmati 250g", '50p', '£2.00 / kg')
('https://www.sainsburys.co.uk/shop/gb/groceries/product/details/top-rated-44/sainsburys-orange--mango---passionfruit-juice--not-from-concentrate-1l', "Sainsbury's Orange & Mango Juice, Not From Concentrate 1L", '£1.25', '13p / 100ml')
('https://www.sainsburys.co.uk/shop/gb/groceries/product/details/top-rated-44/bepanthen-nappy-care-ointment-100g', 'Bepanthen Nappy Rash Cream Ointment 100g', '£7.00', '£7.00 / 100g')
('https://www.sainsburys.co.uk/shop/gb/groceries/product/details/top-rated-44/sainsburys-british-extra-mature-cheddar-400g', "Sainsbury's British Extra Mature Cheddar Cheese 400g", '£2.00', '£5.00 / kg')
('https://www.sainsburys.co.uk/shop/gb/groceries/product/details/top-rated-44/lactofree-whole-milk-1l', 'Arla Lactofree Fresh Whole Dairy Drink 1L', '£1.50', '£1.50 / ltr')
('https://www.sainsburys.co.uk/shop/gb/groceries/product/details/top-rated-44/annabel-karmel-chicken---potato-pie-200g', 'Annabel Karmel Chicken & Potato Pie Toddler Meal 200g 12 Month+', '£2.50', '£12.50 / kg')
('https://www.sainsburys.co.uk/shop/gb/groceries/product/details/top-rated-44/lactofree-semi-skimmed-dairy-drink-1l', 'Arla Lactofree Fresh Semi Skimmed Dairy Drink 1L', '£1.50', '£1.50 / ltr')
('https://www.sainsburys.co.uk/shop/gb/groceries/product/details/top-rated-44/sainsburys-somerset-goats-cheese-100g', "Sainsbury's Somerset Goats Cheese 100g", '£1.75', '£17.50 / kg')
('https://www.sainsburys.co.uk/shop/gb/groceries/product/details/top-rated-44/coeur-de-lion-pie-dangloys-cheese-200g', "Pie d'Angloys Cheese 200g", '£1.75', '£8.75 / kg')
('https://www.sainsburys.co.uk/shop/gb/groceries/product/details/top-rated-44/cirio-passata-rustica-x2-350g', 'Cirio Passata Rustica x2 350g', '£1.25', '£1.79 / kg')
('https://www.sainsburys.co.uk/shop/gb/groceries/product/details/top-rated-44/garnier-olia-permanent-hair-colour--70-dark-blonde', 'Garnier Olia 7.0 Dark Blonde Permanent Hair Dye', '£7.00', '£7.00 / ea')
('https://www.sainsburys.co.uk/shop/gb/groceries/product/details/top-rated-44/belvoir-raspberry---lemon-cordial-500ml', 'Belvoir Raspberry & Lemon Cordial 500ml', '£3.30', '66p / 100ml')
('https://www.sainsburys.co.uk/shop/gb/groceries/product/details/top-rated-44/lynx-excite-shower-gel-400ml', 'Lynx Excite Shower Gel 400ml', '£1.50', '38p / 100ml')
('https://www.sainsburys.co.uk/shop/gb/groceries/product/details/top-rated-44/san-pellegrino-lemon-6x330ml', 'San Pellegrino Lemon Sparkling Soft Drink 6x330ml', '£4.00', '20p / 100ml')
('https://www.sainsburys.co.uk/shop/gb/groceries/product/details/top-rated-44/warburtons-sandwich-thins-x6', 'Warburtons Sandwich Thins x6', '£1.00', '17p / ea')
('https://www.sainsburys.co.uk/shop/gb/groceries/product/details/top-rated-44/sainsburys-cream-crackers-300g', "Sainsbury's Cream Crackers 300g", '39p', '13p / 100g')
('https://www.sainsburys.co.uk/shop/gb/groceries/product/details/top-rated-44/john-frieda-permanent-foam-radiant-red--3vr-deep-cherry-brown', 'John Frieda Precision Foam Colour Radiant Red Hair Dye Deep Cherry Brown 3VR', '£6.50', '£6.50 / ea')
('https://www.sainsburys.co.uk/shop/gb/groceries/product/details/top-rated-44/sainsburys-brioche-bread---butter-pud--taste-the-difference-535g', "Sainsbury's Brioche Bread & Butter Pudding Dessert, Taste the Difference 535g", '£4.00', '75p / 100g')
('https://www.sainsburys.co.uk/shop/gb/groceries/product/details/top-rated-44/sainsburys-granola-slices--taste-the-difference-x4', "Sainsbury's Chewy Granola Slices Taste Difference x4", '£1.25', '32p / ea')
('https://www.sainsburys.co.uk/shop/gb/groceries/product/details/top-rated-44/sainsburys-multigrain-bagels-x4', "Sainsbury's Bagels Multigrain x4", '£1.20', '30p / ea')
('https://www.sainsburys.co.uk/shop/gb/groceries/product/details/top-rated-44/gillette-fusion-shave-gel--sensitive-skin-200ml', 'Gillette Fusion Sensitive Skin Shaving Gel 200ml', '£3.00', '£1.50 / 100ml')
('https://www.sainsburys.co.uk/shop/gb/groceries/product/details/top-rated-44/loreal-kids-tangle-tamer-150ml', "L'Oreal Kids Super Pear Tangle Tamer 150ml", '£2.40', '£1.60 / 100ml')
('https://www.sainsburys.co.uk/shop/gb/groceries/product/details/top-rated-44/oven-pride-oven-liquid-box-500ml', 'Oven Pride Complete Oven Cleaner 500ml', '£4.00', '£8.00 / ltr')
('https://www.sainsburys.co.uk/shop/gb/groceries/product/details/top-rated-44/doria-doriano-italian-crackers-240g', 'Doria Doriano Italian Crackers 240g', '£1.40', '58p / 100g')
('https://www.sainsburys.co.uk/shop/gb/groceries/product/details/top-rated-44/nivea-sun-spray--spf-30-200ml', 'Nivea Sun Suncream Spray SPF 30 Protect & Moisture 200ml', '£7.00', '£3.50 / 100ml')
('https://www.sainsburys.co.uk/shop/gb/groceries/product/details/top-rated-44/sainsburys-biscuits-for-cheese-500g', "Sainsbury's Biscuits For Cheese 500g", '£3.00', '60p / 100g')
('https://www.sainsburys.co.uk/shop/gb/groceries/product/details/top-rated-44/olay-complete-care-night-cream-50ml', 'Olay Complete Care Moisturiser Night Cream 50ml', '£9.00', '£18.00 / 100ml')
('https://www.sainsburys.co.uk/shop/gb/groceries/product/details/top-rated-44/kleenex-ultra-soft-tissues-2-pack-3146255-p', 'Kleenex Ultra Soft Tissues 2 Pack', '£3.00', '£2.35 / 100sht')
('https://www.sainsburys.co.uk/shop/gb/groceries/product/details/top-rated-44/warburtons-blackpool-milk-roll-400g', 'Warburtons Milk Roll Soft Medium Sliced White Bread 400g', '£1.00', '25p / 100g')
('https://www.sainsburys.co.uk/shop/gb/groceries/product/details/top-rated-44/woodsilk-non-silicone-wood-furniture-polish--silk-250ml', 'Wood Silk Wood Furniture Polish, Non-Silicone 250ml', '£1.50', '£6.00 / ltr')
('https://www.sainsburys.co.uk/shop/gb/groceries/product/details/top-rated-44/alpro-long-life-alternative-to-cream-250ml', 'Alpro Soya Chilled Alternative to Single Cream 250ml', '85p', '34p / 100ml')
('https://www.sainsburys.co.uk/shop/gb/groceries/product/details/top-rated-44/oral-b-pro-white-brush-heads-x4', 'Oral-B 3D White Refill Toothbrush Heads x4', '£19.00', '£4.75 / ea')
('https://www.sainsburys.co.uk/shop/gb/groceries/product/details/top-rated-44/sainsburys-pineapple---grapefruit-juice-drink--zero-added-sugar-2l', "Sainsbury's Pineapple & Grapefruit Juice Drink, Zero Added Sugar 2L", '70p', '4p / 100ml')
('https://www.sainsburys.co.uk/shop/gb/groceries/product/details/top-rated-44/kit-kat-4-finger-milk-chocolate-bar-multipack-x8-415g-7541366-p', 'Kit Kat 4 Finger Milk Chocolate Bar Multipack x8 41.5g', '£2.50', '75p / 100g')
('https://www.sainsburys.co.uk/shop/gb/groceries/product/details/top-rated-44/hawaiian-tropic-silk-hydration-spf-30-180ml', 'Hawaiian Tropic Silk Hydration SPF 30 180ml', '£7.00', '£3.89 / 100ml')
('https://www.sainsburys.co.uk/shop/gb/groceries/product/details/top-rated-44/hawaiian-tropic-coconut-body-butter-200ml', 'Hawaiian Tropic Coconut Body Butter 200ml', '£6.00', '£3.00 / 100ml')
('https://www.sainsburys.co.uk/shop/gb/groceries/product/details/top-rated-44/loreal-triple-active-night-cream-50ml', "L'Oreal Paris Triple Active Night Cream 50ml", '£6.50', '£13.00 / 100ml')
('https://www.sainsburys.co.uk/shop/gb/groceries/product/details/top-rated-44/sainsburys-cherry-pie-550g', "Sainsbury's Cherry Pie Dessert 550g", '£2.80', '51p / 100g')
('https://www.sainsburys.co.uk/shop/gb/groceries/product/details/top-rated-44/vo5-heat-defence-blow-dry-spray-200ml', 'VO5 Plump It Up Amplifying Blow Dry Lotion 200ml', '£3.00', '£1.50 / 100ml')
('https://www.sainsburys.co.uk/shop/gb/groceries/product/details/top-rated-44/vo5-extreme-matt-paste-100ml', 'VO5 Extreme Style Matt Paste 100ml', '£4.00', '£4.00 / 100ml')
('https://www.sainsburys.co.uk/shop/gb/groceries/product/details/mixed---prepared-vegetables/sainsburys-special-mixed-vegetables-1kg', "Sainsbury's Vegetable Medley 1kg", '£1.50', '£1.50 / kg')
('https://www.sainsburys.co.uk/shop/gb/groceries/product/details/onions--peppers---herbs-44/sainsburys-sliced-mushrooms-750g', "Sainsbury's Sliced Mushrooms 750g", '£1.50', '£2.00 / kg')
('https://www.sainsburys.co.uk/shop/gb/groceries/product/details/onions--peppers---herbs-44/sainsburys-chopped-basil-50g', "Sainsbury's Chopped Basil 50g", '£1.50', '£3.00 / 100g')
('https://www.sainsburys.co.uk/shop/gb/groceries/product/details/onions--peppers---herbs-44/sainsburys-chopped-coriander-50g', "Sainsbury's Chopped Coriander 50g", '£1.50', '£3.00 / 100g')
('https://www.sainsburys.co.uk/shop/gb/groceries/product/details/onions--peppers---herbs-44/sainsburys-chopped-onion-750g', "Sainsbury's Chopped Onion 750g", '£1.30', '£1.73 / kg')
('https://www.sainsburys.co.uk/shop/gb/groceries/product/details/onions--peppers---herbs-44/sainsburys-sliced-mixed-peppers-750g', "Sainsbury's Sliced Mixed Peppers 750g", '£1.50', '£2.00 / kg')
('https://www.sainsburys.co.uk/shop/gb/groceries/product/details/onions--peppers---herbs-44/sainsburys-chopped-red-chilli-75g', "Sainsbury's Chopped Red Chilli 75g", '£1.50', '£2.00 / 100g')
('https://www.sainsburys.co.uk/shop/gb/groceries/product/details/onions--peppers---herbs-44/sainsburys-chopped-parsley-50g', "Sainsbury's Chopped Parsley 50g", '£1.50', '£3.00 / 100g')
('https://www.sainsburys.co.uk/shop/gb/groceries/product/details/onions--peppers---herbs-44/sainsburys-chopped-garlic-100g', "Sainsbury's Chopped Garlic 100g", '£1.50', '£1.50 / 100g')
('https://www.sainsburys.co.uk/shop/gb/groceries/product/details/onions--peppers---herbs-44/sainsburys-chopped-ginger-75g', "Sainsbury's Chopped Ginger 75g", '£1.50', '£2.00 / 100g')
('https://www.sainsburys.co.uk/shop/gb/groceries/product/details/roast-potatoes---parsnips-44/aunt-bessies-duck-fat-roast-potatoes-700g', "Aunt Bessie's Duck Fat Roast Potatoes 700g", '£2.00', '£2.86 / kg')
('https://www.sainsburys.co.uk/shop/gb/groceries/product/details/roast-potatoes---parsnips-44/aunt-bessies-honey-glazed-roast-parsnips-600g', "Aunt Bessie's Honey Glazed Roast Parsnips 500g", '£1.75', '£3.50 / kg')
('https://www.sainsburys.co.uk/shop/gb/groceries/product/details/roast-potatoes---parsnips-44/aunt-bessies-homestyle-roasts-16kg', "Aunt Bessie's Homestyle Roast Potatoes 1.4kg", '£2.90', '£2.07 / kg')
('https://www.sainsburys.co.uk/shop/gb/groceries/product/details/roast-potatoes---parsnips-44/aunt-bessies-homestyle-roast-potatoes-907g', "Aunt Bessie's Homestyle Roast Potatoes 907g", '£1.80', '£1.98 / kg')
('https://www.sainsburys.co.uk/shop/gb/groceries/product/details/meatandfish-essentials/platinum-prime-irish-beef-meatballs-360g', 'Platinum Prime Irish Beef Meatballs 360g', '£2.50', '69p / 100g')
('https://www.sainsburys.co.uk/shop/gb/groceries/product/details/meatandfish-essentials/sainsburys-12-fat-northern-irish-beef-mince-so-organic-500g', "Sainsbury's 12% Fat Northern Irish Beef Mince, SO Organic 500g", '£3.75', '£7.50 / kg')
('https://www.sainsburys.co.uk/shop/gb/groceries/product/details/meatandfish-essentials/sainsburys-british-silverside-diced-beef-taste-the-difference-500g', "Sainsbury's British Silverside Diced Beef, Taste the Difference 500g", '£5.00', '£10.00 / kg')
('https://www.sainsburys.co.uk/shop/gb/groceries/product/details/meatandfish-essentials/sainsburys-3-fat-beef-mince-500g', "Sainsbury's 3% Fat Beef Mince 500g", '£4.50', '£9.00 / kg')
('https://www.sainsburys.co.uk/shop/gb/groceries/product/details/meatandfish-essentials/bc-honey-mustard-cocktails-314g', 'Bc Honey & Mustard Cocktails 314g', '£3.00', '£9.55 / kg')
('https://www.sainsburys.co.uk/shop/gb/groceries/product/details/meatandfish-essentials/sainsburys-chicken-leg-pack-1kg', "Sainsbury's British Fresh Skin on Chicken Legs 1kg", '£1.69', '£1.69 / kg')
('https://www.sainsburys.co.uk/shop/gb/groceries/product/details/meatandfish-essentials/jjames-family-british-sliced-cooked-chicken-breast-160g', 'J.James & Family British Sliced Cooked Chicken Breast 160g', '£1.60', '£1.00 / 100g')
('https://www.sainsburys.co.uk/shop/gb/groceries/product/details/meatandfish-essentials/sainsburys-extra-lean-diced-beef-400g', "Sainsbury's Extra Lean Diced Beef 400g", '£3.20', '£8.00 / kg')
('https://www.sainsburys.co.uk/shop/gb/groceries/product/details/meatandfish-essentials/sainsburys-oak-smoked-scottish-salmon-taste-the-difference-100g', "Sainsbury's Oak Smoked Scottish Salmon, Taste the Difference 100g", '£4.35', '£4.35 / 100g')
('https://www.sainsburys.co.uk/shop/gb/groceries/product/details/meatandfish-essentials/sainsburys-british-pork-loin-joint-vw-cw', "Sainsbury's British Pork Boneless Crackling Loin Joint (Approx. 1.45Kg)", '£6.82', '55p / 100g')
('https://www.sainsburys.co.uk/shop/gb/groceries/product/details/meatandfish-essentials/sainsburys-breaded-chicken-fillets-x2-350g', "Sainsbury's Breaded Chicken Breast Fillets x2 350g", '£2.50', '£7.14 / kg')
('https://www.sainsburys.co.uk/shop/gb/groceries/product/details/meatandfish-essentials/sainsburys-southern-fried-breast-fillet-320g', "Sainsbury's Southern Fried Breaded Chicken Breast Fillets x2 315g", '£3.00', '£9.52 / kg')
('https://www.sainsburys.co.uk/shop/gb/groceries/product/details/meatandfish-essentials/sainsburys-beef-sizzler-steaks-350g-7876533-p-44', "Sainsbury's 21 Day Matured Beef Sizzler Steaks 350g", '£3.00', '£8.57 / kg')
('https://www.sainsburys.co.uk/shop/gb/groceries/product/details/meatandfish-essentials/sainsburys-beef-mince-12-fat-500g', "Sainsbury's Beef Mince 12% Fat 500g", '£2.50', '£5.00 / kg')
('https://www.sainsburys.co.uk/shop/gb/groceries/product/details/meatandfish-essentials/sainsburys-beef-mince-5-fat-250g', "Sainsbury's Beef Mince 5% Fat 250g", '£1.89', '£7.56 / kg')
('https://www.sainsburys.co.uk/shop/gb/groceries/product/details/meatandfish-essentials/sainsburys-roast-chicken-thighs-500g', "Sainsbury's Roast Chicken Thighs 500g", '£3.00', '60p / 100g')
('https://www.sainsburys.co.uk/shop/gb/groceries/product/details/meatandfish-essentials/sainsburys-roast-sliced-chicken-breast-160g', "Sainsbury's Roast Sliced Chicken Breast 160g", '£2.00', '£1.25 / 100g')
('https://www.sainsburys.co.uk/shop/gb/groceries/product/details/meatandfish-essentials/sainsburys-pork-cutlets--taste-the-difference-550g', "Sainsbury's Outdoor Bred British Pork Cutlets x2, Taste the Difference", '£3.50', '£6.36 / kg')
('https://www.sainsburys.co.uk/shop/gb/groceries/product/details/meatandfish-essentials/sainsburys-butchers-choice-beef-burgers-x4-454g', "Sainsbury's Quarter Pounder Beef Burgers x4 454g", '£2.50', '£5.51 / kg')
('https://www.sainsburys.co.uk/shop/gb/groceries/product/details/meatandfish-essentials/sainsburys-british-8-thin-cut-loin-steaks-800g-p', "Sainsbury's British Pork Loin Steaks x8 800g", '£3.15', '£3.94 / kg')
('https://www.sainsburys.co.uk/shop/gb/groceries/product/details/meatandfish-essentials/sainsburys-salmon-fillets-480g', "Sainsbury's Salmon Fillets 480g", '£6.25', '£13.02 / kg')
('https://www.sainsburys.co.uk/shop/gb/groceries/product/details/meatandfish-essentials/sainsburys-duck-legs-430g', "Sainsbury's Duck Legs 440g", '£4.25', '£9.66 / kg')
('https://www.sainsburys.co.uk/shop/gb/groceries/product/details/meatandfish-essentials/sainsburys-spicy-chorizo-ring-225g', "Sainsbury's Spanish Chorizo Ring 225g", '£2.25', '£1.00 / 100g')
('https://www.sainsburys.co.uk/shop/gb/groceries/product/details/meatandfish-essentials/sainsburys-roast-chicken-135g', "Sainsbury's British Roast Chicken Breast 135gm x7 Slices", '£1.75', '£1.30 / 100g')
('https://www.sainsburys.co.uk/shop/gb/groceries/product/details/meatandfish-essentials/sainsburys-brussels-pate-with-cranberries-200g', "Sainsbury's Brussels & Cranberry Pate 200g", '£2.50', '£1.25 / 100g')
('https://www.sainsburys.co.uk/shop/gb/groceries/product/details/meatandfish-essentials/sainsburys-brussels-spreadable-pâté-175g', "Sainsbury's Brussels Spreadable Pâté 175g", '80p', '46p / 100g')
('https://www.sainsburys.co.uk/shop/gb/groceries/product/details/meatandfish-essentials/sainsburys-breaded-wiltshire-cured-ham--taste-the-difference-120g', "Sainsbury's British Breaded Wiltshire Cured Ham, Taste the Difference 120g", '£2.00', '£1.67 / 100g')
('https://www.sainsburys.co.uk/shop/gb/groceries/product/details/all-gifting/sanctuary-spa-tempting-travel-treats-7969084-p', 'Sanctuary Spa Tempting Travel Treats', '£11.00', '£11.00 / ea')
('https://www.sainsburys.co.uk/shop/gb/groceries/product/details/all-gifting/glasses-of-champagne-card', 'Glasses of Champagne Card', '£2.00', '£2.00 / ea')
('https://www.sainsburys.co.uk/shop/gb/groceries/product/details/all-gifting/rainbow-roses', "Sainsbury's Rainbow Roses Bouquet (Colours May Vary)", '£10.00', '£10.00 / ea')
('https://www.sainsburys.co.uk/shop/gb/groceries/product/details/all-gifting/sanctuary-spa-beauty-sleep-recovery-mask-75ml', 'Sanctuary Spa Beauty Sleep Recovery Mask 75ml', '£7.00', '£9.34 / 100ml')
('https://www.sainsburys.co.uk/shop/gb/groceries/product/details/all-gifting/akin-orange-blossom-body-wash-500ml', "A'kin Orange Blossom Body Wash 500ml", '£9.00', '£1.80 / 100ml')
('https://www.sainsburys.co.uk/shop/gb/groceries/product/details/all-gifting/yankee-small-jar-white-linen---lace-134770001-p', 'Yankee Small Jar White Linen And Lace Candle', '£5.00', '£5.00 / ea')
('https://www.sainsburys.co.uk/shop/gb/groceries/product/details/all-gifting/large-succulent-in-ceramic-x1', "Sainsbury's Large Succulent In Ceramic", '£5.00', '£5.00 / ea')
('https://www.sainsburys.co.uk/shop/gb/groceries/product/details/all-gifting/feather-down-sleep-well-set', 'Feather & Down Sleep Well Set', '£6.60', '£6.60 / ea')
('https://www.sainsburys.co.uk/shop/gb/groceries/product/details/all-gifting/feather-down-sweet-dreams-melting-shower-cream-250ml', 'Feather & Down Sweet Dreams Melting Shower Cream 250ml', '£4.00', '£2.00 / 100ml')
('https://www.sainsburys.co.uk/shop/gb/groceries/product/details/all-gifting/hask-argan-oil-from-morocco-repairing-shampoo-355ml', 'Hask Argan Oil from Morocco Repairing Shampoo 355ml', '£7.00', '£1.97 / 100ml')
('https://www.sainsburys.co.uk/shop/gb/groceries/product/details/all-gifting/sainsburys-princess-madeira-cake-951g-serves-14-', "Sainsbury's Princess Madeira Cake 951g (Serves 14)", '£10.00', '£1.05 / 100g')
('https://www.sainsburys.co.uk/shop/gb/groceries/product/details/all-gifting/sainsburys-unicorn-cake-11kg-serves-16-', "Sainsbury's Unicorn Cake 1.1kg (Serves 16)", '£12.00', '£1.11 / 100g')
('https://www.sainsburys.co.uk/shop/gb/groceries/product/details/all-gifting/sainsburys-iced-fruit-cake-bar-400g', "Sainsbury's Iced Fruit Cake Bar 400g", '£2.50', '63p / 100g')
('https://www.sainsburys.co.uk/shop/gb/groceries/product/details/all-gifting/dirty-works-glitterbug', 'Dirty Works Glitterbug', '£6.00', '£6.00 / ea')
('https://www.sainsburys.co.uk/shop/gb/groceries/product/details/all-gifting/lindt-lindor-mint-chocolate-limited-edition-200g', 'Lindt Lindor Mint Chocolate, Limited Edition 200g', '£4.00', '£2.00 / 100g')
('https://www.sainsburys.co.uk/shop/gb/groceries/product/details/all-gifting/friend-pink-foil-birthday-card', 'Friend Pink Foil Birthday Card', '£2.00', '£2.00 / ea')
('https://www.sainsburys.co.uk/shop/gb/groceries/product/details/beauty---fragrance/loreal-men-expert-barber-club-short-beard-grooming-kit', "L'Oreal Men Expert Barber Club Short Beard Grooming Kit", '£12.50', '£12.50 / ea')
('https://www.sainsburys.co.uk/shop/gb/groceries/product/details/beauty---fragrance/elizabeth-arden-sunflowers-eau-de-toilette-spray-30ml', 'Elizabeth Arden Sunflowers Eau de Toilette Spray 30ml', '£8.00', '£26.67 / 100ml')
('https://www.sainsburys.co.uk/shop/gb/groceries/product/details/beauty---fragrance/calvin-klein-eternity-for-men-eau-de-toilette-spray-30ml', 'Calvin Klein Eternity for Men Eau de Toilette Spray 30ml', '£28.00', '£28.00 / ea')
('https://www.sainsburys.co.uk/shop/gb/groceries/product/details/beauty---fragrance/super-facialist-glow-boost-skin-serum-30ml', 'Super Facialist Glow Boost Skin Serum 30ml', '£17.00', '£56.67 / 100ml')
('https://www.sainsburys.co.uk/shop/gb/groceries/product/details/beauty---fragrance/nivea-sparkle-lips', 'Nivea Love Lips Set', '£5.00', '£5.00 / ea')
('https://www.sainsburys.co.uk/shop/gb/groceries/product/details/beauty---fragrance/faith-in-nature-avocado-body-wash-400ml', 'Faith in Nature Avocado Body Wash 400ml', '£5.50', '£1.31 / 100ml')
('https://www.sainsburys.co.uk/shop/gb/groceries/product/details/beauty---fragrance/bulldog-ultimate-beard-care-kit', 'Bulldog Skincare Original Ultimate Beard Care Kit', '£7.50', '£7.50 / ea')
('https://www.sainsburys.co.uk/shop/gb/groceries/product/details/beauty---fragrance/b-h-fuzzy-duck-ginger-lime-trio-set', "Baylis & Harding The Fuzzy Duck Men's Ginger & Lime Daily Preening Kit", '£3.00', '£3.00 / ea')
('https://www.sainsburys.co.uk/shop/gb/groceries/product/details/beauty---fragrance/baylis-harding-england-wash-bag-for-him-with-hiar-body-wash-shower-gel-aftershave-balm', 'Baylis & Harding The Fuzzy Duck Cotswold Collection 2 Bottle Box Set', '£7.00', '£3.50 / ea')
('https://www.sainsburys.co.uk/shop/gb/groceries/product/details/beauty---fragrance/noughty-care-taker-scalp-soothing-shampoo-250ml', 'Noughty Care Taker Scalp Soothing Shampoo 250ml', '£7.00', '£2.80 / 100ml')
('https://www.sainsburys.co.uk/shop/gb/groceries/product/details/beauty---fragrance/dirty-works-handbag-heroes', 'Dirty Works Handbag Heroes', '£5.00', '£5.00 / ea')
('https://www.sainsburys.co.uk/shop/gb/groceries/product/details/beauty---fragrance/dirty-works-fragrance-rollerballs-3-x-10ml', 'Dirty Works Fragrance Rollerballs 3 x 10ml', '£5.00', '£5.00 / ea')
('https://www.sainsburys.co.uk/shop/gb/groceries/product/details/beauty---fragrance/calvin-klein-obsession-eau-de-parfum-spray-100ml', 'Calvin Klein Obsession Eau de Parfum Spray 100ml', '£35.00', '£35.00 / 100ml')
('https://www.sainsburys.co.uk/shop/gb/groceries/product/details/beauty---fragrance/balance-me-radiance-face-oil-30ml', 'Balance Me Radiance Face Oil 30ml', '£20.00', '£66.67 / 100ml')
('https://www.sainsburys.co.uk/shop/gb/groceries/product/details/beauty---fragrance/old-spice-aftershave-lotion-150ml', 'Old Spice Aftershave Lotion 150ml', '£9.00', '£6.00 / 100ml')
('https://www.sainsburys.co.uk/shop/gb/groceries/product/details/beauty---fragrance/bulldog-skincare-everyday-skincare-routine', 'Bulldog Skincare Everyday Skincare Routine', '£10.00', '£10.00 / ea')
('https://www.sainsburys.co.uk/shop/gb/groceries/product/details/beauty---fragrance/nivea-skin-indulgence-gift-pack', 'Nivea Skin Indulgence Gift Pack', '£12.00', '£12.00 / ea')
('https://www.sainsburys.co.uk/shop/gb/groceries/product/details/beauty---fragrance/funny-you-should-ask…-your-questions-answered-by-the-qi-elves', 'Funny You Should Ask… Your Questions Answered by the QI Elves', '£7.00', '£7.00 / ea')
('https://www.sainsburys.co.uk/shop/gb/groceries/product/details/beauty---fragrance/nivea-pampering-clay-collection', 'Nivea Pampering Clay Collection', '£4.50', '£4.50 / ea')
('https://www.sainsburys.co.uk/shop/gb/groceries/product/details/beauty---fragrance/b-h-fuzzy-duck-whiskey-bubbles', 'Baylis & Harding The Fuzzy Duck Whiskey Premium Bath Bubbles 750ml', '£2.25', '£2.25 / ea')
('https://www.sainsburys.co.uk/shop/gb/groceries/product/details/beauty---fragrance/burts-bees-beeswax-bounty', "Burt's Bees Beeswax Bounty Assorted Mix", '£4.80', '£4.80 / ea')
('https://www.sainsburys.co.uk/shop/gb/groceries/product/details/beauty---fragrance/dirty-works-nailed-it-polish-set', 'Dirty Works Nailed It! Nail Polish Set', '£2.40', '£2.40 / ea')
('https://www.sainsburys.co.uk/shop/gb/groceries/product/details/beauty---fragrance/habitat-hand-duo-2x300ml', 'Habitat Hand Wash Duo 2x300ml', '£8.00', '£1.33 / 100ml')
('https://www.sainsburys.co.uk/shop/gb/groceries/product/details/beauty---fragrance/dove-mc-gym-essentials-gift-set', 'Dove M+c Gym Essentials Gift Set', '£4.50', '£4.50 / ea')
('https://www.sainsburys.co.uk/shop/gb/groceries/product/details/beauty---fragrance/b-h-unicorn-bath-fizzers-travel-cup', 'Baylis & Harding Unicorn Bath Fizzers Travel Cup', '£2.70', '£2.70 / ea')
('https://www.sainsburys.co.uk/shop/gb/groceries/product/details/beauty---fragrance/vaseline-original-selection-tin-gift-set', 'Vaseline Original Selection Tin Gift Set', '£1.50', '£1.50 / ea')
('https://www.sainsburys.co.uk/shop/gb/groceries/product/details/special-offers-454372-44/yeo-valley-organic-yogurt-fat-free-vanilla-450g', 'Yeo Valley Organic 0% Fat Vanilla Yogurt 450g', '£1.00', '22p / 100g')
('https://www.sainsburys.co.uk/shop/gb/groceries/product/details/special-offers-454372-44/kallo-very-low-salt-organic-beef-stock-cubes--gluten-free-x6-48g', 'Kallo Very Low Salt Beef Stock Cubes 6x8g', '£1.00', '£2.08 / 100g')
('https://www.sainsburys.co.uk/shop/gb/groceries/product/details/special-offers-454372-44/nandos-medium-peri-peri-sauce-125ml', "Nando's Peri Peri Sauce Medium 125g", '£2.00', '£1.60 / 100g')
('https://www.sainsburys.co.uk/shop/gb/groceries/product/details/special-offers-454372-44/sainsburys-vanilla-crème-brûlée-2x100g', "Sainsbury's Vanilla Crème Brûlée 2x100g", '£1.80', '90p / 100g')
('https://www.sainsburys.co.uk/shop/gb/groceries/product/details/fruitandveg-essentials/sainsburys-kiwi-fruit-x6-7499464-p-44', "Sainsbury's Kiwi Fruit x6", '67p', '11p / ea')
('https://www.sainsburys.co.uk/shop/gb/groceries/product/details/fruitandveg-essentials/sainsburys-strawberries-so-organic-400g', "Sainsbury's Strawberries, SO Organic 400g", '£3.00', '£7.50 / kg')
('https://www.sainsburys.co.uk/shop/gb/groceries/product/details/eat-the-rainbow/sainsburys-pomegranate-100g', "Sainsbury's Pomegranate Seeds 100g", '£1.35', '£13.50 / kg')
('https://www.sainsburys.co.uk/shop/gb/groceries/product/details/eat-the-rainbow/sainsburys-sabel-black-grapes--taste-the-difference-400g', "Sainsbury's Black Sable Seedless Grapes, Taste the Difference 400g", '£2.50', '£6.25 / kg')
('https://www.sainsburys.co.uk/shop/gb/groceries/product/details/eat-the-rainbow/sainsburys-chantenay-carrots-500g', "Sainsbury's Chantenay Carrots 500g", '90p', '£1.80 / kg')
('https://www.sainsburys.co.uk/shop/gb/groceries/product/details/eat-the-rainbow/sainsburys-little-gem-lettuce-x2', "Sainsbury's Little Gem Lettuce x2", '85p', '43p / ea')
('https://www.sainsburys.co.uk/shop/gb/groceries/product/details/eat-the-rainbow/sainsburys-carrots--so-organic-750g', "Sainsbury's Carrots, SO Organic 750g", '£1.25', '£1.67 / kg')
('https://www.sainsburys.co.uk/shop/gb/groceries/product/details/eat-the-rainbow/sainsburys-pink-lady-apples-so-organic-x6', "Sainsbury's Pink Lady Apples, SO Organic x6", '£3.00', '50p / ea')
('https://www.sainsburys.co.uk/shop/gb/groceries/product/details/eat-the-rainbow/sainsburys-satsumas-600g', "Sainsbury's Satsumas 600g", '£1.35', '£2.25 / kg')
('https://www.sainsburys.co.uk/shop/gb/groceries/product/details/eat-the-rainbow/sainsburys-conference-pears-x4', "Sainsbury's Conference Pears x4", '£1.50', '£1.50 / ea')
('https://www.sainsburys.co.uk/shop/gb/groceries/product/details/eat-the-rainbow/sainsburys-baby-aubergines-200g', "Sainsbury's Baby Aubergines 200g", '£1.60', '£8.00 / kg')
('https://www.sainsburys.co.uk/shop/gb/groceries/product/details/eat-the-rainbow/sainsburys-purple-sprouting-broccoli-spears--taste-the-difference-200g', "Sainsbury's Purple Sprouting Broccoli Spears 200g", '£1.80', '£9.00 / kg')
('https://www.sainsburys.co.uk/shop/gb/groceries/product/details/eat-the-rainbow/sainsburys-golden-delicious-apples-x6', "Sainsbury's Golden Delicious Apples x6", '£1.60', '27p / ea')
('https://www.sainsburys.co.uk/shop/gb/groceries/product/details/eat-the-rainbow/sainsburys-blackberries--sweet-150g', "Sainsbury's Blackberries, Sweet 150g", '£2.00', '£13.33 / kg')
('https://www.sainsburys.co.uk/shop/gb/groceries/product/details/eat-the-rainbow/sainsburys-red-grapes-300g', "Sainsbury's Red Grapes 300g", '£1.25', '£4.17 / ea')
('https://www.sainsburys.co.uk/shop/gb/groceries/product/details/eat-the-rainbow/sainsburys-cherries-250g', "Sainsbury's Cherries 250g", '£2.50', '£10.00 / kg')
('https://www.sainsburys.co.uk/shop/gb/groceries/product/details/eat-the-rainbow/sainsburys-on-the-go-carrot-batons-80g', "Sainsbury's On the Go Carrot Batons 80g", '70p', '70p / ea')
('https://www.sainsburys.co.uk/shop/gb/groceries/product/details/eat-the-rainbow/sainsburys-bunched-radish-135g-5005-p-44', "Sainsbury's Bunched Radish 135g", '£1.00', '74p / 100g')
('https://www.sainsburys.co.uk/shop/gb/groceries/product/details/eat-the-rainbow/sainsburys-green-vegetable-medley-200g', "Sainsbury's Asparagus, Sugar Snaps & Tenderstem Broccoli 200g", '£1.75', '£8.75 / kg')
('https://www.sainsburys.co.uk/shop/gb/groceries/product/details/eat-the-rainbow/sainsburys-avocado--ripe---ready-x2', 'By Sainsbury’s Medium Ripe & Ready Avocados x2', '£1.60', '80p / ea')
('https://www.sainsburys.co.uk/shop/gb/groceries/product/details/eat-the-rainbow/sainsburys-bellaverde-broccoli--taste-the-difference-200g', "Sainsbury's Bellaverde Broccoli, Taste the Difference 200g", '£2.00', '£10.00 / kg')
('https://www.sainsburys.co.uk/shop/gb/groceries/product/details/eat-the-rainbow/sainsburys-coquina-squash--taste-the-difference', "Sainsbury's Coquina Squash Loose, Taste the Difference", '£1.75 / kg', '£1.75 / kg')
('https://www.sainsburys.co.uk/shop/gb/groceries/product/details/eat-the-rainbow/sainsburys-young-spinach-260g', "Sainsbury's Young Spinach 260g", '£1.50', '£5.77 / kg')
('https://www.sainsburys.co.uk/shop/gb/groceries/product/details/eat-the-rainbow/sainsburys-kale-200g', "Sainsbury's Kale 200g", '80p', '£4.00 / kg')
('https://www.sainsburys.co.uk/shop/gb/groceries/product/details/eat-the-rainbow/sainsburys-apricots-320g', "Sainsbury's Apricot Punnet (Min x5)", '£2.00', '40p / ea')
('https://www.sainsburys.co.uk/shop/gb/groceries/product/details/eat-the-rainbow/sainsburys-braeburn-apples-x6', "Sainsbury's Braeburn Apples x6", '£1.60', '27p / ea')
('https://www.sainsburys.co.uk/shop/gb/groceries/product/details/eat-the-rainbow/sainsburys-pomegranate', "Sainsbury's Pomegranate", '£1.30', '£1.30 / ea')
('https://www.sainsburys.co.uk/shop/gb/groceries/product/details/eat-the-rainbow/sainsburys-watermelon', "Sainsbury's Watermelon", '£2.90', '£2.90 / ea')
('https://www.sainsburys.co.uk/shop/gb/groceries/product/details/eat-the-rainbow/sainsburys-tangerines-600g', "Sainsbury's Tangerines 600g", '£1.35', '£2.25 / kg')
('https://www.sainsburys.co.uk/shop/gb/groceries/product/details/eat-the-rainbow/sainsburys-green-pepper', "Sainsbury's Green Pepper", '45p', '45p / ea')
('https://www.sainsburys.co.uk/shop/gb/groceries/product/details/eat-the-rainbow/sainsburys-british-jubilee-large-vine-tomatoes--taste-the-difference', "Sainsbury's Jubilee Large Vine Tomatoes, Taste the Difference 450g", '£1.75', '£3.89 / kg')
('https://www.sainsburys.co.uk/shop/gb/groceries/product/details/eat-the-rainbow/sainsburys-pak-choi-200g', "Sainsbury's Pak Choi 200g", '£1.20', '60p / 100g')
('https://www.sainsburys.co.uk/shop/gb/groceries/product/details/eat-the-rainbow/sainsburys-large-sharon-fruit-x3', "Sainsbury's Sharon Fruit x3", '£1.50', '50p / ea')
('https://www.sainsburys.co.uk/shop/gb/groceries/product/details/eat-the-rainbow/sainsburys-asparagus-tips-100g', "Sainsbury's Asparagus Tips 100g", '£1.75', '£17.50 / kg')
('https://www.sainsburys.co.uk/shop/gb/groceries/product/details/eat-the-rainbow/sainsburys-dwarf-beans-300g', "Sainsbury's Dwarf Beans 300g", '£1.40', '£4.67 / kg')
('https://www.sainsburys.co.uk/shop/gb/groceries/product/details/eat-the-rainbow/sainsburys-caramella-cherry-vine-tomatoes-taste-the-difference-250g', "Sainsbury's Caramella Cherry Vine Tomatoes, Taste the Difference 250g", '£1.75', '£7.00 / kg')
('https://www.sainsburys.co.uk/shop/gb/groceries/product/details/eat-the-rainbow/sainsburys-easy-peelers-family-size-1kg', "Sainsbury's Family Size Easy Peelers 1kg", '£1.95', '£1.95 / kg')
('https://www.sainsburys.co.uk/shop/gb/groceries/product/details/eat-the-rainbow/sainsburys-cherry-punnet-200g-468015-p-44', "Sainsbury's Cherry Punnet 200g", '£2.75', '£13.75 / kg')
('https://www.sainsburys.co.uk/shop/gb/groceries/product/details/eat-the-rainbow/good-4-u-super-sprouts-50g', 'Good4U Salad Topper Super Sprouts 60g', '£1.25', '£2.08 / 100g')
('https://www.sainsburys.co.uk/shop/gb/groceries/product/details/eat-the-rainbow/sainsburys-granny-smith-apples-x6', "Sainsbury's Granny Smith Apples x6", '£1.60', '27p / ea')
('https://www.sainsburys.co.uk/shop/gb/groceries/product/details/chilled-cooked-meats/fridge-raiders-roast-2x45g', 'Fridge Raiders Slow Roasted Chicken Snack Bites 2x 45g', '£1.60', '£1.78 / 100g')
('https://www.sainsburys.co.uk/shop/gb/groceries/product/details/chilled-cooked-meats/fridge-raiders-slow-roasted-chicken-bites-mini-packs-3-x-225g', 'Fridge Raiders Slow Roasted Chicken Snack Bites 3x 22.5g', '£1.60', '£2.37 / 100g')
('https://www.sainsburys.co.uk/shop/gb/groceries/product/details/chilled-cooked-meats/ocean-isle-premium-crab-meat-100g', 'Ocean Isle Premium Crab Meat 100g', '£4.00', '£4.00 / 100g')
('https://www.sainsburys.co.uk/shop/gb/groceries/product/details/chilled-cooked-meats/sainsburys-oak-smoked-chargrilled-mini-british-chicken-fillets-120g', "Sainsbury's Oak Smoked Chargrilled Chicken Breast Mini Fillets 120g", '£1.90', '£1.58 / 100g')
('https://www.sainsburys.co.uk/shop/gb/groceries/product/details/chilled-cooked-meats/fishermans-king-prawns-140g', 'Fisherman King Prawns 140g', '£1.67', '£1.19 / 100g')
('https://www.sainsburys.co.uk/shop/gb/groceries/product/details/chilled-cooked-meats/sainsburys-zibello-antipasto-selection-taste-the-difference-120g', "Sainsbury's Zibello Antipasto Selection, Taste the Difference 120g", '£10.00', '£8.33 / 100g')
('https://www.sainsburys.co.uk/shop/gb/groceries/product/details/chilled-cooked-meats/sainsburys-tikka-sliced-chicken-breast-160g', "Sainsbury's Tikka Sliced Chicken Breast 160g", '£2.00', '£1.25 / 100g')
('https://www.sainsburys.co.uk/shop/gb/groceries/product/details/chilled-cooked-meats/sainsburys-sweet-chilli-sliced-chicken-breast-160g', "Sainsbury's Sweet Chilli Sliced Chicken Breast 160g", '£2.50', '£1.56 / 100g')
('https://www.sainsburys.co.uk/shop/gb/groceries/product/details/chilled-cooked-meats/loasis-halal-spanish-turkey-80g', "L'Oasis de Djerba Halal Turkey Salami 80g", '£1.30', '£1.63 / 100g')
('https://www.sainsburys.co.uk/shop/gb/groceries/product/details/chilled-cooked-meats/hoffmans-chopped-herring-150g', "Hoffman's Chopped Herring 150g", '£1.70', '£1.13 / 100g')
('https://www.sainsburys.co.uk/shop/gb/groceries/product/details/salads-and-coleslaw-/sainsburys-pesto---parmesan-pasta--taste-the-difference-175g', "Sainsbury's Pesto & Parmesan Pasta, Taste The Difference 185g", '£2.00', '£1.08 / 100g')
('https://www.sainsburys.co.uk/shop/gb/groceries/product/details/salads-and-coleslaw-/sainsburys-edamame---butter-bean-salad--taste-the-difference-185g', "Sainsbury's Edamame & Butter Bean Salad, Taste the Difference 185g", '£2.25', '£1.22 / 100g')
('https://www.sainsburys.co.uk/shop/gb/groceries/product/details/salads-and-coleslaw-/sainsburys-apple--raisin---walnut-coleslaw--taste-the-difference-275g', "Sainsbury's Apple, Raisin & Walnut Coleslaw, Taste the Difference 300g", '£1.80', '60p / 100g')
('https://www.sainsburys.co.uk/shop/gb/groceries/product/details/salads-and-coleslaw-/sainsburys-pickled-slaw-200g', "Sainsbury's Pickled Slaw 200g", '£1.40', '70p / 100g')
('https://www.sainsburys.co.uk/shop/gb/groceries/product/details/salads-and-coleslaw-/sainsburys-sweet-chilli-coleslaw-300g', "Sainsbury's Sweet Chilli Coleslaw 300g", '£1.00', '34p / 100g')
('https://www.sainsburys.co.uk/shop/gb/groceries/product/details/salads-and-coleslaw-/nocco-bcaa-caribbean-330ml', 'Nocco Caribbean 330ml', '£2.00', '61p / 100ml')
('https://www.sainsburys.co.uk/shop/gb/groceries/product/details/salads-and-coleslaw-/sainsburys-mediterranean-style-salad-bowl-140g', "Sainsbury's Mediterranean Style Salad Bowl 140g", '£1.50', '£1.07 / 100g')
('https://www.sainsburys.co.uk/shop/gb/groceries/product/details/salads-and-coleslaw-/sainsburys-sweet-chilli-noodle-salad-250g', "Sainsbury's Sweet Chilli Noodle Salad 250g", '£1.50', '60p / 100g')
('https://www.sainsburys.co.uk/shop/gb/groceries/product/details/salads-and-coleslaw-/sainsburys-coleslaw--be-good-to-yourself-180g', "Sainsbury's Coleslaw, Be Good To Yourself 180g", '60p', '33p / 100g')
('https://www.sainsburys.co.uk/shop/gb/groceries/product/details/salads-and-coleslaw-/sainsburys-lemon---coriander-cous-cous-200g', "Sainsbury's Lemon & Coriander Cous Cous 200g", '£1.50', '75p / 100g')
('https://www.sainsburys.co.uk/shop/gb/groceries/product/details/salads-and-coleslaw-/sainsburys-moroccan-style-salad-bowl--taste-the-difference-170g', "Sainsbury's Moroccan Style Salad Bowl, Taste the Difference 170g", '£2.50', '£1.47 / 100g')
('https://www.sainsburys.co.uk/shop/gb/groceries/product/details/salads-and-coleslaw-/sainsburys-potato-salad-300g', "Sainsbury's Potato Salad 300g", '90p', '30p / 100g')
('https://www.sainsburys.co.uk/shop/gb/groceries/product/details/salads-and-coleslaw-/sainsburys-deli-style-coleslaw-300g', "Sainsbury's Deli-Style Coleslaw 300g", '80p', '27p / 100g')
('https://www.sainsburys.co.uk/shop/gb/groceries/product/details/salads-and-coleslaw-/sainsburys-deli-style-coleslaw--be-good-to-yourself-300g', "Sainsbury's Deli-Style Coleslaw, Be Good To Yourself 300g", '80p', '27p / 100g')
('https://www.sainsburys.co.uk/shop/gb/groceries/product/details/salads-and-coleslaw-/sainsburys-chargrill-vegetable-cous-cous--be-good-to-yourself-200g', "Sainsbury's Chargrill Vegetable Cous Cous, Be Good To Yourself 200g", '£1.50', '75p / 100g')
('https://www.sainsburys.co.uk/shop/gb/groceries/product/details/salads-and-coleslaw-/sainsburys-moroccan-cous-cous-salad--taste-the-difference-200g', "Sainsbury's Moroccan Cous Cous, Taste the Difference 200g", '£2.25', '£1.13 / 100g')
('https://www.sainsburys.co.uk/shop/gb/groceries/product/details/sandwich-fillers/spar-deli-filler-cheese-onion-230g', 'SPAR Deli Filler Cheese & Onion 230g', '£1.75', '76p / 100g')
('https://www.sainsburys.co.uk/shop/gb/groceries/product/details/sandwich-fillers/sainsburys-chicken---sweetcorn-deli-filler-220g', "Sainsbury's Chicken & Sweetcorn Deli Filler 220g", '£1.55', '70p / 100g')
('https://www.sainsburys.co.uk/shop/gb/groceries/product/details/sandwich-fillers/binghams-potted-beef-100g', 'Binghams Potted Beef 100g', '£1.40', '£1.40 / 100g')
('https://www.sainsburys.co.uk/shop/gb/groceries/product/details/sandwich-fillers/sainsburys-deli-filler-egg-mayonnaise-sandwich-400g', "Sainsbury's Egg Mayo Deli Filler 385g", '£2.35', '61p / 100g')
('https://www.sainsburys.co.uk/shop/gb/groceries/product/details/sandwich-fillers/sainsburys-coronation-chicken-deli-filler-400g', "Sainsbury's Coronation Chicken Deli Filler 385g", '£2.35', '61p / 100g')
('https://www.sainsburys.co.uk/shop/gb/groceries/product/details/sandwich-fillers/spar-deli-filler-egg-mayonnaise-230g', 'SPAR Deli Filler Egg & Mayonnaise 230g', '£1.75', '76p / 100g')
('https://www.sainsburys.co.uk/shop/gb/groceries/product/details/sandwich-fillers/john--west--spreadables-tuna-mayonnaise-fridge-pack-255g', 'John West Spreadables Tuna Mayonnaise Fridge Pack 255g', '£2.50', '98p / 100g')
('https://www.sainsburys.co.uk/shop/gb/groceries/product/details/sandwich-fillers/sainsburys-cheese---onion-deli-filler-230g', "Sainsbury's Cheese & Onion Deli Filler 220g", '£1.55', '70p / 100g')
('https://www.sainsburys.co.uk/shop/gb/groceries/product/details/sandwich-fillers/sainsburys-coronation-chicken-deli-filler-230g', "Sainsbury's Coronation Chicken Deli Filler 220g", '£1.55', '70p / 100g')
('https://www.sainsburys.co.uk/shop/gb/groceries/product/details/sandwich-fillers/sainsburys-cheese---onion-deli-filler-400g', "Sainsbury's Cheese & Onion Deli Filler 385g", '£2.35', '61p / 100g')
('https://www.sainsburys.co.uk/shop/gb/groceries/product/details/sandwich-fillers/binghams-beef---tomato-spread-100g', 'Binghams Beef & Tomato Spread 100g', '£1.35', '£1.35 / 100g')
('https://www.sainsburys.co.uk/shop/gb/groceries/product/details/sandwich-fillers/sainsburys-tuna---sweetcorn-deli-filler--be-good-to-yourself-230g', "Sainsbury's Tuna & Sweetcorn Deli Filler, Be Good To Yourself 220g", '£1.30', '59p / 100g')
('https://www.sainsburys.co.uk/shop/gb/groceries/product/details/sandwich-fillers/sainsburys-deli-filler-tuna---sweetcorn-sandwich-filler-400g', "Sainsbury's Tuna & Sweetcorn Deli Filler 385g", '£2.35', '61p / 100g')
('https://www.sainsburys.co.uk/shop/gb/groceries/product/details/sandwich-fillers/binghams-beef-spread-100g', 'Binghams Beef Spread 100g', '£1.35', '£1.35 / 100g')
('https://www.sainsburys.co.uk/shop/gb/groceries/product/details/all-vegan-products/vivera-veggie-fish-fillet-170g', 'Vivera Veggie Fish Fillet 170g', '£3.00', '£17.65 / kg')
('https://www.sainsburys.co.uk/shop/gb/groceries/product/details/all-vegan-products/sainsburys-orange-blossom-gin-taste-the-difference-70cl', "Sainsbury's Blackfriars Orange & Blossom Gin, Taste the Difference 70cl", '£16.00', '£22.86 / ltr')
('https://www.sainsburys.co.uk/shop/gb/groceries/product/details/all-vegan-products/plant-power-curry-flavoured-tempeh-180g', 'Plant Power Curry Flavoured Tempeh 180g', '£2.75', '£15.28 / kg')
('https://www.sainsburys.co.uk/shop/gb/groceries/product/details/all-vegan-products/sainsburys-super-seeds-white-farmhouse-taste-the-difference-800g', "Sainsbury's Super Seeds White Farmhouse, Taste the Difference 800g", '£1.10', '14p / 100g')
('https://www.sainsburys.co.uk/shop/gb/groceries/product/details/all-vegan-products/naturli-pea-based-minced-400g', 'Naturli Pea Based Minced 400g', '£3.00', '75p / 100kg')
('https://www.sainsburys.co.uk/shop/gb/groceries/product/details/all-vegan-products/frys-vegan-sausage-roll-80g', "Fry's Vegan Sausage Roll 80g", '£1.20', '£15.00 / kg')
('https://www.sainsburys.co.uk/shop/gb/groceries/product/details/all-vegan-products/frys-vegan-artisan-southern-style-tenders-235g', "Fry's Artisan Meat Free Southern-Style Tenders 240g", '£1.75', '£7.29 / kg')
('https://www.sainsburys.co.uk/shop/gb/groceries/product/details/all-vegan-products/moorish-smoked-humous-with-chilli-harissa-150g', 'Moorish Smoked Humous with Chilli Harissa 150g', '£1.80', '£1.20 / 100g')
('https://www.sainsburys.co.uk/shop/gb/groceries/product/details/all-vegan-products/moorish-smoked-humous-150g', 'Moorish Smoked Humous 150g', '£1.80', '£1.20 / 100g')
('https://www.sainsburys.co.uk/shop/gb/groceries/product/details/all-vegan-products/sainsburys-love-your-veg!-chilli-bean-non-carne-rice-400g-serves-1-', "Sainsbury's Love Your Veg! Chilli Bean Non Carne & Rice 400g (Serves 1)", '£2.20', '£5.50 / kg')
('https://www.sainsburys.co.uk/shop/gb/groceries/product/details/all-vegan-products/nakd-blueberry-muffin-fruit---nut-bars-4-x-35g-7907181-p', 'Nakd Blueberry Muffin Fruit & Nut Bars 4x35g', '£2.50', '£1.79 / 100g')
('https://www.sainsburys.co.uk/shop/gb/groceries/product/details/all-vegan-products/quorn-vegan-smoky-ham-free-slices-100g', 'Quorn Vegan Smoky Ham Free Slices 100g', '£2.00', '£20.00 / kg')
('https://www.sainsburys.co.uk/shop/gb/groceries/product/details/all-vegan-products/trek-original-oat-protein-flapjack-50g-7698650-p', 'TREK Original Oat Protein Flapjack 50g', '90p', '£1.80 / 100g')
('https://www.sainsburys.co.uk/shop/gb/groceries/product/details/all-vegan-products/limoncello-35cl', 'Limoncello 35cl', '£8.25', '£23.57 / ltr')
('https://www.sainsburys.co.uk/shop/gb/groceries/product/details/all-vegan-products/sainsburys-tomato---basil-sauce-350g-7077056-p-44', "Sainsbury's Tomato & Basil Sauce 350g", '£1.25', '36p / 100g')
('https://www.sainsburys.co.uk/shop/gb/groceries/product/details/vegan-food/no-dough-co-vegan-bbq-jackfruit-335g', 'No Dough Co Vegan BBQ Jackfruit 335g', '£3.50', '£10.45 / kg')
('https://www.sainsburys.co.uk/shop/gb/groceries/product/details/vegan-food/squeaky-bean-ready-to-eat-marinated-chicken-style-pieces-kick-of-tikka-160g', 'Squeaky Bean Ready To Eat Marinated Chicken Style Pieces Kick of Tikka 160g', '£2.75', '£17.19 / kg')
('https://www.sainsburys.co.uk/shop/gb/groceries/product/details/vegan-food/lmc-pea-protein-tomato-basil-balls-292g', "Linda McCartney's Vegetarian Tomato & Basil Meatballs 292g", '£2.20', '£7.53 / kg')
('https://www.sainsburys.co.uk/shop/gb/groceries/product/details/vegan-food/deliciously-ella-baked-oat-bar-cacao-almond-3x50g', 'Deliciously Ella Baked Oat Bar Cacao & Almond 3x50g', '£2.00', '£1.34 / 100g')
('https://www.sainsburys.co.uk/shop/gb/groceries/product/details/vegan-food/the-coconut-collaborative-banoffee-pots-4x45g', 'The Coconut Collaborative Banoffee Pots 4x45g', '£2.50', '£1.39 / 100g')
('https://www.sainsburys.co.uk/shop/gb/groceries/product/details/vegan-food/richmond-meat-free-saus-singleface-336g', 'Richmond Meat Free Vegan Sausages x8 336g', '£2.25', '£6.70 / kg')
('https://www.sainsburys.co.uk/shop/gb/groceries/product/details/vegan-food/blue-dragon-3-step-thai-red-curry-253g', 'Blue Dragon Thai Red Curry Kit 253g', '£2.70', '£1.07 / 100g')
('https://www.sainsburys.co.uk/shop/gb/groceries/product/details/vegan-food/blue-dragon-firecracker-stir-fry-120g', 'Blue Dragon Firecracker Stir Fry Sauce 120g', '70p', '58p / 100g')
('https://www.sainsburys.co.uk/shop/gb/groceries/product/details/vegan-food/bells-whistles-berry-cashew-cake-slices-x4-76g', 'Bells & Whistles Berry & Cashew Cake Slices x4 76g', '£2.30', '£3.03 / 100g')
('https://www.sainsburys.co.uk/shop/gb/groceries/product/details/vegan-food/bells-whistles-ginger-and-apricot-cake-slices-x4-80g', 'Bells & Whistles Ginger and Apricot Cake Slices x4 80g', '£2.30', '£2.88 / 100g')
('https://www.sainsburys.co.uk/shop/gb/groceries/product/details/vegan-food/frys-2-sausage-rolls-160g', "Fry's Vegan Twin Sausage Rolls 160g", '£2.00', '£12.50 / kg')
('https://www.sainsburys.co.uk/shop/gb/groceries/product/details/vegan-food/sainsburys-meat-free-chicken-pieces', 'Plant Pioneers Meat Free Chicken-Style Pieces 300g', '£1.75', '£5.83 / kg')
('https://www.sainsburys.co.uk/shop/gb/groceries/product/details/vegan-food/just-love-food-company-vegan-chocolate-cake', 'Just Love Food Company Vegan Chocolate Cake', '£6.00', '£1.24 / 100g')
('https://www.sainsburys.co.uk/shop/gb/groceries/product/details/vegan-food/sainsburys-love-your-veg!-falafels-with-chickpeas-coriander-cumin-10x180g', "Sainsbury's Love Your Veg! Falafels with Chickpeas, Coriander & Cumin 10x180g", '£1.75', '£9.72 / kg')
('https://www.sainsburys.co.uk/shop/gb/groceries/product/details/vegan-food/sophies-kitchen-vegan-smoked-salmon-113g', "Sophie's Kitchen Vegan Smoked Salmon 113g", '£4.50', '£39.82 / kg')
('https://www.sainsburys.co.uk/shop/gb/groceries/product/details/vegan-food/sophies-kitchen-vegan-shrimp', "Sophie's Kitchen Vegan Shrimp 250g", '£4.50', '£18.00 / kg')
('https://www.sainsburys.co.uk/shop/gb/groceries/product/details/vegan-food/frys-vegan-artisan-chickpea-roasted-butternut-balls-245g', "Fry's Vegan Artisan Chickpea & Roasted Butternut Balls 245g", '£3.00', '£12.50 / kg')
('https://www.sainsburys.co.uk/shop/gb/groceries/product/details/vegan-food/frys-vegan-artisan-smoked-hot-dogs-x6-230g', "Fry's Vegan Artisan Smoked Hot Dogs x6 230g", '£2.75', '£11.96 / kg')
('https://www.sainsburys.co.uk/shop/gb/groceries/product/details/vegan-food/tropiway-plantain-fufu-681g', 'Tropiway Instant Plaintain Fufu 5 x 136g', '£3.90', '57p / 100g')
('https://www.sainsburys.co.uk/shop/gb/groceries/product/details/vegan-food/holy-moly-guacamole:-original-150g', 'Holy Moly Guacamole: Original 150g', '£2.00', '£1.33 / 100g')
('https://www.sainsburys.co.uk/shop/gb/groceries/product/details/vegan-food/tofurky-oven-roasted-deli-slices-156g', 'Tofurky Oven Roasted Deli Slices 156g', '£3.00', '£19.23 / kg')
('https://www.sainsburys.co.uk/shop/gb/groceries/product/details/vegan-food/tofurky-ham-deli-slices-156g', 'Tofurky Plant-Based Deli Slices Smoke Ham Style 156g', '£3.00', '£19.23 / kg')
('https://www.sainsburys.co.uk/shop/gb/groceries/product/details/vegan-food/sainsburys-love-your-veg!-vegan-cumberland-shroomdogs-x6-350g', "Sainsbury's Love Your Veg! Vegan Cumberland Shroomdogs x6 350g", '£2.50', '£7.14 / kg')
('https://www.sainsburys.co.uk/shop/gb/groceries/product/details/vegan-food/sainsburys-love-your-veg!-vegan-spiced-cauliflower-burger-225g', "Sainsbury's Love Your Veg! Vegan Spiced Cauliflower Burger 225g", '£2.00', '£8.89 / kg')
('https://www.sainsburys.co.uk/shop/gb/groceries/product/details/vegan-food/sainsburys-toastie-sliced-white-bread-400g', "Sainsbury's Toastie Sliced White Bread 400g", '50p', '13p / 100g')
('https://www.sainsburys.co.uk/shop/gb/groceries/product/details/vegan-food/sainsburys-toastie-extra-thick-sliced-white-bread-800g', "Sainsbury's Toastie Thick Sliced White Bread 800g", '55p', '7p / 100g')
('https://www.sainsburys.co.uk/shop/gb/groceries/product/details/dairyeggschilled-pricelockdown/sainsburys-medium-british-cheddar-220g', "Sainsbury's Medium British Cheddar 220g", '£1.50', '£6.82 / kg')
('https://www.sainsburys.co.uk/shop/gb/groceries/product/details/dairyeggschilled-pricelockdown/vivera-veggie-greek-kebab-175g', 'Vivera Plant Greek Kebab 175g', '£2.00', '£11.43 / kg')
('https://www.sainsburys.co.uk/shop/gb/groceries/product/details/dairyeggschilled-pricelockdown/sainsburys-west-country-whole-milk-227l-4-pint-7938770-p-44', "Sainsbury's West Country Whole Milk 2.27L (4 Pint)", '£1.09', '48p / ltr')
('https://www.sainsburys.co.uk/shop/gb/groceries/product/details/dairyeggschilled-pricelockdown/sainsburys-oriental-ribs-340g', "Sainsbury's Oriental Ribs 340g (Serves 2)", '£3.00', '£8.82 / kg')
('https://www.sainsburys.co.uk/shop/gb/groceries/product/details/dairyeggschilled-pricelockdown/dromona-mild-cheddar-350g', 'Dromona Mild Cheddar Cheese 350g', '£3.05', '£8.71 / kg')
('https://www.sainsburys.co.uk/shop/gb/groceries/product/details/dairyeggschilled-pricelockdown/sainsburys-lighter-mature-cheddar-400g', "Sainsbury's Lighter Mature Cheese 400g", '£2.00', '£5.00 / kg')
('https://www.sainsburys.co.uk/shop/gb/groceries/product/details/dairyeggschilled-pricelockdown/sainsburys-british-1-fat-milk-227l-4pint-', "Sainsbury's British 1% Fat Milk 2.27L (4pint)", '£1.10', '48p / ltr')
('https://www.sainsburys.co.uk/shop/gb/groceries/product/details/dairyeggschilled-pricelockdown/sainsburys-natural-yogurt--be-good-to-yourself-500g', "Sainsbury's Fat Free Natural Yogurt 500g", '75p', '15p / 100g')
('https://www.sainsburys.co.uk/shop/gb/groceries/product/details/dairyeggschilled-pricelockdown/sainsburys-buttersoft-500g', "Sainsbury's Buttersoft Spread 500g", '£2.00', '£4.00 / kg')
('https://www.sainsburys.co.uk/shop/gb/groceries/product/details/dairyeggschilled-pricelockdown/sainsburys-scottish-skimmed-milk-113l-2-pint-', "Sainsbury's Scottish Skimmed Milk 1.13L (2 pint)", '80p', '70p / ltr')
('https://www.sainsburys.co.uk/shop/gb/groceries/product/details/dairyeggschilled-pricelockdown/sainsburys-scottish-whole-milk-227l-4-pint-', "Sainsbury's Scottish Whole Milk 2.27L (4 pint)", '£1.09', '48p / ltr')
('https://www.sainsburys.co.uk/shop/gb/groceries/product/details/dairy-and-chilled-essentials/sainsburys-sticky-toffee-trifle-500g', "Sainsbury's Sticky Toffee Trifle 500g", '£1.20', '24p / 100g')
('https://www.sainsburys.co.uk/shop/gb/groceries/product/details/dairy-and-chilled-essentials/sainsburys-extra-mature-cumbrian-cheddar-taste-the-difference-350g', "Sainsbury's Extra Mature Cumbrian Cheddar, Taste the Difference 350g", '£3.00', '£8.57 / kg')
('https://www.sainsburys.co.uk/shop/gb/groceries/product/details/dairy-and-chilled-essentials/gu-light-lemon-blueberry-puds-2x77g', 'Gü Light Lemon & Blueberry Desserts 2x77g', '£1.50', '97p / 100g')
('https://www.sainsburys.co.uk/shop/gb/groceries/product/details/dairy-and-chilled-essentials/gu-light-strawberry-vanilla-puds-2x77g', 'Gü Light Strawberry & Vanilla Desserts 2x77g', '£1.50', '97p / 100g')
('https://www.sainsburys.co.uk/shop/gb/groceries/product/details/dairy-and-chilled-essentials/innocent-kids-strawberry-raspb-4x150ml', 'Innocent Kids Smoothies, Strawberries, Raspberries & Apples 4x150ml', '£3.00', '50p / 100ml')
('https://www.sainsburys.co.uk/shop/gb/groceries/product/details/dairy-and-chilled-essentials/sainsburys-spinach-ricotta-tortelloni-300g', "Sainsbury's Spinach & Ricotta Tortelloni 300g", '£1.50', '£5.00 / kg')
('https://www.sainsburys.co.uk/shop/gb/groceries/product/details/dairy-and-chilled-essentials/sainsburys-tomato---basil-sauce-350g-7077056-p-44', "Sainsbury's Tomato & Basil Sauce 350g", '£1.25', '36p / 100g')
('https://www.sainsburys.co.uk/shop/gb/groceries/product/details/dairy-and-chilled-essentials/sainsburys-chicken-tikka-masala---rice-450g', "Sainsbury's Indian Chicken Tikka Masala with Pilau Rice 400g (Serves 1)", '£2.30', '£5.75 / kg')
('https://www.sainsburys.co.uk/shop/gb/groceries/product/details/dairy-and-chilled-essentials/arla-best-of-both-milk-2l', 'Arla B.O.B. Skimmed Milk 2L', '£1.65', '82p / ltr')
('https://www.sainsburys.co.uk/shop/gb/groceries/product/details/dairy-and-chilled-essentials/sainsburys-brie-cheese-470g', "Sainsbury's French Brie 470g", '1p', '2p / kg')
('https://www.sainsburys.co.uk/shop/gb/groceries/product/details/dairy-and-chilled-essentials/sainsburys-stonebaked-margherita-pizza-10', "Sainsbury's Stonebaked Margherita Hand Stretched Pizza 265g", '£3.00', '£11.32 / kg')
('https://www.sainsburys.co.uk/shop/gb/groceries/product/details/dairy-and-chilled-essentials/sainsburys-british-honey-roast-ham-120g', "Sainsbury's British Honey Roast Ham 120g, x7 Slices", '£1.50', '£1.25 / 100g')
('https://www.sainsburys.co.uk/shop/gb/groceries/product/details/dairy-and-chilled-essentials/sainsburys-british-breaded-ham-120g', "Sainsbury's British Breaded Ham 120g x7, Slices", '£1.75', '£1.46 / 100g')
('https://www.sainsburys.co.uk/shop/gb/groceries/product/details/dairy-and-chilled-essentials/actimel-strawberry-yogurt-12x100g', 'Actimel Strawberry Yogurt Drinks 12x100g', '£3.00', '25p / 100g')
('https://www.sainsburys.co.uk/shop/gb/groceries/product/details/dairy-and-chilled-essentials/sainsburys-free-range-woodland-medium-eggs-x6', "Sainsbury's Woodland Free Range Medium Eggs x6", '90p', '15p / ea')
('https://www.sainsburys.co.uk/shop/gb/groceries/product/details/dairy-and-chilled-essentials/sainsburys-coleslaw--taste-the-difference-300g', "Sainsbury's Coleslaw, Taste the Difference 300g", '£1.30', '43p / 100g')
('https://www.sainsburys.co.uk/shop/gb/groceries/product/details/dairy-and-chilled-essentials/sainsburys-west-country-farmhouse-mature-cheddar-cheese-400g', "Sainsbury's West Country Farmhouse Mature Cheddar Cheese 400g", '£2.00', '£5.00 / kg')
('https://www.sainsburys.co.uk/shop/gb/groceries/product/details/dairy-and-chilled-essentials/sainsburys-british-mature-cheddar-400g', "Sainsbury's British Mature Cheddar Cheese 400g", '£2.00', '£5.00 / kg')
('https://www.sainsburys.co.uk/shop/gb/groceries/product/details/dairy-and-chilled-essentials/alpro-soya-vanilla-yogurt--500g', 'Alpro Vanilla Yoghurt Alternative 500g', '£1.75', '35p / 100g')
('https://www.sainsburys.co.uk/shop/gb/groceries/product/details/dairy-and-chilled-essentials/sainsburys-double-cream-300ml', "Sainsbury's Double Cream 300ml", '85p', '28p / 100ml')
('https://www.sainsburys.co.uk/shop/gb/groceries/product/details/dairy-and-chilled-essentials/alpro-smooth-yogurt-alternative-4x125g', 'Alpro No Bits Strawberry-Banana & Peach-Pear Yoghurt Alternative 4x125g', '£1.90', '38p / 100g')
('https://www.sainsburys.co.uk/shop/gb/groceries/product/details/dairy-and-chilled-essentials/anchor-spreadable-500g', 'Anchor Salted Spreadable 500g', '£3.75', '£7.50 / kg')
('https://www.sainsburys.co.uk/shop/gb/groceries/product/details/dairy-and-chilled-essentials/lurpak-danish-butter--slightly-salted-250g', 'Lurpak Butter, Slightly Salted 250g', '£2.00', '£8.00 / kg')
('https://www.sainsburys.co.uk/shop/gb/groceries/product/details/dairy-and-chilled-essentials/sainsburys-british-skimmed-milk-113l-2-pint-', "Sainsbury's British Skimmed Milk 1.13L (2 pint)", '80p', '70p / ltr')
('https://www.sainsburys.co.uk/shop/gb/groceries/product/details/dairy-and-chilled-essentials/sainsburys-british-semi-skimmed-milk-113l-2-pint-', "Sainsbury's British Semi Skimmed Milk 1.13L (2 pint)", '80p', '70p / ltr')
('https://www.sainsburys.co.uk/shop/gb/groceries/product/details/dairy-and-chilled-essentials/sainsburys-6-sausage-rolls-360g', "Sainsbury's Sausage Rolls x6 360g", '£1.50', '42p / 100g')
('https://www.sainsburys.co.uk/shop/gb/groceries/product/details/dairy-and-chilled-essentials/sainsburys-teriyaki---ginger-stir-fry-sauce-175ml', "Sainsbury's Fresh Teriyaki & Ginger Stir Fry Sauce 175ml", '£1.00', '57p / 100ml')
('https://www.sainsburys.co.uk/shop/gb/groceries/product/details/dairy-and-chilled-essentials/sainsburys-fresh-penne-pasta-500g', "Sainsbury's Fresh Egg Penne 500g", '£1.75', '£3.50 / kg')
('https://www.sainsburys.co.uk/shop/gb/groceries/product/details/dairy-and-chilled-essentials/sainsburys-cheese---tomato-7-pizza--basics', "Sainsbury's Cheese & Tomato Mini Pizza 101g", '43p', '£4.26 / kg')
('https://www.sainsburys.co.uk/shop/gb/groceries/product/details/sunday-lunch/gressingham-foods-duck-breasts-in-plum-sauce-400g', 'Gressingham Duck Breasts In Plum Sauce 400g (Serves 2)', '£6.10', '£15.25 / kg')
('https://www.sainsburys.co.uk/shop/gb/groceries/product/details/sunday-lunch/sainsburys-jersey-double-cream--taste-the-difference-284ml', "Sainsbury's Jersey Double Cream, Taste the Difference 284ml", '£1.85', '65p / 100ml')
('https://www.sainsburys.co.uk/shop/gb/groceries/product/details/sunday-lunch/sainsburys-brioche-bread---butter-pud--taste-the-difference-535g', "Sainsbury's Brioche Bread & Butter Pudding Dessert, Taste the Difference 535g", '£4.00', '75p / 100g')
('https://www.sainsburys.co.uk/shop/gb/groceries/product/details/sunday-lunch/gü-free-from-spanish-lemon-cheesecake-desserts-2x92g', 'Gü Free From Spanish Lemon Cheesecake Vegan & Gluten Free Desserts 2x92g', '£3.50', '£1.90 / 100g')
('https://www.sainsburys.co.uk/shop/gb/groceries/product/details/sunday-lunch/sainsburys-salted-caramel-ice-cream-taste-the-difference-480ml', "Sainsbury's Salted Caramel Ice Cream, Taste the Difference 480ml", '£2.50', '52p / 100ml')
('https://www.sainsburys.co.uk/shop/gb/groceries/product/details/sunday-lunch/sainsburys-italian-style-salad-100g-8009482-p-44', "Sainsbury's Italian Style Salad 100g", '£1.25', '£1.25 / 100g')
('https://www.sainsburys.co.uk/shop/gb/groceries/product/details/sunday-lunch/bisto-best-pork-gravy-250g', 'Bisto Best Pork Gravy 250g', '£2.90', '£1.16 / 100g')
('https://www.sainsburys.co.uk/shop/gb/groceries/product/details/sunday-lunch/sainsburys-scottish-salmon-spinach-cheddar-en-croute-taste-the-difference-x2-470g', "Sainsbury's Scottish Salmon, Spinach & Cheddar En Croute, Taste the Difference x2 470g", '£4.75', '£10.11 / kg')
('https://www.sainsburys.co.uk/shop/gb/groceries/product/details/sunday-lunch/sainsburys-vitoria-grape--taste-the-difference-400g', "Sainsbury's Vitoria Grape, Taste the Difference 400g", '£2.50', '£6.25 / kg')
('https://www.sainsburys.co.uk/shop/gb/groceries/product/details/sunday-lunch/sainsburys-chocolate-pot--taste-the-difference-80g', "Sainsbury's Belgian Chocolate Pot with a Rich Chocolate Ganache, Taste the Difference 80g", '£1.50', '£1.88 / 100g')
('https://www.sainsburys.co.uk/shop/gb/groceries/product/details/sunday-lunch/belvoir-raspberry-lemonade-750ml', 'Belvoir Raspberry Lemonade 750ml (Sugar levy applied)', '£2.70', '36p / 100ml')
('https://www.sainsburys.co.uk/shop/gb/groceries/product/details/sunday-lunch/sainsburys-just-cook-garlic-chicken-crown-530g', "Sainsbury's Just Cook British Chicken Crown with Garlic & Herb Butter 525g (Serves 3)", '£3.75', '£7.14 / kg')
('https://www.sainsburys.co.uk/shop/gb/groceries/product/details/sunday-lunch/brancott-estate-sauvignon-blanc-75cl', 'Brancott Estate Sauvignon Blanc 75cl', '£7.00', '£7.00 / 75cl')
('https://www.sainsburys.co.uk/shop/gb/groceries/product/details/sunday-lunch/sainsburys-petit-pois-taste-the-difference-750g', "Sainsbury's Petit Pois, Taste the Difference 750g", '£2.00', '£2.67 / kg')
('https://www.sainsburys.co.uk/shop/gb/groceries/product/details/sunday-lunch/sainsburys-unsmoked-large-gammon-joint-23kg', "Sainsbury's Unsmoked Large Gammon Joint 2.3kg", '£10.00', '£4.35 / kg')
('https://www.sainsburys.co.uk/shop/gb/groceries/product/details/sunday-lunch/sainsburys-vanilla-ice-cream-taste-the-difference-480ml', "Sainsbury's Vanilla Ice Cream, Taste the Difference 480ml", '£2.50', '52p / 100ml')
('https://www.sainsburys.co.uk/shop/gb/groceries/product/details/sunday-lunch/sainsburys-bistro-salad-150g', "Sainsbury's Bistro Salad 150g", '£1.25', '83p / 100g')
('https://www.sainsburys.co.uk/shop/gb/groceries/product/details/sunday-lunch/freixenet-00-alcohol-free-sparkling-rosé-75cl', 'Freixenet 0.0% Alcohol Free Sparkling Rosé 75cl', '£4.50', '£4.50 / 75cl')
('https://www.sainsburys.co.uk/shop/gb/groceries/product/details/sunday-lunch/bruce-jack-pinotage-malbec-75cl', 'Bruce Jack Pinotage Malbec 75cl', '£5.75', '£5.75 / 75cl')
('https://www.sainsburys.co.uk/shop/gb/groceries/product/details/sunday-lunch/fever-tree-refreshingly-light-clementine-tonic-water-with-cinnamon-limited-edition-500ml', 'Fever-Tree Refreshingly Light Clementine Tonic Water with Cinnamon, Limited Edition 500ml', '£1.80', '36p / 100ml')
('https://www.sainsburys.co.uk/shop/gb/groceries/product/details/sunday-lunch/sainsburys-salted-caramel-roulades-taste-the-difference-x2-180g', "Sainsbury's Salted Caramel Roulades, Taste the Difference x2 180g", '£2.50', '£1.39 / 100g')
('https://www.sainsburys.co.uk/shop/gb/groceries/product/details/sunday-lunch/merchants-heart-pink-peppercorn-tonic-water-200ml', "Merchant's Heart Pink Peppercorn Tonic Water 200ml", '£1.00', '50p / 100ml')
('https://www.sainsburys.co.uk/shop/gb/groceries/product/details/sunday-lunch/baron-de-guers-picpoul-de-pinet-75cl', 'Baron De Guers Picpoul De Pinet 75cl', '£7.00', '£7.00 / 75cl')
('https://www.sainsburys.co.uk/shop/gb/groceries/product/details/sunday-lunch/sainsburys-lemon---blueberry-sponge--taste-the-difference-400g', "Sainsbury's Blueberry & Lemon Sponge Pudding Dessert, Taste the Difference 400g", '£4.00', '£1.00 / 100g')
('https://www.sainsburys.co.uk/shop/gb/groceries/product/details/sunday-lunch/just-cook-honey-gammon-joint-470g', "Sainsbury's Just Cook Honey Gammon Joint 470g (Serves 3)", '£4.00', '£8.51 / kg')
('https://www.sainsburys.co.uk/shop/gb/groceries/product/details/sunday-lunch/sainsburys-pork-loin-joint--taste-the-difference-1000g', "Sainsbury's Outdoor Bred British Pork Loin Joint, Taste the Difference", '£6.50', '£6.50 / kg')
('https://www.sainsburys.co.uk/shop/gb/groceries/product/details/afternoon-tea-and-cakes/sainsburys-lemon-cake-440-taste-the-difference', "Sainsbury's Lemon Cake, Taste the Difference 440g", '£2.00', '£2.00 / ea')
('https://www.sainsburys.co.uk/shop/gb/groceries/product/details/afternoon-tea-and-cakes/leon-korean-style-mayo-245ml-7988372-p-44', 'Leon Korean Style Mayo 245ml', '£2.50', '£1.04 / 100ml')
('https://www.sainsburys.co.uk/shop/gb/groceries/product/details/afternoon-tea-and-cakes/nosecco-rosé-spumante-da-angelo-taurini-75cl', 'Nosecco Rosé Spumante Da Angelo Taurini 75cl', '£4.00', '£4.00 / 75cl')
('https://www.sainsburys.co.uk/shop/gb/groceries/product/details/afternoon-tea-and-cakes/mcguigan-zero-sparkling-alcohol-free-wine-75cl', 'McGuigan Zero Sparkling Alcohol Free Wine 75cl', '£5.50', '£5.50 / 75cl')
('https://www.sainsburys.co.uk/shop/gb/groceries/product/details/afternoon-tea-and-cakes/pretty-tulips-8017193-p-44', 'Pretty Tulips', '£8.00', '£8.00 / ea')
('https://www.sainsburys.co.uk/shop/gb/groceries/product/details/afternoon-tea-and-cakes/starbucks-house-blend-pods-x10-57g', 'Starbucks by Nespresso House Blend Coffee x10 Pods, 10 Drinks', '£3.25', '£5.70 / 100g')
('https://www.sainsburys.co.uk/shop/gb/groceries/product/details/afternoon-tea-and-cakes/sainsburys-rose-bouquet-triple-layer-madeira-cake-104kg', "Sainsbury's Rose Bouquet Triple Layer Madeira Cake 1.04kg", '£12.00', '£1.15 / 100g')
('https://www.sainsburys.co.uk/shop/gb/groceries/product/details/afternoon-tea-and-cakes/sainsburys-seeded-baguette-taste-the-difference-400g', "Sainsbury's Seeded Baguette, Taste the Difference 400g", '£1.25', '31p / 100g')
('https://www.sainsburys.co.uk/shop/gb/groceries/product/details/afternoon-tea-and-cakes/sainsburys-custard-doughnuts-2x76g', "Sainsbury's Custard Doughnuts 2x76g", '£1.40', '92p / 100g')
('https://www.sainsburys.co.uk/shop/gb/groceries/product/details/afternoon-tea-and-cakes/sainsburys-belgian-chocolate-choux-buns-2x68g', "Sainsbury's Belgian Chocolate Choux Buns 2x68g", '£1.20', '88p / 100g')
('https://www.sainsburys.co.uk/shop/gb/groceries/product/details/afternoon-tea-and-cakes/mr-kipling-chocolate-slices-x8', 'Mr Kipling Chocolate Cake Slices x8', '£1.50', '19p / ea')
('https://www.sainsburys.co.uk/shop/gb/groceries/product/details/afternoon-tea-and-cakes/freixenet-prosecco-75cl', 'Freixenet Prosecco 75cl', '£9.00', '£9.00 / 75cl')
('https://www.sainsburys.co.uk/shop/gb/groceries/product/details/afternoon-tea-and-cakes/lor-espresso-ristretto-intensity-11-x10-aluminium-coffee-capsules-52g', "L'OR Nespresso Compatible Espresso Ristretto x10 Aluminium Coffee Capsules Intensity 11", '£2.50', '£4.81 / 100g')
('https://www.sainsburys.co.uk/shop/gb/groceries/product/details/top-rated-44/vo5-gel-spray-mega-hold-200ml', 'VO5 Mega Hold Gel Spray 200ml', '£3.00', '£1.50 / 100ml')
('https://www.sainsburys.co.uk/shop/gb/groceries/product/details/top-rated-44/impulse-tease-fragranced-body-spray-75ml', 'Impulse Body Spray, Tease 75ml', '£1.00', '£1.33 / 100ml')
('https://www.sainsburys.co.uk/shop/gb/groceries/product/details/top-rated-44/v8-100-vegetable-juice-1l', 'V8 100% Vegetable Juice 1L', '£2.30', '23p / 100ml')
('https://www.sainsburys.co.uk/shop/gb/groceries/product/details/top-rated-44/sainsburys-chocolate-digestive-bars--basics-x20', "Lovett's Chocolate Digestive Bars 18x16g", '£1.20', '39p / 100g')
('https://www.sainsburys.co.uk/shop/gb/groceries/product/details/top-rated-44/loreal-paris-kids-2-in-1-tropical-mango-shampoo-250ml', "L'Oreal Paris Kids 2-in-1 Tropical Mango Shampoo 250ml", '£2.40', '96p / 100ml')
('https://www.sainsburys.co.uk/shop/gb/groceries/product/details/top-rated-44/wilkinson-sword-xtreme-iii-x4', 'Wilkinson Sword Xtreme III x4', '£3.50', '88p / bld')
('https://www.sainsburys.co.uk/shop/gb/groceries/product/details/top-rated-44/john-frieda-sheer-blonde-enhancing-conditioner-250ml', 'John Frieda Sheer Blonde Enhancing Conditioner 250ml', '£4.00', '£1.60 / 100ml')
('https://www.sainsburys.co.uk/shop/gb/groceries/product/details/top-rated-44/simple-kind-to-skin-moisturising-facial-wash-150ml', 'Simple Kind To Skin Moisturising Facial Wash 150ml', '£3.00', '£2.00 / 100ml')
('https://www.sainsburys.co.uk/shop/gb/groceries/product/details/top-rated-44/carrs-melts--cheese-150g', "Carr's Melts Cheese 150g", '£1.00', '67p / 100g')
('https://www.sainsburys.co.uk/shop/gb/groceries/product/details/top-rated-44/gillette-mach-3-shaving-blades-x8', 'Gillette Mach 3 Razor Blades x8', '£15.00', '£1.88 / bld')
('https://www.sainsburys.co.uk/shop/gb/groceries/product/details/top-rated-44/macleans-fresh-mint-fluoride-toothpaste-100ml', 'Macleans Fresh Mint Fluoride Toothpaste 100ml', '£1.00', '£1.00 / 100ml')
('https://www.sainsburys.co.uk/shop/gb/groceries/product/details/top-rated-44/wilkinson-sword-soap-bowl-125g', 'Wilkinson Sword Soap Bowl 125g', '£2.50', '£2.00 / 100g')
('https://www.sainsburys.co.uk/shop/gb/groceries/product/details/top-rated-44/warburtons-wholemeal-bread--medium-sliced-400g', 'Warburtons Medium Sliced Wholemeal Bread 400g', '85p', '21p / 100g')
('https://www.sainsburys.co.uk/shop/gb/groceries/product/details/top-rated-44/ritter-sport-marzipan-100g', 'Ritter Sport Marzipan 100g', '£1.00', '£1.00 / 100g')
('https://www.sainsburys.co.uk/shop/gb/groceries/product/details/top-rated-44/purina-one-urinary-care-dry-cat-food-chicken-800g-7577327-p', 'Purina One Urinary Care Dry Cat Food Chicken 800g', '£5.50', '£6.88 / kg')
('https://www.sainsburys.co.uk/shop/gb/groceries/product/details/top-rated-44/felix-as-good-as-it-looks-cat-food-mixed-40-x-100g-7511157-p', 'Felix As Good As It Looks Cat Food Mixed 40 X 100g', '£11.00', '£2.75 / kg')
('https://www.sainsburys.co.uk/shop/gb/groceries/product/details/top-rated-44/aspall-organic-cyder-vinegar-350ml', 'Aspall Organic Cyder Vinegar 350ml', '£1.70', '£4.86 / ltr')
('https://www.sainsburys.co.uk/shop/gb/groceries/product/details/top-rated-44/carta-roja-crianza-monastrell-syrah-75cl', 'Carta Roja Crianza Monastrell Syrah 75cl', '£4.95', '£4.95 / 75cl')
('https://www.sainsburys.co.uk/shop/gb/groceries/product/details/top-rated-44/gourmet-solitaire-tinned-cat-food-with-beef-85g-6971284-p', 'Gourmet Solitaire Tinned Cat Food With Beef 85g', '80p', '£9.41 / kg')
('https://www.sainsburys.co.uk/shop/gb/groceries/product/details/top-rated-44/sainsburys-cabernet-sauvignon--so-organic-75cl', "Sainsbury's Cabernet Sauvignon, SO Organic 75cl", '£5.75', '£5.75 / 75cl')
('https://www.sainsburys.co.uk/shop/gb/groceries/product/details/top-rated-44/felix-as-good-as-it-looks-cat-food-favourites-12x100g-6032086-p', 'Felix As Good As It Looks Cat Food Favourites 12X100g', '£3.50', '£2.92 / kg')
('https://www.sainsburys.co.uk/shop/gb/groceries/product/details/top-rated-44/gourmet-perle-cat-food-mini-fillets-chicken-in-gravy-85g-6022973-p', 'Gourmet Perle Cat Food Mini Fillets Chicken In Gravy 85g', '55p', '£6.47 / kg')
('https://www.sainsburys.co.uk/shop/gb/groceries/product/details/top-rated-44/canderel-artificial-sweetener-tablets--refill-pack-x500', 'Canderel Original Sweetener Tablets x500, Refill', '£4.80', '10p / 10tblt')
('https://www.sainsburys.co.uk/shop/gb/groceries/product/details/top-rated-44/organix-12m-goodies-mini-gingerbread-men-5x25g', 'Organix Mini Gingerbread Men Biscuits 5x25g', '£2.30', '£1.84 / 100g')
('https://www.sainsburys.co.uk/shop/gb/groceries/product/details/top-rated-44/sainsburys-portuguese-vinho-verde-75cl', 'Alvorado Vinho Verde 75cl', '£5.25', '£5.25 / 75cl')
('https://www.sainsburys.co.uk/shop/gb/groceries/product/details/top-rated-44/oyster-bay-sauvignon-blanc-75cl', 'Oyster Bay Sauvignon Blanc 75cl', '£9.00', '£9.00 / 75cl')
('https://www.sainsburys.co.uk/shop/gb/groceries/product/details/top-rated-44/villa-maria-private-bin-sauvignon-blanc-75cl', 'Villa Maria Private Bin Sauvignon Blanc 75cl', '£10.00', '£10.00 / 75cl')
('https://www.sainsburys.co.uk/shop/gb/groceries/product/details/top-rated-44/sainsburys-fairtrade-colombian-beans--taste-the-difference-227g', "Sainsbury's Fairtrade Colombian Beans, Taste the Difference, Strength 3 227g", '£3.50', '£1.54 / 100g')
('https://www.sainsburys.co.uk/shop/gb/groceries/product/details/top-rated-44/sainsburys-fairtrade-colombian-decaffeinated-coffee--taste-the-difference-227g', "Sainsbury's Fairtrade Colombian Decaff Coffee, Taste the Difference, Strength 3 227g", '£3.50', '£1.54 / 100g')
('https://www.sainsburys.co.uk/shop/gb/groceries/product/details/top-rated-44/betty-crocker-chocolate-chip-cookie-pouch-200g', 'Betty Crocker Chocolate Chip Cookie Mix 200g', '£1.65', '£8.25 / kg')
('https://www.sainsburys.co.uk/shop/gb/groceries/product/details/top-rated-44/bonne-maman-strawberry-conserve-370g', 'Bonne Maman Strawberry Conserve 370g', '£2.60', '70p / 100g')
('https://www.sainsburys.co.uk/shop/gb/groceries/product/details/top-rated-44/maille-dijon-mustard-215g', 'Maille Dijon Original Mustard 215g', '£1.70', '79p / 100g')
('https://www.sainsburys.co.uk/shop/gb/groceries/product/details/top-rated-44/cafédirect-fairtrade-organic-machu-picchu-peru-ground-coffee-227g', 'Cafédirect Fairtrade Organic Machu Picchu Peru Ground Coffee 227g', '£3.00', '£1.32 / 100g')
('https://www.sainsburys.co.uk/shop/gb/groceries/product/details/top-rated-44/yorkshire-everyday-tea-bags-x240', 'Yorkshire Tea Tea Bags x240', '£5.00', '67p / 100g')
('https://www.sainsburys.co.uk/shop/gb/groceries/product/details/top-rated-44/tiptree-raspberry-jam--seedless---extra-fruit-340g', 'Tiptree Raspberry Jam, Seedless - Extra Fruit 340g', '£2.30', '68p / 100g')
('https://www.sainsburys.co.uk/shop/gb/groceries/product/details/top-rated-44/sainsburys-lemon-juice-250ml', "Sainsbury's Lemon Juice 250ml", '60p', '24p / 100ml')
('https://www.sainsburys.co.uk/shop/gb/groceries/product/details/top-rated-44/heineken-00-alcohol-free-lager-6x330ml', 'Heineken 0.0 Alcohol Free Lager 6x330ml', '£4.00', '£2.02 / ltr')
('https://www.sainsburys.co.uk/shop/gb/groceries/product/details/top-rated-44/finish-quantum-ultimate-lemon-x25', 'Finish Quantum Ultimate Dishwasher Tablets Lemon x25', '£5.00', '20p / ea')
('https://www.sainsburys.co.uk/shop/gb/groceries/product/details/top-rated-44/sanex-zero-dry-skin-shower-gel-250ml', 'Sanex Zero% Dry Skin Shower Gel 250ml', '£1.50', '60p / 100ml')
('https://www.sainsburys.co.uk/shop/gb/groceries/product/details/top-rated-44/roses-lime-juice-cordial-1l', "Rose's Lime Juice Cordial 1L", '£2.25', '23p / 100ml')
('https://www.sainsburys.co.uk/shop/gb/groceries/product/details/top-rated-44/felix-as-good-as-it-looks--doubly-delicious-meat-12x100g', 'Felix As Good As It Looks Doubly Delicious Cat Food Meat 12x100g', '£3.50', '£2.92 / kg')
('https://www.sainsburys.co.uk/shop/gb/groceries/product/details/top-rated-44/felix-meaty-loaf-fish---meat-selection-12x100g', 'Felix Cat Food Mixed Selection Meaty Loaf 12 X 100g', '£3.00', '£2.50 / kg')
('https://www.sainsburys.co.uk/shop/gb/groceries/product/details/price-lock-drinks/sainsburys-gin---tonic-250ml', "Sainsbury's Gin & Tonic 250ml", '£1.00', '£4.00 / ltr')
('https://www.sainsburys.co.uk/shop/gb/groceries/product/details/price-lock-drinks/sainsburys-double-strength-orange-squash--no-added-sugar-15l', "Sainsbury's Double Strength Orange Squash, No Added Sugar 1.5L", '£1.00', '7p / 100ml')
('https://www.sainsburys.co.uk/shop/gb/groceries/product/details/price-lock-drinks/sainsburys-double-strength-orange--lemon---pineapple-squash--no-added-sugar-15l', "Sainsbury's Double Strength Orange, Lemon & Pineapple Squash, No Added Sugar 1.5L", '£1.00', '7p / 100ml')
('https://www.sainsburys.co.uk/shop/gb/groceries/product/details/price-lock-drinks/blue-moon-belgian-white-american-craft-wheat-beer-330ml', 'Blue Moon Belgian White American Craft Wheat Beer 330ml', '£1.50', '£4.55 / ltr')
('https://www.sainsburys.co.uk/shop/gb/groceries/product/details/price-lock-drinks/sainsburys-caledonian-still-water-5l-6731645-p-44', "Sainsbury's Caledonian Still Water 5L", '£1.20', '2p / 100ml')
('https://www.sainsburys.co.uk/shop/gb/groceries/product/details/price-lock-drinks/budweiser-6x300ml', 'Budweiser Lager Beer Bottles 6x300ml', '£4.50', '£2.50 / ltr')
('https://www.sainsburys.co.uk/shop/gb/groceries/product/details/price-lock-drinks/sainsburys-bitter--basics-4x440ml', 'Depot No.90 Bitter 4x440ml', '£1.00', '57p / ltr')
('https://www.sainsburys.co.uk/shop/gb/groceries/product/details/price-lock-drinks/leffe-blonde-beer-750ml', 'Leffe Blond Abbey Beer Bottle 750ml', '£3.00', '£4.00 / ltr')
('https://www.sainsburys.co.uk/shop/gb/groceries/product/details/price-lock-drinks/boddingtons-4x440ml', 'Boddingtons Draught Bitter 4x440ml', '£3.70', '£2.10 / ltr')
('https://www.sainsburys.co.uk/shop/gb/groceries/product/details/price-lock-drinks/san-miguel-premium-lager-4x330ml', 'San Miguel Premium Lager Beer Bottles 4x330ml', '£3.80', '£2.88 / ltr')
('https://www.sainsburys.co.uk/shop/gb/groceries/product/details/price-lock-drinks/sainsburys-cranberry-juice-drink-1l', "Sainsbury's Cranberry Juice Drink 1L", '90p', '9p / 100ml')
('https://www.sainsburys.co.uk/shop/gb/groceries/product/details/price-lock-drinks/clearsprings-sauvignon-blanc-75cl', 'Clearsprings Sauvignon Blanc 75cl', '£5.50', '£5.50 / 75cl')
('https://www.sainsburys.co.uk/shop/gb/groceries/product/details/price-lock-drinks/nescafé-original-instant-coffee-200g', 'Nescafé Original Instant Coffee 200g', '£4.00', '£2.00 / 100g')
('https://www.sainsburys.co.uk/shop/gb/groceries/product/details/price-lock-drinks/kenco-decaffeinated-200g', 'Kenco Decaff Instant Coffee 200g', '£4.00', '£2.00 / 100g')
('https://www.sainsburys.co.uk/shop/gb/groceries/product/details/price-lock-drinks/sainsburys-cocoa-250g', "Sainsbury's Cocoa 250g", '£2.00', '80p / 100g')
('https://www.sainsburys.co.uk/shop/gb/groceries/product/details/price-lock-drinks/sainsburys-tawny-port-75cl', "Sainsbury's Tawny Port 75cl", '£7.15', '£7.15 / 75cl')
('https://www.sainsburys.co.uk/shop/gb/groceries/product/details/price-lock-drinks/sainsburys-vermouth-extra-dry-1l', "Sainsbury's Vermouth Extra Dry 1L", '£5.85', '£4.39 / 75cl')
('https://www.sainsburys.co.uk/shop/gb/groceries/product/details/price-lock-drinks/sainsburys-vodka-35cl', 'Triple Distilled Vodka 35cl', '£6.00', '£17.14 / ltr')
('https://www.sainsburys.co.uk/shop/gb/groceries/product/details/price-lock-drinks/hardys-varietal-chardonnay-75cl', 'Hardys Varietal Chardonnay 75cl', '£5.30', '£5.30 / 75cl')
('https://www.sainsburys.co.uk/shop/gb/groceries/product/details/price-lock-drinks/sainsburys-blended-whisky-15l', 'Crag & Glen Blended Scotch Whisky 1.5L', '£23.50', '£15.67 / ltr')
('https://www.sainsburys.co.uk/shop/gb/groceries/product/details/price-lock-drinks/blossom-hill-white-wine-75cl', 'Blossom Hill White 75cl', '£5.00', '£5.00 / 75cl')
('https://www.sainsburys.co.uk/shop/gb/groceries/product/details/price-lock-drinks/sainsburys-irish-county-cream-70cl', "Sainsbury's Country Cream 70cl", '£3.85', '£5.50 / ltr')
('https://www.sainsburys.co.uk/shop/gb/groceries/product/details/price-lock-drinks/gallo-family-vineyards-white-zinfandel-75cl', 'Gallo Family Vineyards White Zinfandel 75cl', '£5.50', '£5.50 / 75cl')
('https://www.sainsburys.co.uk/shop/gb/groceries/product/details/price-lock-drinks/sainsburys-long-life-semi-skimmed-milk-500ml', "Sainsbury's Long Life Semi Skimmed Milk 500ml", '55p', '£1.10 / ltr')
('https://www.sainsburys.co.uk/shop/gb/groceries/product/details/price-lock-drinks/sainsburys-fairtrade-colombian-coffee-bags-x10', "Sainsbury's Fairtrade Colombian Coffee Bags, Taste the Difference x10", '£2.65', '£3.53 / 100g')
('https://www.sainsburys.co.uk/shop/gb/groceries/product/details/price-lock-drinks/brooke-bond-scottish-blend-tea-bags--pyramid-bag-x160', 'Scottish Blend Pyramid Tea x160 500g', '£3.00', '65p / 100g')
('https://www.sainsburys.co.uk/shop/gb/groceries/product/details/price-lock-drinks/pg-tips-everyday-pyramid-tea-bags-x40', 'PG tips Original Biodegradable Black Tea Bags x40', '£1.35', '£1.16 / 100g')
('https://www.sainsburys.co.uk/shop/gb/groceries/product/details/price-lock-household/sainsburys-super-soft-facial-tissues-2x90', "Sainsbury's Super Soft Facial Tissues x2", '£1.50', '83p / 100sht')
('https://www.sainsburys.co.uk/shop/gb/groceries/product/details/price-lock-household/flash-multi-purpose-cleaning-spray-lemon-469ml', 'Flash Multi Purpose Cleaning Spray Lemon 469ml', '£1.00', '£2.13 / ltr')
('https://www.sainsburys.co.uk/shop/gb/groceries/product/details/price-lock-household/lenor-fabric-conditioner--summer-breeze-29l', 'Lenor Fabric Conditioner Summer Breeze Scent 2.905L (83 Washes)', '£4.00', '£1.38 / ltr')
('https://www.sainsburys.co.uk/shop/gb/groceries/product/details/price-lock-household/fairy-liquid-apple-orchard-520ml', 'Fairy Clean & Fresh Washing Up Liquid Apple 520ml', '£1.00', '£1.92 / ltr')
('https://www.sainsburys.co.uk/shop/gb/groceries/product/details/price-lock-household/airwick-pure-cherry-blossom', 'Air Wick Pure Cherry Blossom Air Freshener 250ml', '£2.00', '£8.00 / ltr')
('https://www.sainsburys.co.uk/shop/gb/groceries/product/details/price-lock-household/comfort-creations-honeysuckle-116l', 'Comfort Creations Fabric Conditioner, Honeysuckle 1.16L (33 Washes)', '£2.00', '£1.72 / ltr')
('https://www.sainsburys.co.uk/shop/gb/groceries/product/details/price-lock-household/fairy-dishwasher-tablets-lemon-x70', 'Fairy All In One Dishwasher Tablets Lemon x58', '£7.50', '13p / ea')
('https://www.sainsburys.co.uk/shop/gb/groceries/product/details/price-lock-household/febreze-mist---refresh-spray--cotton-fresh-300ml', 'Febreze Cotton Fresh Air Freshener 300ml', '£2.00', '£6.67 / ltr')
('https://www.sainsburys.co.uk/shop/gb/groceries/product/details/price-lock-household/comfort-sunshiny-days-fabric-conditioner-126l-36-washes-', 'Comfort Sunshiny Days Fabric Conditioner 1.26L (36 Washes)', '£2.00', '£1.59 / ltr')
('https://www.sainsburys.co.uk/shop/gb/groceries/product/details/price-lock-household/kleenex-mansize-facial-tissues-twin-pack-x2-100-sheets', 'Kleenex Extra Large Tissues 2 Pack', '£3.50', '£1.94 / 100sht')
('https://www.sainsburys.co.uk/shop/gb/groceries/product/details/price-lock-household/sainsburys-kitchen-caddy-liners-x25', "Sainsbury's Kitchen Caddy Compostable Liners x25", '£2.50', '10p / ea')
('https://www.sainsburys.co.uk/shop/gb/groceries/product/details/price-lock-household/sainsburys-tie-handle-refuse-sacks-x20', "Sainsbury's Tie Handle Refuse Sacks x20", '£2.25', '11p / ea')
('https://www.sainsburys.co.uk/shop/gb/groceries/product/details/price-lock-household/glade-aerosol-vanilla-blossom-300ml-7859961-p-44', 'Glade Aerosol Vanilla Blossom 300ml', '£1.00', '£3.33 / ltr')
('https://www.sainsburys.co.uk/shop/gb/groceries/product/details/price-lock-household/sainsburys-non-bio-laundry-powder-2925kg-45-washes-', "Sainsbury's Non Bio Laundry Powder 2.925kg (45 Washes)", '£4.00', '£1.37 / kg')
('https://www.sainsburys.co.uk/shop/gb/groceries/product/details/price-lock-household/ariel-washing-liquid-colour-and-style-2625l-75-washes-', 'Ariel Washing Liquid Colour and Style 2.45L (70 Washes)', '£9.00', '£3.67 / ltr')
('https://www.sainsburys.co.uk/shop/gb/groceries/product/details/beauty---fragrance/impulse-spontaneous-beauty-bag-set', 'Impulse Spontaneous Beauty Bag Set', '£2.25', '£2.25 / ea')
('https://www.sainsburys.co.uk/shop/gb/groceries/product/details/beauty---fragrance/baylis-harding-royale-garden-hand-cream-x3', 'Baylis & Harding Royale Garden Hand Cream x3', '£6.00', '£2.00 / ea')
('https://www.sainsburys.co.uk/shop/gb/groceries/product/details/beauty---fragrance/loreal-men-expert-sensitive-expert-gift', "L'Oreal Men Expert Sensitive Expert Gift", '£3.50', '£3.50 / ea')
('https://www.sainsburys.co.uk/shop/gb/groceries/product/details/beauty---fragrance/joop!-homme-after-shave-splash-75ml', 'Joop! Homme After Shave Splash 75ml', '£20.00', '£26.67 / 100ml')
('https://www.sainsburys.co.uk/shop/gb/groceries/product/details/beauty---fragrance/grace-lily-ultimate-pampering-collection', 'Grace Lily Ultimate Pampering Collection', '£10.00', '£10.00 / ea')
('https://www.sainsburys.co.uk/shop/gb/groceries/product/details/beauty---fragrance/seriously-good-to-satsuma-indulgence-collection', 'Seriously Good To... Satsuma Indulgence Collection', '£8.00', '£8.00 / ea')
('https://www.sainsburys.co.uk/shop/gb/groceries/product/details/beauty---fragrance/baylis---harding-royale-bouquet-limited-edition-luxury-soap-set-3x100g', 'Baylis & Harding Royale Bouquet Limited Edition Luxury Soap Set 3x100g', '£4.00', '£1.33 / ea')
('https://www.sainsburys.co.uk/shop/gb/groceries/product/details/beauty---fragrance/baylis---harding-handwash---body-lotion-gift-set--sweet-mandarin---grapefruit-x2', 'Baylis & Harding Handwash & Body Lotion Gift Set, Sweet Mandarin & Grapefruit x2', '£5.00', '£5.00 / ea')
('https://www.sainsburys.co.uk/shop/gb/groceries/product/details/beauty---fragrance/beckham-aftershave-homme-50ml', 'Beckham Aftershave Lotion, Homme 50ml', '£8.00', '£16.00 / 100ml')
('https://www.sainsburys.co.uk/shop/gb/groceries/product/details/beauty---fragrance/heathcote-ivory-pinks-pear-blossom-bathing-flowers-85g', 'Heathcote & Ivory Pinks & Pear Blossom Bathing Flowers 85g', '£10.00', '£11.76 / 100g')
('https://www.sainsburys.co.uk/shop/gb/groceries/product/details/beauty---fragrance/faith-in-nature-avocado-conditioner-400ml', 'Faith in Nature Avocado Conditioner 400ml', '£5.50', '£1.31 / 100ml')
('https://www.sainsburys.co.uk/shop/gb/groceries/product/details/beauty---fragrance/loreal-men-shaving-kit-gift-set-for-him', "L'Oreal Men Shaving Kit Gift Set For Him", '£6.25', '£6.25 / ea')
('https://www.sainsburys.co.uk/shop/gb/groceries/product/details/beauty---fragrance/dirty-works-snuggle-up-set', 'Dirty Works You Hottie! The Snuggle Up Set', '£3.90', '£3.90 / ea')
('https://www.sainsburys.co.uk/shop/gb/groceries/product/details/beauty---fragrance/baylis-harding-the-fuzzy-duck-cotsworld-floral-bath-fizzers-set-x4', 'Baylis & Harding The Fuzzy Duck Cotswold Floral Candle Set', '£12.00', '£12.00 / ea')
('https://www.sainsburys.co.uk/shop/gb/groceries/product/details/sweet-treats-44/lindt-lindor-assorted-chocolate-truffles-337g', 'Lindt Lindor Assorted Chocolate Truffles Box 337g', '£6.00', '£1.78 / 100g')
('https://www.sainsburys.co.uk/shop/gb/groceries/product/details/sweet-treats-44/swizzels-chew-crew-210g', 'Swizzels Chew Crew Sweets 180g', '£1.00', '56p / 100g')
('https://www.sainsburys.co.uk/shop/gb/groceries/product/details/sweet-treats-44/lindt-excellence-tasting-collection-200g', 'Lindt Excellence Tasting Collection 200g', '£9.00', '£4.50 / 100g')
('https://www.sainsburys.co.uk/shop/gb/groceries/product/details/sweet-treats-44/lindt-nuxor-milk-165g', 'Lindt Nuxor with Milk Chocolate 165g', '£5.00', '£3.03 / 100g')
('https://www.sainsburys.co.uk/shop/gb/groceries/product/details/sweet-treats-44/melting-pot-butter-fudge-150g', 'Melting Pot Fudge Traditional Butter 150g', '£3.00', '£2.00 / 100g')
('https://www.sainsburys.co.uk/shop/gb/groceries/product/details/sweet-treats-44/ferrero-collection-box-of-chocolate-24-pieces-269g', 'Ferrero Collection Box of Chocolate 24 Pieces 269g', '£6.50', '£2.42 / 100g')
('https://www.sainsburys.co.uk/shop/gb/groceries/product/details/sweet-treats-44/lindt-mini-pralines-100g', 'Lindt Mini Pralines Chocolate Box 100g', '£5.00', '£5.00 / 100g')
('https://www.sainsburys.co.uk/shop/gb/groceries/product/details/sweet-treats-44/godiva-chocolate-domes-150g', 'Godiva Chocolate Domes 150g', '£5.00', '£3.33 / 100g')
('https://www.sainsburys.co.uk/shop/gb/groceries/product/details/sweet-treats-44/mrs-tillys-sea-salt-scottish-fudge-150g', "Mrs Tilly's Sea Salt Scottish Fudge 150g", '£1.50', '£1.00 / 100g')
('https://www.sainsburys.co.uk/shop/gb/groceries/product/details/sweet-treats-44/godiva-masterpieces-hazelnut-oyster-with-belgian-milk-chocolate-193g', 'Godiva Masterpieces Hazelnut Oyster with Belgian Milk Chocolate 193g', '£4.00', '£2.07 / 100g')
('https://www.sainsburys.co.uk/shop/gb/groceries/product/details/sweet-treats-44/green---blacks-organic-tasting-collection--fairtrade-395g', "Green & Black's Organic Tasting Collection 395g", '£10.00', '£2.53 / 100g')
('https://www.sainsburys.co.uk/shop/gb/groceries/product/details/sweet-treats-44/lindt-swiss-luxury-selection-215g', 'Lindt Swiss Luxury Selection Chocolate Box 195g', '£6.00', '£3.08 / 100g')
('https://www.sainsburys.co.uk/shop/gb/groceries/product/details/sweet-treats-44/lindt-lindor-milk-chocolate-337g', 'Lindt Lindor Milk Chocolate Truffles Box 337g', '£6.00', '£1.78 / 100g')
('https://www.sainsburys.co.uk/shop/gb/groceries/product/details/sweet-treats-44/mrs-tillys-tablet-150g', "Mrs Tilly's The Famous Scottish Tablet 150g", '£1.50', '£1.00 / 100g')
('https://www.sainsburys.co.uk/shop/gb/groceries/product/details/sweet-treats-44/la-terrasse-sparkling-rose-75cl', 'La Terrasse Sparkling Rose 75cl', '£12.00', '£12.00 / 75cl')
('https://www.sainsburys.co.uk/shop/gb/groceries/product/details/sweet-treats-44/youre-a-star-message-bottle-400g', 'You are a Star Limited Edition Sweets Bottle 360g', '£3.00', '83p / 100g')
('https://www.sainsburys.co.uk/shop/gb/groceries/product/details/sweet-treats-44/cocoa-co-teardrop-box-220g', 'Cocoa & Co. The Ultimate Favourites Chocolate Collection 220g', '£8.00', '£3.64 / 100g')
('https://www.sainsburys.co.uk/shop/gb/groceries/product/details/sweet-treats-44/malteser-truffles-336g', 'Maltesers Truffles Chocolate Large Gift Box 336g', '21p', '6p / 100g')
('https://www.sainsburys.co.uk/shop/gb/groceries/product/details/sweet-treats-44/galaxy-truffles-206g', 'Galaxy Truffles Chocolate Medium Gift Box 206g', '£5.00', '£2.43 / 100g')
('https://www.sainsburys.co.uk/shop/gb/groceries/product/details/sweet-treats-44/cadbury-dairy-milk-chocolate-bar-360g', 'Cadbury Dairy Milk Chocolate Bar 360g', '£2.50', '69p / 100g')
('https://www.sainsburys.co.uk/shop/gb/groceries/product/details/sweet-treats-44/maltesers-teasers-chocolate-gift-box-275g', 'Maltesers Teasers Chocolate Gift Box 275g', '£3.00', '£1.09 / 100g')
('https://www.sainsburys.co.uk/shop/gb/groceries/product/details/sweet-treats-44/elizabeth-shaw-raisin---hazelnut-biscuits-140g', 'Elizabeth Shaw Raisin & Hazelnut Biscuits 140g', '£1.00', '71p / 100g')
('https://www.sainsburys.co.uk/shop/gb/groceries/product/details/sweet-treats-44/godiva-masterpieces-caramel-lion-with-belgian-milk-chocolate-193g', 'Godiva Masterpieces Caramel Lion with Belgian Milk Chocolate 193g', '£4.00', '£2.07 / 100g')
('https://www.sainsburys.co.uk/shop/gb/groceries/product/details/sweet-treats-44/godiva-milk-chocolate-bar--salted-caramel-90g', 'Godiva Pure Belgian Milk Chocolate Bar, Salted Caramel 90g', '£2.00', '£2.22 / 100g')
('https://www.sainsburys.co.uk/shop/gb/groceries/product/details/sweet-treats-44/buttermilk-crumbly-vanilla-fudge-150g', 'Buttermilk Crumbly Vanilla Fudge 150g', '£3.95', '£2.63 / 100g')
('https://www.sainsburys.co.uk/shop/gb/groceries/product/details/sweet-treats-44/lindor-milk-orange-cornet-200g', 'Lindt Lindor Milk Orange Chocolate Truffles Box 200g', '£4.00', '£2.00 / 100g')
('https://www.sainsburys.co.uk/shop/gb/groceries/product/details/sweet-treats-44/lindt-master-chocolatier-collection-144g', 'Lindt Master Chocolatier Collection 184g', '£7.00', '£3.80 / 100g')
('https://www.sainsburys.co.uk/shop/gb/groceries/product/details/meatandfish-essentials/sainsburys-turkey-breast-mince-500g', "Sainsbury's Turkey Breast Mince 2% Fat 500g", '£3.80', '£7.60 / kg')
('https://www.sainsburys.co.uk/shop/gb/groceries/product/details/meatandfish-essentials/sainsburys-british-ultimate-steak-burgers--taste-the-difference-x2-340g', "Sainsbury's British Beef Burgers, Taste the Difference x2 340g", '£2.50', '£7.35 / kg')
('https://www.sainsburys.co.uk/shop/gb/groceries/product/details/meatandfish-essentials/sainsburys-butchers-choice-pork-sausages-x12-681g', "Sainsbury's Butcher's Choice Pork Sausages x12 681g", '£2.10', '£3.08 / kg')
('https://www.sainsburys.co.uk/shop/gb/groceries/product/details/meatandfish-essentials/richmond-skinless-pork-sausages-x12-319g', 'Richmond Skinless Pork Sausages x12 340g', '£1.80', '£5.64 / kg')
('https://www.sainsburys.co.uk/shop/gb/groceries/product/details/meatandfish-essentials/sainsburys-welsh-ex-lean-diced-beef-500g', "Sainsbury's Welsh Ex Lean Diced Beef 500g", '£4.50', '£9.00 / kg')
('https://www.sainsburys.co.uk/shop/gb/groceries/product/details/meatandfish-essentials/sainsburys-northern-irish-extra-lean-diced-beef-250g', "Sainsbury's Northern Irish Extra Lean Diced Beef 250g", '£2.50', '£10.00 / kg')
('https://www.sainsburys.co.uk/shop/gb/groceries/product/details/meatandfish-essentials/sainsburys-northern-irish-extra-lean-beef-casserole-steak-500g', "Sainsbury's Northern Irish Extra Lean Beef Casserole Steak 500g", '£4.40', '£8.80 / kg')
('https://www.sainsburys.co.uk/shop/gb/groceries/product/details/meatandfish-essentials/sainsburys-extra-lean-diced-beef-750g', "Sainsbury's Extra Lean Diced Beef 750g", '£5.75', '£7.67 / kg')
('https://www.sainsburys.co.uk/shop/gb/groceries/product/details/meatandfish-essentials/sainsburys-british-beef-rump-pave-steaks-with-triple-pepper-butters-taste-the-difference-470g', "Sainsbury's British Beef Rump Pave Steaks with Triple Pepper Butters, Taste the Difference 470g", '£7.50', '£15.96 / kg')
('https://www.sainsburys.co.uk/shop/gb/groceries/product/details/meatandfish-essentials/sainsburys-60-chicken-selection-pack', "Sainsbury's 60 Chicken Selection Pack", '£5.25', '95p / 100g')
('https://www.sainsburys.co.uk/shop/gb/groceries/product/details/meatandfish-essentials/new-england-seafood-whole-sea-bass-570g', 'New England Seafood Whole Sea Bass 520g', '£6.50', '£12.50 / kg')
('https://www.sainsburys.co.uk/shop/gb/groceries/product/details/meatandfish-essentials/sainsburys-taste-the-difference-30-day-ribeye-steak-285g', "Sainsbury's, Taste the Difference 30 Day Ribeye Steak 285g", '£6.50', '£22.81 / kg')
('https://www.sainsburys.co.uk/shop/gb/groceries/product/details/meatandfish-essentials/sainsburys-brunch-blinis-160g', "Sainsbury's Large Brunch Blinis 160g", '£1.50', '94p / 100g')
('https://www.sainsburys.co.uk/shop/gb/groceries/product/details/meatandfish-essentials/premier-deli-corned-beef-x5-175g', 'Premier Deli Corned Beef x5 175g', '£1.29', '74p / 100g')
('https://www.sainsburys.co.uk/shop/gb/groceries/product/details/meatandfish-essentials/sainsburys-mild-smoked-salmon-100g', "Sainsbury's Mild Smoked Salmon 100g", '£3.25', '£3.25 / 100g')
('https://www.sainsburys.co.uk/shop/gb/groceries/product/details/meatandfish-essentials/sainsburys-21-day-matured-thin-cut-sirloin-steak-155g', "Sainsbury's 21 Day Matured Thin Cut Sirloin Steak 155g", '£2.50', '£16.13 / kg')
('https://www.sainsburys.co.uk/shop/gb/groceries/product/details/meatandfish-essentials/sainsburys-pork-loin-steaks-x4-480g', "Sainsbury's British Pork Loin Steaks x4 480g", '£1.89', '£3.94 / kg')
('https://www.sainsburys.co.uk/shop/gb/groceries/product/details/meatandfish-essentials/sainsburys-turkey-thigh-mince-500g', "Sainsbury's British Turkey Mince 7% Fat 500g", '£2.00', '£4.00 / kg')
('https://www.sainsburys.co.uk/shop/gb/groceries/product/details/meatandfish-essentials/sainsburys-northern-irish-extra-lean-diced-beef-500g', "Sainsbury's Northern Irish Extra Lean Diced Beef 500g", '£4.00', '£8.00 / kg')
('https://www.sainsburys.co.uk/shop/gb/groceries/product/details/meatandfish-essentials/sainsburys-chicken-liver-parfait-taste-the-difference-175g', "Sainsbury's Chicken Liver Parfait, Taste the Difference 175g", '£5.00', '£2.86 / 100g')
('https://www.sainsburys.co.uk/shop/gb/groceries/product/details/meatandfish-essentials/the-jolly-hog-jolly-good-roast-black-treacle-cured-gammon-joint-750g-11kg-approx925g-', 'The Jolly Hog Black Treacle Gammon Joint', '£8.00 / kg', '£8.00 / kg')
('https://www.sainsburys.co.uk/shop/gb/groceries/product/details/meatandfish-essentials/sainsburys-mild-smoked-salmon-300g', "Sainsbury's Mild Smoked Salmon 300g", '£6.00', '£2.00 / 100g')
('https://www.sainsburys.co.uk/shop/gb/groceries/product/details/meatandfish-essentials/new-england-sea-bream-x-2-570g', 'New England Sea Bream x2 520g', '£6.50', '£12.50 / kg')
('https://www.sainsburys.co.uk/shop/gb/groceries/product/details/meatandfish-essentials/sainsburys-chicken-breast-fillets-300g', "Sainsbury's British Fresh Chicken Breast Fillets Skinless & Boneless 300g", '£1.70', '£5.67 / kg')
('https://www.sainsburys.co.uk/shop/gb/groceries/product/details/meatandfish-essentials/sainsburys-british-hot-smoked-mackerel-fillets-140g', "Sainsbury's British Hot Smoked Mackerel Fillets 140g", '£1.50', '£1.07 / 100g')
('https://www.sainsburys.co.uk/shop/gb/groceries/product/details/meatandfish-essentials/sainsburys-lamb-rump-steaks-300g', "Sainsbury's Lamb Rump Steaks 300g", '£3.75', '£12.50 / kg')
('https://www.sainsburys.co.uk/shop/gb/groceries/product/details/meatandfish-essentials/sainsburys-30-day-matured-fillet-steak-taste-the-difference-170g', "Sainsbury's 30 Day Matured Beef Fillet Steak, Taste the Difference 170g", '£5.65', '£33.24 / kg')
('https://www.sainsburys.co.uk/shop/gb/groceries/product/details/meatandfish-essentials/sainsburys-smoked-back-bacon-rashers-x16-500g', "Sainsbury's Smoked Back Bacon Rashers x16 500g", '£2.85', '£5.70 / kg')
('https://www.sainsburys.co.uk/shop/gb/groceries/product/details/meatandfish-essentials/sainsburys-minted-lamb-rump-steaks-summer-edition-300g', "Sainsbury's Mint Glazed Lamb Rump Steaks 300g", '£4.50', '£15.00 / kg')
('https://www.sainsburys.co.uk/shop/gb/groceries/product/details/meatandfish-essentials/sainsburys-british-pork-sage-onion-stuffing-balls-taste-the-difference-x12-360g', "Sainsbury's British Pork Sage & Onion Stuffing Balls, Taste the Difference x12 360g", '£3.00', '83p / 100g')
('https://www.sainsburys.co.uk/shop/gb/groceries/product/details/meatandfish-essentials/sainsburys-pork-cumberland-sausages--taste-the-difference-x6-400g', "Sainsbury's Pork Cumberland Sausages, Taste the Difference x6 400g", '£2.00', '£5.00 / kg')
('https://www.sainsburys.co.uk/shop/gb/groceries/product/details/meatandfish-essentials/sainsburys-ultimate-pork-saus--taste-the-difference-x6-400g', "Sainsbury's Pork Sausages, Taste the Difference x6 400g", '£2.00', '£5.00 / kg')
('https://www.sainsburys.co.uk/shop/gb/groceries/product/details/meatandfish-essentials/sainsburys-beef-mince-5-fat-750g', "Sainsbury's Beef Mince 5% Fat 750g", '£3.60', '£4.80 / kg')
('https://www.sainsburys.co.uk/shop/gb/groceries/product/details/meatandfish-essentials/sainsburys-quick-cook-turkey-steaks-x4-400g', "Sainsbury's Quick Cook Turkey Steaks x4 400g", '£3.05', '£7.63 / kg')
('https://www.sainsburys.co.uk/shop/gb/groceries/product/details/meatandfish-essentials/sainsburys-drury-lane-ham-150g', 'Deli Express British Drury Lane Ham 150g', '£2.25', '£1.50 / 100g')
('https://www.sainsburys.co.uk/shop/gb/groceries/product/details/meatandfish-essentials/sainsburys-sirloin-steak--taste-the-difference-225g-7809846-p-44', "Sainsbury's 30 Day Matured Sirloin Steak, Taste the Difference 225g", '£4.50', '£20.00 / kg')
('https://www.sainsburys.co.uk/shop/gb/groceries/product/details/meatandfish-essentials/sainsburys-pork-chops-x2-500g', "Sainsbury's Thick Cut British Pork Chops x2 500g", '£2.95', '£5.90 / kg')
('https://www.sainsburys.co.uk/shop/gb/groceries/product/details/meatandfish-essentials/gressingham-duck-breast-portions-250g', 'Gressingham Duck Breast Portions 250g', '£4.25', '£17.00 / kg')
('https://www.sainsburys.co.uk/shop/gb/groceries/product/details/dairy-free-drinks/koko-dairy-free-original-1l', 'Koko Dairy Free Original Fresh Drink 1L', '£1.10', '£1.10 / ltr')
('https://www.sainsburys.co.uk/shop/gb/groceries/product/details/dairy-free-drinks/alpro-coconut-unsweetened-1l-7989803-p-44', 'Alpro Coconut No Sugars Chilled Drink 1L', '£1.00', '£1.00 / ltr')
('https://www.sainsburys.co.uk/shop/gb/groceries/product/details/dairy-free-drinks/alpro-oat-unsweetened-drink-1l', 'Alpro Oat No Sugars Chilled Drink 1L', '£1.00', '£1.00 / ltr')
('https://www.sainsburys.co.uk/shop/gb/groceries/product/details/dairy-free-drinks/oatly-the-original-oat-drink-skinny-1l', 'Oatly Oat Drink Skinny Chilled 1L', '£1.80', '£1.80 / ltr')
('https://www.sainsburys.co.uk/shop/gb/groceries/product/details/dairy-free-drinks/califia-farms-chocolate-coconut-almond-blend-drink-750ml', 'Califia Farms Chocolate Coconut Almond Blend Drink 750ml', '£2.40', '£3.20 / ltr')
('https://www.sainsburys.co.uk/shop/gb/groceries/product/details/dairy-free-drinks/alpro-caffe-coffee---hazelnut-dairy-free-drink-1l', 'Alpro Caffe Coffee & Hazelnut Fresh Drink 1L', '£2.55', '£2.55 / ltr')
('https://www.sainsburys.co.uk/shop/gb/groceries/product/details/dairy-free-drinks/plenish-organic-cashew-milk-1l', 'Plenish Organic Cashew Dairy Free Drink 1L', '£2.50', '£2.50 / ltr')
('https://www.sainsburys.co.uk/shop/gb/groceries/product/details/dairy-free-drinks/oatly-foamable-1l', 'Oatly Oat Drink Barista Edition Long Life 1L', '£1.80', '£1.80 / ltr')
('https://www.sainsburys.co.uk/shop/gb/groceries/product/details/dairy-free-drinks/alpro-chilled-hazelnut-milk-1l', 'Alpro Hazelnut Chilled Drink 1L', '£1.00', '£1.00 / ltr')
('https://www.sainsburys.co.uk/shop/gb/groceries/product/details/dairy-free-drinks/sainsburys-unsweetened-soya-milk-alternative-1l', "Sainsbury's Unsweetened Soya Fresh Drink 1L", '£1.15', '£1.15 / ltr')
('https://www.sainsburys.co.uk/shop/gb/groceries/product/details/dairy-free-drinks/alpro-original-chilled-milk-alternative-1l', 'Alpro Soya Chilled Drink 1L', '£1.55', '£1.55 / ltr')
('https://www.sainsburys.co.uk/shop/gb/groceries/product/details/dairy-free-yogurts/the-coconut-collaborative-yogurt-alternative--madagascan-vanilla-350g', 'The Coconut Collaborative Yogurt Alternative, Madagascan Vanilla 350g', '£2.50', '71p / 100g')
('https://www.sainsburys.co.uk/shop/gb/groceries/product/details/dairy-free-yogurts/coconut-co-chocolate-pots-4x45g', 'The Coconut Collaborative Little Choc Pots 4x45g', '£2.50', '£1.39 / 100g')
('https://www.sainsburys.co.uk/shop/gb/groceries/product/details/dairy-free-yogurts/coconut-collaborative-natural-yogurt-120g', 'The Coconut Collaborative Yogurt Alternative Natural 120g', '£1.10', '92p / 100g')
('https://www.sainsburys.co.uk/shop/gb/groceries/product/details/dairy-free-yogurts/benecol-tropical-fruit---soya-6x655g', 'Benecol Yogurt Drink Tropical Fruit & Soya (Dairy Free) 6x65.5g', '£3.95', '£1.01 / 100g')
('https://www.sainsburys.co.uk/shop/gb/groceries/product/details/dairy-free-yogurts/alpro-simply-plain-yogurt-alternative-500g', 'Alpro Plain Yoghurt Alternative 500g', '£1.75', '35p / 100g')
('https://www.sainsburys.co.uk/shop/gb/groceries/product/details/dairy-free-yogurts/danone-light-free-oat-mango-yog-350g', 'Light & Free Dairy Free Oat Mango Passionfruit Yogurt 350g', '£2.25', '64p / 100g')
('https://www.sainsburys.co.uk/shop/gb/groceries/product/details/dairy-free-yogurts/beleaf-berries-yoghurt-alt-120g', 'Beleaf Berries Almond Yogurt 120g', '75p', '62p / 100g')
('https://www.sainsburys.co.uk/shop/gb/groceries/product/details/dairy-free-yogurts/alpro-greek-style-granola-vanilla-140g', 'Alpro Greek Style Granola Vanilla Yoghurt Alternative 140g', '£1.50', '£1.07 / 100g')
('https://www.sainsburys.co.uk/shop/gb/groceries/product/details/dairy-free-yogurts/alpro-plain-unsweetened-yogurt-500g', 'Alpro Plain No Sugars Yoghurt Alternative 500g', '£1.75', '35p / 100g')
('https://www.sainsburys.co.uk/shop/gb/groceries/product/details/dairy-free-yogurts/alpro-blueberry-cherry-yogurt-alternative-4x125g', 'Alpro Blueberry & Cherry Yoghurt Alternative 4x125g', '£1.90', '38p / 100g')
('https://www.sainsburys.co.uk/shop/gb/groceries/product/details/dairy-free-yogurts/the-collective-plant-yoghurt-plain-400g', 'The Collective Plant Yoghurt Plain 400g', '£2.20', '55p / 100g')
('https://www.sainsburys.co.uk/shop/gb/groceries/product/details/dairy-free-yogurts/oatly-oatgurt-blueberry-400g', 'Oatly Oatgurt Blueberry 400g', '£2.00', '50p / 100g')
('https://www.sainsburys.co.uk/shop/gb/groceries/product/details/dairy-free-yogurts/oatly-oatgurt-plain-400g', 'Oatly Oatgurt Plain Yoghurt 400g', '£2.00', '50p / 100g')
('https://www.sainsburys.co.uk/shop/gb/groceries/product/details/dairy-free-yogurts/biomel-dark-chocolate-dairy-free-coconut-probiotic-drink-125ml', 'Biomel Dark Chocolate Dairy Free Coconut Probiotic Drink 125ml', '£1.20', '96p / 100ml')
('https://www.sainsburys.co.uk/shop/gb/groceries/product/details/lactose-free--/flora-pro-activ-milk-1l', "Flora ProActiv Skimmed Cows' Milk 1L", '£1.45', '£1.45 / ltr')
('https://www.sainsburys.co.uk/shop/gb/groceries/product/details/lactose-free--/plenish-organic-soya-1l', 'Plenish Organic Soya 1L', '£2.00', '£2.00 / ltr')
('https://www.sainsburys.co.uk/shop/gb/groceries/product/details/lactose-free--/sainsburys-unsweetened-almond-drink-1l', "Sainsbury's Unsweetened Almond Drink 1L", '£1.10', '£1.10 / ltr')
('https://www.sainsburys.co.uk/shop/gb/groceries/product/details/lactose-free--/arla-lactofree-organic-semi-skimmed-milk-drink-1-litre', 'Arla Lactofree Organic Semi Skimmed Milk Drink 1 Litre', '£1.65', '£1.65 / ltr')
('https://www.sainsburys.co.uk/shop/gb/groceries/product/details/lactose-free--/alpro-caffe-ethiopian-coffee-soya-caramel-blend-235ml', 'Alpro Caffè Latte Ethiopian Coffee and Soya Caramel Chilled Drink 235ml', '£1.80', '77p / 100ml')
('https://www.sainsburys.co.uk/shop/gb/groceries/product/details/lactose-free--/oatly-the-original-oat-drink-semi-1l', 'Oatly Oat Drink Semi Chilled 1L', '£1.80', '£1.80 / ltr')
('https://www.sainsburys.co.uk/shop/gb/groceries/product/details/lactose-free--/innocent-almond-dairy-free-750ml', 'Innocent Dairy Free Almond 750ml', '£2.00', '£2.67 / ltr')
('https://www.sainsburys.co.uk/shop/gb/groceries/product/details/lactose-free--/califia-farms-almond-milk--unsweetened-750ml', 'Califia Farms Unsweetened Almond Drink 750ml', '£2.40', '£3.20 / ltr')
('https://www.sainsburys.co.uk/shop/gb/groceries/product/details/lactose-free--/arla-lactofree-semi-skimmed-milk-portions-5x20ml', 'Lactofree UHT Semi Skimmed Milk Portions 5x20ml', '75p', '£7.50 / ltr')
('https://www.sainsburys.co.uk/shop/gb/groceries/product/details/lactose-free--/violife-creamy-tzatziki-flavour-200g', 'Violife Creamy Tzatziki Flavour 200g', '£2.50', '£1.25 / 100g')
('https://www.sainsburys.co.uk/shop/gb/groceries/product/details/lactose-free--/califia-almond-vanilla-milk--unsweetened-750ml', 'Califia Farms Almond Unsweetened Vanilla Drink 750ml', '£2.40', '£3.20 / ltr')
('https://www.sainsburys.co.uk/shop/gb/groceries/product/details/lactose-free--/lactofree-cream-250ml', 'Arla Lactofree Cream 250ml', '£1.30', '52p / 100ml')
('https://www.sainsburys.co.uk/shop/gb/groceries/product/details/lactose-free--/sainsburys-whole-lactose-free-milk-1l', "Sainsbury's Everyday Lactose Free Whole Dairy Drink 1l", '£1.00', '£1.00 / ltr')
('https://www.sainsburys.co.uk/shop/gb/groceries/product/details/lactose-free--/jord-oat-1l', 'Jörd Organic Oat Drink 1L', '£1.80', '£1.80 / ltr')
('https://www.sainsburys.co.uk/shop/gb/groceries/product/details/lactose-free--/philadelphia-lactose-free-150g', 'Philadelphia Lactose Free 150g', '£1.95', '£13.00 / kg')
('https://www.sainsburys.co.uk/shop/gb/groceries/product/details/lactose-free--/califia-farms-oat-barista-blend-1l', 'Califia Farms Oat Barista Blend 1L', '£2.00', '£2.00 / ltr')
('https://www.sainsburys.co.uk/shop/gb/groceries/product/details/lactose-free--/sainsburys-sweetened-soya-drink-1l', "Sainsbury's Sweetened Soya Drink 1L", '95p', '95p / ltr')
('https://www.sainsburys.co.uk/shop/gb/groceries/product/details/lactose-free--/sainsburys-everyday-lactose-free-semi-skimmed-dairy-drink-1l', "Sainsbury's Everyday Lactose Free Semi Skimmed Dairy Drink 1L", '£1.00', '£1.00 / ltr')
('https://www.sainsburys.co.uk/shop/gb/groceries/product/details/dairy-and-chilled-essentials/sainsburys-broccoli--tomato---cheese-quiche-400g', "Sainsbury's Broccoli, Tomato & Cheese Quiche 400g", '£2.00', '50p / 100g')
('https://www.sainsburys.co.uk/shop/gb/groceries/product/details/build-a-stir-fry-with-amoy/sainsburys-mini-chicken-fillets-640g', "Sainsbury's British Fresh Chicken Breast Mini Fillets 640g", '£3.40', '£5.31 / kg')
('https://www.sainsburys.co.uk/shop/gb/groceries/product/details/build-a-stir-fry-with-amoy/sainsburys-whole-chicken-breast-fillets-640g', "Sainsbury's British Fresh Chicken Breast Fillets Skinless & Boneless 640g", '£3.60', '£5.63 / kg')
('https://www.sainsburys.co.uk/shop/gb/groceries/product/details/build-a-stir-fry-with-amoy/sainsburys-chicken-thigh-fillets-640g', "Sainsbury's British Fresh Chicken Thigh Fillets Skinless & Boneless 640g", '£3.20', '£5.00 / kg')
('https://www.sainsburys.co.uk/shop/gb/groceries/product/details/build-a-stir-fry-with-amoy/sainsburys-fine-beans---tenderstem-200g', "Sainsbury's Fine Beans & Tenderstem Broccoli 200g", '£1.70', '£8.50 / kg')
('https://www.sainsburys.co.uk/shop/gb/groceries/product/details/build-a-stir-fry-with-amoy/sainsburys-green-vegetable-medley-200g', "Sainsbury's Asparagus, Sugar Snaps & Tenderstem Broccoli 200g", '£1.75', '£8.75 / kg')
('https://www.sainsburys.co.uk/shop/gb/groceries/product/details/build-a-stir-fry-with-amoy/sainsburys-mixed-peppers-x3', "Sainsbury's Mixed Peppers (Colours may vary) x3", '£1.35', '45p / ea')
('https://www.sainsburys.co.uk/shop/gb/groceries/product/details/build-a-stir-fry-with-amoy/sainsburys-rocket-chillies', "Sainsbury's Rocket Chillies", '£1.65', '£6.60 / kg')
('https://www.sainsburys.co.uk/shop/gb/groceries/product/details/build-a-stir-fry-with-amoy/sainsburys-kale-200g', "Sainsbury's Kale 200g", '80p', '£4.00 / kg')
('https://www.sainsburys.co.uk/shop/gb/groceries/product/details/build-a-stir-fry-with-amoy/sainsburys-green-pepper', "Sainsbury's Green Pepper", '45p', '45p / ea')
('https://www.sainsburys.co.uk/shop/gb/groceries/product/details/build-a-stir-fry-with-amoy/sainsburys-pak-choi-200g', "Sainsbury's Pak Choi 200g", '£1.20', '60p / 100g')
('https://www.sainsburys.co.uk/shop/gb/groceries/product/details/build-a-stir-fry-with-amoy/sainsburys-dwarf-beans-300g', "Sainsbury's Dwarf Beans 300g", '£1.40', '£4.67 / kg')
('https://www.sainsburys.co.uk/shop/gb/groceries/product/details/build-a-stir-fry-with-amoy/sainsburys-white-closed-cup-mushrooms-500g', "Sainsbury's Closed Cup White Mushrooms 500g", '£1.50', '£3.00 / kg')
('https://www.sainsburys.co.uk/shop/gb/groceries/product/details/build-a-stir-fry-with-amoy/sainsburys-shallots-400g', "Sainsbury's Shallots 400g", '£1.20', '£3.00 / kg')
('https://www.sainsburys.co.uk/shop/gb/groceries/product/details/build-a-stir-fry-with-amoy/sainsburys-large-onions-x3', "Sainsbury's Large Onions x3", '95p', '£1.58 / kg')
('https://www.sainsburys.co.uk/shop/gb/groceries/product/details/build-a-stir-fry-with-amoy/sainsburys-chestnut-baby-button-mushrooms-200g', "Sainsbury's Chestnut Baby Button Mushrooms 200g", '£1.10', '£5.50 / kg')
('https://www.sainsburys.co.uk/shop/gb/groceries/product/details/build-a-stir-fry-with-amoy/sainsburys-diced-turkey-breast-300g', "Sainsbury's Diced Turkey Breast 300g", '£2.40', '£8.00 / kg')
('https://www.sainsburys.co.uk/shop/gb/groceries/product/details/build-a-stir-fry-with-amoy/sainsburys-mixed-chillis-80g', "Sainsbury's Mixed Chillis 80g", '80p', '10p / 10g')
('https://www.sainsburys.co.uk/shop/gb/groceries/product/details/build-a-stir-fry-with-amoy/sainsburys-sweetcorn-single-cobs-2899-p-44', "Sainsbury's Sweetcorn Single Cobs", '70p', '70p / ea')
('https://www.sainsburys.co.uk/shop/gb/groceries/product/details/build-a-stir-fry-with-amoy/sainsburys-fresh-packed-mint-28g', "Sainsbury's Fresh Packed Mint 30g", '75p', '25p / 10g')
('https://www.sainsburys.co.uk/shop/gb/groceries/product/details/build-a-stir-fry-with-amoy/sainsburys-fresh-basil-28g', "Sainsbury's Fresh Packed Basil 30g", '75p', '25p / 10g')
('https://www.sainsburys.co.uk/shop/gb/groceries/product/details/build-a-stir-fry-with-amoy/sainsburys-tenderstem-broccoli-200g', "Sainsbury's Tenderstem Broccoli 200g", '£1.20', '£6.00 / kg')
('https://www.sainsburys.co.uk/shop/gb/groceries/product/details/build-a-stir-fry-with-amoy/sainsburys-red-pepper', "Sainsbury's Red Pepper", '45p', '45p / ea')
('https://www.sainsburys.co.uk/shop/gb/groceries/product/details/build-a-stir-fry-with-amoy/sainsburys-white-cabbage-loose', "Sainsbury's White Cabbage Loose", '80p / kg', '80p / kg')
('https://www.sainsburys.co.uk/shop/gb/groceries/product/details/build-a-stir-fry-with-amoy/sainsburys-broccoli-loose', "Sainsbury's Broccoli Loose", '£1.60 / kg', '£1.60 / kg')
('https://www.sainsburys.co.uk/shop/gb/groceries/product/details/build-a-stir-fry-with-amoy/sainsburys-runner-beans-225g', "Sainsbury's Runner Beans 225g", '£1.25', '£5.56 / kg')
('https://www.sainsburys.co.uk/shop/gb/groceries/product/details/build-a-stir-fry-with-amoy/sainsburys-green-chillies-60g', "Sainsbury's Green Chillies 60g", '65p', '11p / 10g')
('https://www.sainsburys.co.uk/shop/gb/groceries/product/details/build-a-stir-fry-with-amoy/amoy-reduced-fat-coconut-milk-400g', 'Amoy Reduced Fat Coconut Milk 400g', '£1.80', '45p / 100ml')
('https://www.sainsburys.co.uk/shop/gb/groceries/product/details/build-a-stir-fry-with-amoy/sainsburys-diced-beef-400g', "Sainsbury's Diced Beef Shin 400g", '£2.65', '£6.63 / kg')
('https://www.sainsburys.co.uk/shop/gb/groceries/product/details/build-a-stir-fry-with-amoy/amoy-straight-to-wok-udon-thick-noodles-2x150g', 'Amoy Straight to Wok Udon Thick Noodles 2x150g', '£1.50', '50p / 100g')
('https://www.sainsburys.co.uk/shop/gb/groceries/product/details/build-a-stir-fry-with-amoy/amoy-stir-fry-sauce-chow-mein-120g', 'Amoy Stir Fry Sauce Chow Mein 120g', '£1.00', '83p / 100g')
('https://www.sainsburys.co.uk/shop/gb/groceries/product/details/build-a-stir-fry-with-amoy/amoy-straight-to-wok-medium-noodles-2x150g', 'Amoy Straight to Wok Medium Noodles 2x150g', '£1.50', '£5.00 / kg')
('https://www.sainsburys.co.uk/shop/gb/groceries/product/details/build-a-stir-fry-with-amoy/sainsburys-skinless---boneless-haddock-fillets-260g', "Sainsbury's Skinless & Boneless Haddock Fillets 260g", '£4.25', '£16.35 / kg')
('https://www.sainsburys.co.uk/shop/gb/groceries/product/details/build-a-stir-fry-with-amoy/sainsburys-ginger-paste-80g', "Sainsbury's Ginger Paste 80g", '£1.45', '£1.81 / 100g')
('https://www.sainsburys.co.uk/shop/gb/groceries/product/details/build-a-stir-fry-with-amoy/sainsburys-responsibly-sourced-scottish-salmon-fillet-x2-240g', "Sainsbury's Responsibly Sourced Scottish Salmon Fillets x2 240g", '£3.25', '£13.54 / kg')
('https://www.sainsburys.co.uk/shop/gb/groceries/product/details/build-a-stir-fry-with-amoy/sainsburys-carrots-1kg', "Sainsbury's Carrots 1kg", '41p', '41p / kg')
('https://www.sainsburys.co.uk/shop/gb/groceries/product/details/build-a-stir-fry-with-amoy/sainsburys-fresh-lemongrass-sticks-x2', "Sainsbury's Fresh Packed Lemongrass Sticks x2", '75p', '38p / ea')
('https://www.sainsburys.co.uk/shop/gb/groceries/product/details/build-a-stir-fry-with-amoy/sainsburys-limes', "Sainsbury's Limes", '19p', '19p / ea')
('https://www.sainsburys.co.uk/shop/gb/groceries/product/details/build-a-stir-fry-with-amoy/sainsburys-spring-onions-bunch-100g', "Sainsbury's Spring Onions Bunch 100g", '37p', '37p / ea')
('https://www.sainsburys.co.uk/shop/gb/groceries/product/details/build-a-stir-fry-with-amoy/sainsburys-orange-pepper', "Sainsbury's Orange Pepper", '45p', '45p / ea')
('https://www.sainsburys.co.uk/shop/gb/groceries/product/details/build-a-stir-fry-with-amoy/sainsburys-stringless-beans-225g', "Sainsbury's Stringless Beans 225g", '£1.00', '£4.45 / kg')
('https://www.sainsburys.co.uk/shop/gb/groceries/product/details/build-a-stir-fry-with-amoy/sainsburys-sugar-snap-peas-200g', "Sainsbury's Sugar Snap Peas 200g", '£1.10', '£5.50 / kg')
('https://www.sainsburys.co.uk/shop/gb/groceries/product/details/build-a-stir-fry-with-amoy/sainsburys-trimmed-mange-tout-200g', "Sainsbury's Trimmed Mange Tout 200g", '£1.35', '£6.75 / kg')
('https://www.sainsburys.co.uk/shop/gb/groceries/product/details/vegan-food/nakd-salted-caramel-fruit---nut-nibbles-40g-7745561-p', 'Nakd Salted Caramel Fruit & Nut Nibbles 40g', '75p', '£1.88 / 100g')
('https://www.sainsburys.co.uk/shop/gb/groceries/product/details/vegan-food/sainsburys-meat-free-burgers-x8-454g', 'Plant Pioneers Meat Free Burgers x8 454g', '£1.75', '£3.85 / kg')
('https://www.sainsburys.co.uk/shop/gb/groceries/product/details/vegan-food/kettle-mixed-vegetable-chips-125g', 'Kettle Veg Chips Lightly Salted Sharing Crisps 125g', '£2.50', '£2.00 / 100g')
('https://www.sainsburys.co.uk/shop/gb/groceries/product/details/vegan-food/metcalfes-sweet-n-salt-popcorn-6x17g', "Metcalfe's Sweet & Salt Popcorn Multipack 6x17g", '£1.25', '£1.22 / 100g')
('https://www.sainsburys.co.uk/shop/gb/groceries/product/details/vegan-food/sweet-freedom-choc-shot-320g', 'Sweet Freedom Choc Shot Sauce 320g', '£3.50', '£1.09 / 100g')
('https://www.sainsburys.co.uk/shop/gb/groceries/product/details/vegan-food/trek-cocoa-oat-protein-flapjack-50g-7648347-p', 'TREK Cocoa Oat Protein Flapjack 50g', '90p', '£1.80 / 100g')
('https://www.sainsburys.co.uk/shop/gb/groceries/product/details/vegan-food/blue-dragon-plum-sauce-190ml-7644637-p', 'Blue Dragon Plum Sauce 190ml', '£1.50', '79p / 100ml')
('https://www.sainsburys.co.uk/shop/gb/groceries/product/details/vegan-food/mediterranean-falafel-300g', 'Mediterranean Falafel 300g', '£2.00', '66p / 100g')
('https://www.sainsburys.co.uk/shop/gb/groceries/product/details/vegan-food/cauldron-marinated-tofu-pieces-160g', 'Cauldron Vegan Marinated Tofu Pieces 160g', '£2.50', '£15.63 / kg')
('https://www.sainsburys.co.uk/shop/gb/groceries/product/details/vegan-food/sainsburys-apple---blackcurrant-pies-x6-355g', "Sainsbury's Apple & Blackcurrant Pies x6 355g", '81p', '14p / ea')
('https://www.sainsburys.co.uk/shop/gb/groceries/product/details/vegan-food/kettle-chips-sea-salt---balsamic-vinegar-40g', 'Kettle Chips Sea Salt & Balsamic Vinegar Crisps 40g', '90p', '£2.25 / 100g')
('https://www.sainsburys.co.uk/shop/gb/groceries/product/details/vegan-food/kettle-chips-sea-salt---balsamic-vinegar-150g', 'Kettle Chips Sea Salt & Balsamic Vinegar of Modena Sharing Crisps 150g', '£1.00', '67p / 100g')
('https://www.sainsburys.co.uk/shop/gb/groceries/product/details/vegan-food/sainsburys-creamy-vegetable-soup-600g', "Sainsbury's Chunky Vegetable Soup 600g", '£1.30', '22p / 100g')
('https://www.sainsburys.co.uk/shop/gb/groceries/product/details/vegan-food/tiptree-raspberry-jam--seedless---extra-fruit-340g', 'Tiptree Raspberry Jam, Seedless - Extra Fruit 340g', '£2.30', '68p / 100g')
('https://www.sainsburys.co.uk/shop/gb/groceries/product/details/vegan-food/tabasco-pepper-sauce-57ml', 'Tabasco Original Red Pepper Sauce 57ml', '£2.10', '£3.68 / 100ml')
('https://www.sainsburys.co.uk/shop/gb/groceries/product/details/vegan-food/richmond-thick-frozen-meat-free-sausages-320g', 'Richmond Thick Frozen Meat Free Vegan Sausages x8 320g', '£2.00', '£6.25 / kg')
('https://www.sainsburys.co.uk/shop/gb/groceries/product/details/vegan-food/richmond-frozen-meat-free-burgers-x4-280g', 'Richmond Frozen Meat Free Vegan Burgers x4 280g', '£2.50', '£8.92 / kg')
('https://www.sainsburys.co.uk/shop/gb/groceries/product/details/vegan-food/vitalite-dairy-free-cheese-slices-200g', 'Vitalite Dairy Free Cheese Slices 200g', '£2.50', '£12.50 / kg')
('https://www.sainsburys.co.uk/shop/gb/groceries/product/details/vegan-food/be-greencuisine-vgn-4-chicken-pies-620g', 'Birds Eye Green Cuisine Meat-Free Chicken Pies x4 620g', '£3.00', '£4.84 / kg')
('https://www.sainsburys.co.uk/shop/gb/groceries/product/details/vegan-food/gü-free-from-salted-caramel-cheesecakes-desserts-2x83g', 'Gü Free From Salted Caramel Cheesecake Vegan & Gluten Free Desserts 2x83g', '£3.50', '£2.11 / 100g')
('https://www.sainsburys.co.uk/shop/gb/groceries/product/details/vegan-food/sacla-vegan-salad-cream-230ml', "Sacla' Vegan Salad Cream 230ml", '£2.00', '87p / 100ml')
('https://www.sainsburys.co.uk/shop/gb/groceries/product/details/vegan-food/love-corn-salt-vinegar-45g', 'Love Corn Salt & Vinegar Crunchy Corn Snack 45g', '£1.00', '£2.22 / 100g')
('https://www.sainsburys.co.uk/shop/gb/groceries/product/details/vegan-food/be-6-green-cuisine-meatfree-sausage-300g', 'Birds Eye Green Cuisine Succulent Meat-Free Sausages 300g', '£1.50', '£5.00 / kg')
('https://www.sainsburys.co.uk/shop/gb/groceries/product/details/vegan-food/be-2-green-cuisine-meatfree-burgers-200g', 'Birds Eye Green Cuisine Meat-Free Burgers x2 200g', '£1.50', '£7.50 / kg')
('https://www.sainsburys.co.uk/shop/gb/groceries/product/details/vegan-food/plant-pioneer-fishless-fingers-210g', 'Plant Pioneer Fishless Fingers 210g', '£2.75', '£13.10 / kg')
('https://www.sainsburys.co.uk/shop/gb/groceries/product/details/vegan-food/naked-glory-quarter-pounders-x2-227g', 'Naked Glory Meat Free Vegan Burgers X2 227g', '£2.75', '£12.11 / kg')
('https://www.sainsburys.co.uk/shop/gb/groceries/product/details/vegan-food/vitalite-500g', 'Vitalite Dairy Free Spread 500g', '£1.40', '£2.80 / kg')
('https://www.sainsburys.co.uk/shop/gb/groceries/product/details/vegan-food/blue-dragon-teriyaki-stir-fry-sauce-120g', 'Blue Dragon Teriyaki Stir Fry Sauce 120g', '70p', '58p / 100g')
('https://www.sainsburys.co.uk/shop/gb/groceries/product/details/vegan-food/sainsburys-madras-cooking-sauce-500g', "Sainsbury's Madras Sauce 500g", '80p', '16p / 100g')
('https://www.sainsburys.co.uk/shop/gb/groceries/product/details/vegan-food/metcalfes-sweet---salty-popcorn-25g', "Metcalfe's Skinny Popcorn Sweet & Salt 20g", '90p', '£4.50 / 100g')
('https://www.sainsburys.co.uk/shop/gb/groceries/product/details/vegan-food/kettle-chips-sea-salt---cracked-black-pepper-150g', 'Kettle Chips Sea Salt & Crushed Black Peppercorns Sharing Crisps 150g', '£1.00', '67p / 100g')
('https://www.sainsburys.co.uk/shop/gb/groceries/product/details/vegan-food/nakd-pecan-pie-fruit---nut-bar-35g-7507220-p', 'Nakd Pecan Pie Fruit & Nut Bar 35g', '75p', '£2.14 / 100g')
('https://www.sainsburys.co.uk/shop/gb/groceries/product/details/vegan-food/sainsburys-tomato---basil-soup-600g', "Sainsbury's Tomato & Basil Soup 600g", '£1.30', '22p / 100g')
('https://www.sainsburys.co.uk/shop/gb/groceries/product/details/vegan-food/tiptree-black-cherry-conserve-340g', 'Tiptree Black Cherry Conserve 340g', '£2.30', '68p / 100g')
('https://www.sainsburys.co.uk/shop/gb/groceries/product/details/vegan-food/marmite-250g', 'Marmite Yeast Extract Spread 250g', '£2.69', '£1.08 / 100g')
('https://www.sainsburys.co.uk/shop/gb/groceries/product/details/vegan-food/pure-dairy-free-vegan-slightly-salted-baking-block-250g', 'Pure Dairy Free Vegan Slightly Salted Block 250g', '£1.30', '£5.20 / kg')
('https://www.sainsburys.co.uk/shop/gb/groceries/product/details/vegan-food/oatly-the-orginal-oatgurt-strawberry-400g', 'Oatly The Orginal Oatgurt Strawberry 400g', '£2.00', '50p / 100g')
('https://www.sainsburys.co.uk/shop/gb/groceries/product/details/vegan-food/rhythm-108-chocolate-peanut-butter-soft-baked-filled-cookie-50g', 'Rhythm 108 Swiss Chocolate Peanut Butter Soft Baked Filled Cookies 50g', '£1.40', '£2.80 / 100g')
('https://www.sainsburys.co.uk/shop/gb/groceries/product/details/vegan-food/white-rabbit-the-vegan-arrabbiata-pizza-370g', 'White Rabbit The Vegan Arrabbiata Pizza 370g', '£3.75', '£10.57 / kg')
('https://www.sainsburys.co.uk/shop/gb/groceries/product/details/vegan-food/sainsburys-not-zarella-sticks-x8-160g', "Sainsbury's Not Zarella Sticks x8 160g", '£2.50', '£15.63 / kg')
('https://www.sainsburys.co.uk/shop/gb/groceries/product/details/vegan-food/plant-pioneer-s-s-tofu-fried-rice-400g', 'Plant Pioneers Vegan No Chicken Sweet & Sour with Tofu Fried Rice 400g (Serves 1)', '£2.75', '£6.88 / kg')
('https://www.sainsburys.co.uk/shop/gb/groceries/product/details/vegan-food/sainsburys-sri-lankan-style-vegetable-curry-380g', 'Global Eats Sri Lankan Style Vegetable Curry 380g (Serves 1)', '£3.00', '£7.89 / kg')
('https://www.sainsburys.co.uk/shop/gb/groceries/product/details/vegan-food/lyv!-sweet-potato-spinach-curry-400g', "Sainsbury's Love Your Veg! Vegan Sweet Potato Curry with Rice 400g", '£2.00', '£5.00 / kg')
('https://www.sainsburys.co.uk/shop/gb/groceries/product/details/sandwich-fillers/sainsburys-tuna---sweetcorn-deli-filler-230g', "Sainsbury's Tuna & Sweetcorn Deli Filler 220g", '£1.55', '70p / 100g')
('https://www.sainsburys.co.uk/shop/gb/groceries/product/details/sandwich-fillers/sainsburys-chicken-tikka-deli-filler-230g', "Sainsbury's Chicken Tikka Deli Filler 230g", '£1.50', '68p / 100g')
('https://www.sainsburys.co.uk/shop/gb/groceries/product/details/cooked-meats-deli-and-dips-special-offers/sainsburys-chicken-creamy-basil-pasta-225g', "Sainsbury's On the Go Creamy Basil & Chicken Pasta 225g", '£1.80', '80p / 100g')
('https://www.sainsburys.co.uk/shop/gb/groceries/product/details/cooked-meats-deli-and-dips-special-offers/peperami-single-hot-225g', 'Peperami Single Hot 22.5g', '60p', '£2.66 / 100g')
('https://www.sainsburys.co.uk/shop/gb/groceries/product/details/cooked-meats-deli-and-dips-special-offers/sainsburys-mild-smoked-salmon-200g', "Sainsbury's Scottish Smoked Salmon 200g", '£5.00', '£2.50 / 100g')
('https://www.sainsburys.co.uk/shop/gb/groceries/product/details/cooked-meats-deli-and-dips-special-offers/sainsburys-firecracker-chicken-mini-fillet-120g', "Sainsbury's Firecracker Chicken Breast Mini Fillets 120g", '£1.50', '£1.25 / 100g')
('https://www.sainsburys.co.uk/shop/gb/groceries/product/details/cooked-meats-deli-and-dips-special-offers/sainsburys-trio-of-olives-60g', "Sainsbury's Trio Of Olives 60g", '£1.00', '£1.67 / 100g')
('https://www.sainsburys.co.uk/shop/gb/groceries/product/details/cooked-meats-deli-and-dips-special-offers/great-food-sweet-potato-pakora-300g', 'Great Food Sweet Potato Pakora 300g', '£2.00', '66p / 100g')
('https://www.sainsburys.co.uk/shop/gb/groceries/product/details/cooked-meats-deli-and-dips-special-offers/sainsburys-sour-cream---chive-dip-230g', "Sainsbury's Soured Cream & Chive Dip 200g", '£1.00', '50p / 100g')
('https://www.sainsburys.co.uk/shop/gb/groceries/product/details/cooked-meats-deli-and-dips-special-offers/sainsburys-breaded-wiltshire-cured-ham--taste-the-difference-120g', "Sainsbury's British Breaded Wiltshire Cured Ham, Taste the Difference 120g", '£2.00', '£1.67 / 100g')
('https://www.sainsburys.co.uk/shop/gb/groceries/product/details/cooked-meats-deli-and-dips-special-offers/yarden-guacamole-dip-195g', 'Yarden Guacamole Dip 195g', '£2.25', '£1.15 / 100g')
('https://www.sainsburys.co.uk/shop/gb/groceries/product/details/cooked-meats-deli-and-dips-special-offers/great-food-potato-latkes-300g', "Mr Freed's Potato Latkes 300g", '£2.80', '93p / 100g')
('https://www.sainsburys.co.uk/shop/gb/groceries/product/details/cooked-meats-deli-and-dips-special-offers/sainsburys-cheese---tomato-pasta-300g', "Sainsbury's Cheese & Tomato Pasta Salad 300g", '£2.00', '67p / 100g')
('https://www.sainsburys.co.uk/shop/gb/groceries/product/details/cooked-meats-deli-and-dips-special-offers/sainsburys-tuna---sweetcorn-pasta-300g', "Sainsbury's Tuna & Sweetcorn Pasta Salad 300g", '£2.00', '67p / 100g')
('https://www.sainsburys.co.uk/shop/gb/groceries/product/details/cooked-meats-deli-and-dips-special-offers/sainsburys-roasted-mushroom-pate-100g', "Sainsbury's Roasted Mushroom Pate 100g", '£1.20', '£1.20 / 100g')
('https://www.sainsburys.co.uk/shop/gb/groceries/product/details/cooked-meats-deli-and-dips-special-offers/sainsburys-butternut-squash-pate-100g', "Sainsbury's Butternut Squash Pate 100g", '£1.20', '£1.20 / 100g')
('https://www.sainsburys.co.uk/shop/gb/groceries/product/details/cooked-meats-deli-and-dips-special-offers/peperami-jerky-original-50g', 'Peperami Jerky Original 50g', '£1.50', '£3.00 / 100g')
('https://www.sainsburys.co.uk/shop/gb/groceries/product/details/cooked-meats-deli-and-dips-special-offers/prime-cut-chicken-salami-110g', 'Prime Cut Chicken Salami 110g', '£2.50', '£2.27 / 100g')
('https://www.sainsburys.co.uk/shop/gb/groceries/product/details/cooked-meats-deli-and-dips-special-offers/prime-cut-beef-viennas-340g', 'Prime Cut Beef Viennas 340g', '£4.15', '£1.22 / 100g')
('https://www.sainsburys.co.uk/shop/gb/groceries/product/details/cooked-meats-deli-and-dips-special-offers/pick-hot-snack-sized-sausage-100g', 'Pick Hot Snack Sized Sausage 100g', '£1.35', '£1.35 / 100g')
('https://www.sainsburys.co.uk/shop/gb/groceries/product/details/cooked-meats-deli-and-dips-special-offers/sainsburys-honey-roast-ham-150g', 'Deli Express British Honey Roast Ham 150g', '£2.25', '£1.50 / 100g')
('https://www.sainsburys.co.uk/shop/gb/groceries/product/details/cooked-meats-deli-and-dips-special-offers/spar-deli-filler-egg-mayonnaise-230g', 'SPAR Deli Filler Egg & Mayonnaise 230g', '£1.75', '76p / 100g')
('https://www.sainsburys.co.uk/shop/gb/groceries/product/details/cooked-meats-deli-and-dips-special-offers/sainsburys-butter-roast-chicken-150g', 'Deli Express Butter Roast Chicken 150g', '£2.25', '£1.50 / 100g')
('https://www.sainsburys.co.uk/shop/gb/groceries/product/details/cooked-meats-deli-and-dips-special-offers/prime-cut-salt-beef-110g', 'Prime Cut Salt Beef 110g', '£3.50', '£3.19 / 100g')
('https://www.sainsburys.co.uk/shop/gb/groceries/product/details/cooked-meats-deli-and-dips-special-offers/sainsburys-smoked-salmon-organic-100g', "Sainsbury's Scottish Smoked Salmon, So Organic 100g", '£4.75', '£4.75 / 100g')
('https://www.sainsburys.co.uk/shop/gb/groceries/product/details/cooked-meats-deli-and-dips-special-offers/sainsburys-chorizo-ring-mild-225g', "Sainsbury's Chorizo Ring Mild 225g", '£2.00', '89p / 100g')
('https://www.sainsburys.co.uk/shop/gb/groceries/product/details/cooked-meats-deli-and-dips-special-offers/peperami-original-minis-10-x-10g', 'Peperami Original Minis 10 x 10g', '£2.00', '£2.00 / 100g')
('https://www.sainsburys.co.uk/shop/gb/groceries/product/details/cooked-meats-deli-and-dips-special-offers/sainsburys-roast-whole-cooked-chicken-approx-1kg-', "Sainsbury's Roast Whole Cooked Chicken (approx. 1kg)", '£4.50', '45p / 100g')
('https://www.sainsburys.co.uk/shop/gb/groceries/product/details/cooked-meats-deli-and-dips-special-offers/elsinore-herring-in-dill-marinade-275g', 'Elsinore Herring in Dill Marinade 275g', '£2.00', '73p / 100g')
('https://www.sainsburys.co.uk/shop/gb/groceries/product/details/cooked-meats-deli-and-dips-special-offers/wild-smoked-sockeye-salmon-100g', 'Wild Fish Discovery Sockeye Salmon 100g', '£5.75', '£5.75 / 100g')
('https://www.sainsburys.co.uk/shop/gb/groceries/product/details/cooked-meats-deli-and-dips-special-offers/yarden-houmous-deluxe-400g', 'Yarden Houmous Deluxe 400g', '£2.50', '62p / 100g')
('https://www.sainsburys.co.uk/shop/gb/groceries/product/details/cooked-meats-deli-and-dips-special-offers/sainsburys-coleslaw--taste-the-difference-635g', "Sainsbury's Coleslaw, Taste the Difference 600g", '£1.60', '27p / 100g')
('https://www.sainsburys.co.uk/shop/gb/groceries/product/details/all-meatfree/deliciously-ella-yellow-thai-curry-275g', 'Deliciously Ella Yellow Thai Curry 275g', '£3.00', '£10.91 / kg')
('https://www.sainsburys.co.uk/shop/gb/groceries/product/details/all-meatfree/naked-glory-roast-tenderstrips-240g', 'Naked Glory Vegan Chicken-Style Roast Tenderstrips 240g', '£3.50', '£14.58 / kg')
('https://www.sainsburys.co.uk/shop/gb/groceries/product/details/all-meatfree/vivera-chicken-fillets-180g', 'Vivera Plant Chicken Tenders 210g', '£3.00', '£16.67 / kg')
('https://www.sainsburys.co.uk/shop/gb/groceries/product/details/all-meatfree/higgidy-roasted-tomato-and-pesto-quiche-400g', 'Higgidy Roasted Tomato and Pesto Quiche 400g', '£4.00', '£1.00 / 100g')
('https://www.sainsburys.co.uk/shop/gb/groceries/product/details/all-meatfree/rubies-in-the-rubble-plantbased-mayo-240g', 'Rubies in the Rubble Plant Based Mayo 240g', '£3.00', '£1.25 / 100g')
('https://www.sainsburys.co.uk/shop/gb/groceries/product/details/all-meatfree/quorn-vegetarian-chicken-slices-170g', 'Quorn Vegetarian Chicken Slices 170g', '£2.60', '£15.29 / kg')
('https://www.sainsburys.co.uk/shop/gb/groceries/product/details/all-meatfree/amys-kitchen-gluten-free-vegan-mexican-burrito-bean-rice-156g', "Amy's Kitchen Gluten Free Vegan Mexican Burrito Bean & Rice 156g", '£2.00', '£12.82 / kg')
('https://www.sainsburys.co.uk/shop/gb/groceries/product/details/all-meatfree/heck-6-vegan-breakfast-plant-based-sausages-255g', 'Heck 6 Vegan Breakfast Plant Based Sausages 255g', '£1.75', '£6.86 / kg')
('https://www.sainsburys.co.uk/shop/gb/groceries/product/details/meatandfish-essentials/sainsburys-breaded-yorkshire-ham--taste-the-difference-120g-7732081-p-44', "Sainsbury's Breaded Yorkshire Ham, Taste the Difference 120g", '£2.75', '£2.29 / 100g')
('https://www.sainsburys.co.uk/shop/gb/groceries/product/details/meatandfish-essentials/sainsburys-parma-ham-aged-16-months-80g', "Sainsbury's Italian Parma Ham Slices x6 80g", '£2.25', '£2.81 / 100g')
('https://www.sainsburys.co.uk/shop/gb/groceries/product/details/meatandfish-essentials/sainsburys-breaded-ham-240g', "Sainsbury's British Breaded Ham 240g, x14 Slices", '£2.25', '94p / 100g')
('https://www.sainsburys.co.uk/shop/gb/groceries/product/details/meatandfish-essentials/sainsburys-british-pork-shoulder-steaks-x6-840g', "Sainsbury's British Pork Shoulder Steaks x6 900g", '£4.25', '£4.72 / kg')
('https://www.sainsburys.co.uk/shop/gb/groceries/product/details/meatandfish-essentials/sainsburys-air-dried-lean-ham-finely-sliced--taste-the-difference-120g', "Sainsbury's Air Dried Finely Sliced Lean Ham, Taste the Difference 120g", '£2.00', '£1.67 / 100g')
('https://www.sainsburys.co.uk/shop/gb/groceries/product/details/mfp-dine-in/sainsburys-21-day-matured-ribeye-steak-225g', "Sainsbury's 21 Day Matured Ribeye Steak 225g", '£4.00', '£17.78 / kg')
('https://www.sainsburys.co.uk/shop/gb/groceries/product/details/mfp-dine-in/sainsburys-just-cook-beef-steak-peppercorn-370g', "Sainsbury's Just Cook Beef Steak with Peppercorns 370g (Serves 2)", '£4.00', '£10.81 / kg')
('https://www.sainsburys.co.uk/shop/gb/groceries/product/details/mfp-dine-in/mcguigan-shortlist-shiraz-75cl', 'McGuigan Shortlist Shiraz 75cl', '£15.00', '£15.00 / 75cl')
('https://www.sainsburys.co.uk/shop/gb/groceries/product/details/mfp-dine-in/sainsburys-watercress--spinach---rocket-80g', "Sainsbury's Spinach, Watercress & Rocket Salad 80g", '£1.30', '£1.63 / 100g')
('https://www.sainsburys.co.uk/shop/gb/groceries/product/details/mfp-dine-in/sainsburys-steak-burgers--taste-the-difference-x4-680g', "Sainsbury's Beef Burgers, Taste the Difference x4 680g", '£4.00', '£5.88 / kg')
('https://www.sainsburys.co.uk/shop/gb/groceries/product/details/mfp-dine-in/sainsburys-duck-breast-fillets-340g', "Sainsbury's Duck Breast Fillets 340g", '£8.45', '£24.85 / kg')
('https://www.sainsburys.co.uk/shop/gb/groceries/product/details/mfp-dine-in/sainsburys-tender-green-medley-175g', "Sainsbury's Tender Green Medley 160g", '£1.50', '£9.38 / kg')
('https://www.sainsburys.co.uk/shop/gb/groceries/product/details/mfp-dine-in/sainsburys-scottish-mussels-in-white-wine-500g', "Sainsbury's Scottish Mussels In White Wine 500g (Serves 2)", '£2.25', '£4.50 / kg')
('https://www.sainsburys.co.uk/shop/gb/groceries/product/details/mfp-dine-in/sainsburys-mashed-potato-400g', "Sainsbury's Mashed Potato 400g", '£1.00', '£2.50 / kg')
('https://www.sainsburys.co.uk/shop/gb/groceries/product/details/mfp-dine-in/sainsburys-goats-cheese--taste-the-difference-120g', "Sainsbury's Goats' Cheese, Taste the Difference 120g", '£1.70', '£14.17 / kg')
('https://www.sainsburys.co.uk/shop/gb/groceries/product/details/mfp-dine-in/innocent-tropical-blend-juice-900ml', 'Innocent Tropical Juice 900ml', '£2.50', '28p / 100ml')
('https://www.sainsburys.co.uk/shop/gb/groceries/product/details/mfp-dine-in/innocent-smooth-orange-juice-900ml', 'Innocent Orange Juice Smooth 900ml', '£2.50', '28p / 100ml')
('https://www.sainsburys.co.uk/shop/gb/groceries/product/details/mfp-dine-in/sainsburys-stilton--taste-the-difference-210g', "Sainsbury's Stilton Cheese, Taste the Difference 210g", '£2.30', '£10.95 / kg')
('https://www.sainsburys.co.uk/shop/gb/groceries/product/details/mfp-dine-in/castello-blue-150g', 'Castello Blue Cheese 150g', '£2.00', '£13.33 / kg')
('https://www.sainsburys.co.uk/shop/gb/groceries/product/details/mfp-dine-in/yalumba-y-series-viognier-75cl', 'Yalumba Y Series Viognier 75cl', '£8.50', '£8.50 / 75cl')
('https://www.sainsburys.co.uk/shop/gb/groceries/product/details/mfp-dine-in/sainsburys-slow-cooked-british-beef-bourguignon-1kg', "Sainsbury's Slow Cooked British Beef Bourguignon 1kg (Serves 4)", '£9.75', '£9.75 / kg')
('https://www.sainsburys.co.uk/shop/gb/groceries/product/details/mfp-dine-in/the-jolly-hog-jolly-good-roast-black-treacle-cured-gammon-joint-750g-11kg-approx925g-', 'The Jolly Hog Black Treacle Gammon Joint', '£8.00 / kg', '£8.00 / kg')
('https://www.sainsburys.co.uk/shop/gb/groceries/product/details/mfp-dine-in/gü-sumptuous-salted-caramel-cheesecakes-2-x-92g', 'Gü Salted Caramel Cheesecake Desserts 2x92g', '£2.00', '£1.08 / 100g')
('https://www.sainsburys.co.uk/shop/gb/groceries/product/details/mfp-dine-in/sainsburys-lamb-rump-steaks-300g', "Sainsbury's Lamb Rump Steaks 300g", '£3.75', '£12.50 / kg')
('https://www.sainsburys.co.uk/shop/gb/groceries/product/details/mfp-dine-in/sainsburys-21-day-matured-northern-irish-thin-cut-sirloin-steak-155g', "Sainsbury's 21 Day Matured Northern Irish Thin Cut Sirloin Steak 155g", '£2.50', '£16.13 / kg')
('https://www.sainsburys.co.uk/shop/gb/groceries/product/details/mfp-dine-in/sainsburys-30-day-matured-fillet-steak-taste-the-difference-170g', "Sainsbury's 30 Day Matured Beef Fillet Steak, Taste the Difference 170g", '£5.65', '£33.24 / kg')
('https://www.sainsburys.co.uk/shop/gb/groceries/product/details/mfp-dine-in/sainsburys-21-day-matured-northern-irish-ribeye-steak-225g', "Sainsbury's 21 Day Matured Northern Irish Ribeye Steak 225g", '£4.00', '£17.78 / kg')
('https://www.sainsburys.co.uk/shop/gb/groceries/product/details/mfp-dine-in/beefsteak-club-shiraz-75cl', 'Beefsteak Club Shiraz 75cl', '£8.00', '£8.00 / 75cl')
('https://www.sainsburys.co.uk/shop/gb/groceries/product/details/mfp-dine-in/gressingham-chinese-duck-pancakes-x12-115g', 'Gressingham Chinese Duck Pancakes x12 115g', '£1.10', '£9.57 / kg')
('https://www.sainsburys.co.uk/shop/gb/groceries/product/details/mfp-dine-in/sainsburys-bone-in-ribeye-steak--taste-the-difference', "Sainsbury's 30 day Matured Bone in British Beef Ribeye Steak, Taste the Difference (approx.800g)", '£22.00 / kg', '£2.20 / 100g')
('https://www.sainsburys.co.uk/shop/gb/groceries/product/details/mfp-dine-in/gu-zesty-spanish-lemon-cheesecakes-2x79g', 'Gü Spanish Lemon Cheesecake Desserts 2x90g', '£2.00', '£1.11 / 100g')
('https://www.sainsburys.co.uk/shop/gb/groceries/product/details/mfp-dine-in/sainsburys-slow-cook-smokey-bbq-pork-ribs-676g', "Sainsbury's Slow Cooked British Pork Ribs Smokey BBQ Sauce 676g (Serves 2)", '£4.50', '£6.66 / kg')
('https://www.sainsburys.co.uk/shop/gb/groceries/product/details/mfp-dine-in/sainsburys-sirloin-steak--taste-the-difference-225g-7809846-p-44', "Sainsbury's 30 Day Matured Sirloin Steak, Taste the Difference 225g", '£4.50', '£20.00 / kg')
('https://www.sainsburys.co.uk/shop/gb/groceries/product/details/mfp-dine-in/sainsburys-ready-to-roast-sweet-potato-chips-340g', "Sainsbury's Sweet Potato Fries with Polenta & Herbs 340g", '£1.50', '£4.41 / kg')
('https://www.sainsburys.co.uk/shop/gb/groceries/product/details/mfp-dine-in/sainsburys-new-york-cheesecake--taste-the-difference-700g', "Sainsbury's New York Cheesecake Dessert, Taste the Difference 650g", '£4.75', '73p / 100g')
('https://www.sainsburys.co.uk/shop/gb/groceries/product/details/mfp-dine-in/president-brie-200g', 'President Brie Cheese 200g', '£1.50', '£7.50 / kg')
('https://www.sainsburys.co.uk/shop/gb/groceries/product/details/mfp-dine-in/sainsburys-broccoli---cauliflower-florets-240g', "Sainsbury's Broccoli & Cauliflower Florets 240g", '£1.00', '£4.17 / kg')
('https://www.sainsburys.co.uk/shop/gb/groceries/product/details/mfp-dine-in/sainsburys-ardennes-pâté-170g', "Sainsbury's Ardennes Pâté 170g", '£1.00', '59p / 100g')
('https://www.sainsburys.co.uk/shop/gb/groceries/product/details/mfp-dine-in/sainsburys-midi-plum-sundream-tomatoes--taste-the-difference-225g', "Sainsbury's Plum Sundream Tomatoes, Taste the Difference 250g", '£1.65', '£6.60 / kg')
('https://www.sainsburys.co.uk/shop/gb/groceries/product/details/mfp-dine-in/sainsburys-spanish-manchego--taste-the-difference-170g', "Sainsbury's Spanish Manchego Cheese, Taste the Difference 170g", '£3.00', '£17.65 / kg')
('https://www.sainsburys.co.uk/shop/gb/groceries/product/details/eat-the-rainbow/sainsburys-papaya-x2', "Sainsbury's Papaya x2", '£2.50', '£1.25 / ea')
('https://www.sainsburys.co.uk/shop/gb/groceries/product/details/eat-the-rainbow/sainsburys-iceberg-lettuce', "Sainsbury's Iceberg Lettuce", '43p', '43p / ea')
('https://www.sainsburys.co.uk/shop/gb/groceries/product/details/eat-the-rainbow/sainsburys-carrot-batons-400g', "Sainsbury's Carrot Batons 400g", '£1.00', '£2.50 / kg')
('https://www.sainsburys.co.uk/shop/gb/groceries/product/details/eat-the-rainbow/sainsburys-oranges-large-x4', "Sainsbury's Oranges Large x4", '£1.85', '46p / ea')
('https://www.sainsburys.co.uk/shop/gb/groceries/product/details/eat-the-rainbow/sainsburys-tree-ripened-papaya', "Sainsbury's Tree Ripened Papaya", '£1.50', '£1.50 / ea')
('https://www.sainsburys.co.uk/shop/gb/groceries/product/details/eat-the-rainbow/sainsburys-fresh-packed-mint-28g', "Sainsbury's Fresh Packed Mint 30g", '75p', '25p / 10g')
('https://www.sainsburys.co.uk/shop/gb/groceries/product/details/fruit-vegetables-build-a-salad/sainsburys-shaved-parmesan-80g', "Sainsbury's Shaved Parmesan Cheese 80g", '£1.70', '£21.25 / kg')
('https://www.sainsburys.co.uk/shop/gb/groceries/product/details/fruit-vegetables-build-a-salad/sainsburys-walnuts--pieces-200g', "Sainsbury's Walnuts, Pieces 200g", '£2.75', '£1.38 / 100g')
('https://www.sainsburys.co.uk/shop/gb/groceries/product/details/fruit-vegetables-build-a-salad/sainsburys-pea-shoot-babyleaf-salad-80g', "Sainsbury's Pea Shoot & Babyleaf Salad 80g", '£1.25', '£1.56 / 100g')
('https://www.sainsburys.co.uk/shop/gb/groceries/product/details/fruit-vegetables-build-a-salad/sainsburys-mini-chicken-breast-fillets-320g', "Sainsbury's British Fresh Chicken Breast Mini Fillets 320g", '£2.00', '£6.25 / kg')
('https://www.sainsburys.co.uk/shop/gb/groceries/product/details/fruit-vegetables-build-a-salad/sainsburys-whole-chicken-breast-fillets-640g', "Sainsbury's British Fresh Chicken Breast Fillets Skinless & Boneless 640g", '£3.60', '£5.63 / kg')
('https://www.sainsburys.co.uk/shop/gb/groceries/product/details/fruit-vegetables-build-a-salad/sainsburys-curried-coconut---lime-chicken-fillet-120g', "Sainsbury's Curried Coconut & Lime Chicken Breast Mini Fillets 120g", '£1.90', '£1.58 / 100g')
('https://www.sainsburys.co.uk/shop/gb/groceries/product/details/fruit-vegetables-build-a-salad/sainsburys-heritage-jewel-tomatoes--taste-the-difference-250g', "Sainsbury's Heritage Jewel Tomatoes, Taste the Difference 250g", '£2.00', '£8.00 / kg')
('https://www.sainsburys.co.uk/shop/gb/groceries/product/details/fruit-vegetables-build-a-salad/sainsburys-watermelon-400g', "Sainsbury's Watermelon 380g", '£2.00', '£5.26 / kg')
('https://www.sainsburys.co.uk/shop/gb/groceries/product/details/fruit-vegetables-build-a-salad/sainsburys-italian-style-balsamic-dressing-180ml', "Sainsbury's Italian Style Balsamic Dressing 180ml", '£1.30', '72p / 100ml')
('https://www.sainsburys.co.uk/shop/gb/groceries/product/details/fruit-vegetables-build-a-salad/sainsburys-french-style-dressing--be-good-to-yourself-180ml', "Sainsbury's French Style Dressing, Be Good To Yourself 180ml", '£1.30', '72p / 100ml')
('https://www.sainsburys.co.uk/shop/gb/groceries/product/details/fruit-vegetables-build-a-salad/sainsburys-black-pepper---sea-salt-croutons-100g', "Sainsbury's Black Pepper & Sea Salt Croutons 100g", '£1.00', '£1.00 / 100g')
('https://www.sainsburys.co.uk/shop/gb/groceries/product/details/fruit-vegetables-build-a-salad/sainsburys-mixed-peppers-x3', "Sainsbury's Mixed Peppers (Colours may vary) x3", '£1.35', '45p / ea')
('https://www.sainsburys.co.uk/shop/gb/groceries/product/details/fruit-vegetables-build-a-salad/sainsburys-stuffing-topped-roast-chicken--taste-the-difference-135g', "Sainsbury's Roast Chicken Stuffing Topped, Taste the Difference 135g", '£2.75', '£2.04 / 100g')
('https://www.sainsburys.co.uk/shop/gb/groceries/product/details/fruit-vegetables-build-a-salad/sainsburys-mango-250g', "Sainsbury's Mango 250g", '£2.50', '£10.00 / kg')
('https://www.sainsburys.co.uk/shop/gb/groceries/product/details/fruit-vegetables-build-a-salad/cauldron-marinated-tofu-pieces-160g', 'Cauldron Vegan Marinated Tofu Pieces 160g', '£2.50', '£15.63 / kg')
('https://www.sainsburys.co.uk/shop/gb/groceries/product/details/fruit-vegetables-build-a-salad/sainsburys-avocado--ripe---ready-x2', 'By Sainsbury’s Medium Ripe & Ready Avocados x2', '£1.60', '80p / ea')
('https://www.sainsburys.co.uk/shop/gb/groceries/product/details/fruit-vegetables-build-a-salad/sainsburys-bellaverde-broccoli--taste-the-difference-200g', "Sainsbury's Bellaverde Broccoli, Taste the Difference 200g", '£2.00', '£10.00 / kg')
('https://www.sainsburys.co.uk/shop/gb/groceries/product/details/fruit-vegetables-build-a-salad/sainsburys-conference-pears-ripe-ready-x4', "Sainsbury's Conference Pears, Ripe & Ready x4", '£2.00', '50p / ea')
('https://www.sainsburys.co.uk/shop/gb/groceries/product/details/fruit-vegetables-build-a-salad/sainsburys-mango--ripe---ready-x2', "Sainsbury's Mango, Ripe & Ready x2", '£1.70', '85p / ea')
('https://www.sainsburys.co.uk/shop/gb/groceries/product/details/fruit-vegetables-build-a-salad/sainsburys-british-jubilee-large-vine-tomatoes--taste-the-difference', "Sainsbury's Jubilee Large Vine Tomatoes, Taste the Difference 450g", '£1.75', '£3.89 / kg')
('https://www.sainsburys.co.uk/shop/gb/groceries/product/details/fruit-vegetables-build-a-salad/sainsburys-asparagus-tips-100g', "Sainsbury's Asparagus Tips 100g", '£1.75', '£17.50 / kg')
('https://www.sainsburys.co.uk/shop/gb/groceries/product/details/fruit-vegetables-build-a-salad/sainsburys-light-cypriot-halloumi-225g', "Sainsbury's Light Cypriot Halloumi Cheese 225g", '£2.30', '£10.22 / kg')
('https://www.sainsburys.co.uk/shop/gb/groceries/product/details/fruit-vegetables-build-a-salad/sainsburys-sweetcorn-3x198g', "Sainsbury's Sweetcorn 3x198g (157g*)", '£1.30', '£2.76 / kg')
('https://www.sainsburys.co.uk/shop/gb/groceries/product/details/fruit-vegetables-build-a-salad/sainsburys-buffalo-mozzarella--taste-the-difference-125g', "Sainsbury's Buffalo Mozzarella Cheese, Taste the Difference 125g", '£2.00', '£16.00 / kg')
('https://www.sainsburys.co.uk/shop/gb/groceries/product/details/fruit-vegetables-build-a-salad/sainsburys-butterhead-salad-80g', "Sainsbury's Butterhead Salad 80g", '£1.00', '£1.25 / 100g')
('https://www.sainsburys.co.uk/shop/gb/groceries/product/details/fruit-vegetables-build-a-salad/sainsburys-mixed-baby-kales-80g', "Sainsbury's Mixed Baby Kales 80g", '£1.25', '£1.56 / 100g')
('https://www.sainsburys.co.uk/shop/gb/groceries/product/details/fruit-vegetables-build-a-salad/sainsburys-sweet-chilli---coriander-dressing-180ml', "Sainsbury's Sweet Chilli & Coriander Dressing 180ml", '£1.30', '72p / 100ml')
('https://www.sainsburys.co.uk/shop/gb/groceries/product/details/fruit-vegetables-build-a-salad/sainsburys-roast-topside-beef-finely-sliced--taste-the-difference-110g', "Sainsbury's Roast Beef Topside Sliced, Taste the Difference 110g", '£2.75', '£2.50 / 100g')
('https://www.sainsburys.co.uk/shop/gb/groceries/product/details/fruit-vegetables-build-a-salad/sainsburys-iceberg-lettuce', "Sainsbury's Iceberg Lettuce", '43p', '43p / ea')
('https://www.sainsburys.co.uk/shop/gb/groceries/product/details/fruit-vegetables-build-a-salad/sainsburys-italian-prosciutto-crudo-slices-70g', "Sainsbury's Italian Prosciutto Crudo Slices 70g", '87p', '£1.24 / 100g')
('https://www.sainsburys.co.uk/shop/gb/groceries/product/details/fruit-vegetables-build-a-salad/sainsburys-fresh-salad-cress-20g', "Sainsbury's Fresh Salad Cress 20g", '30p', '15p / 10g')
('https://www.sainsburys.co.uk/shop/gb/groceries/product/details/make-a-smoothie/sainsburys-frozen-black-forest-fruits-500g', "Sainsbury's Frozen Black Forest Fruits 500g", '£2.00', '40p / 100g')
('https://www.sainsburys.co.uk/shop/gb/groceries/product/details/make-a-smoothie/sainsburys-red-berry-mix--basics-400g', "Sainsbury's Greengrocer Red Berry Mix 400g", '£1.50', '38p / 100g')
('https://www.sainsburys.co.uk/shop/gb/groceries/product/details/make-a-smoothie/sainsburys-kale-200g', "Sainsbury's Kale 200g", '80p', '£4.00 / kg')
('https://www.sainsburys.co.uk/shop/gb/groceries/product/details/eat-more-fish/sainsburys-haddock-fillet-portion-400g', "Sainsbury's Haddock Fillet Portion 380g", '£4.00', '£10.53 / kg')
('https://www.sainsburys.co.uk/shop/gb/groceries/product/details/eat-more-fish/sainsburys-chilli-prawn-spaghetti-be-good-to-yourself-380g', "Sainsbury's Chilli Prawn Spaghetti, Be Good To Yourself 380g", '£3.00', '£7.89 / kg')
('https://www.sainsburys.co.uk/shop/gb/groceries/product/details/eat-more-fish/sainsburys-be-good-to-yourself-smoked-haddock-risotto-380g', "Sainsbury's Be Good to Yourself Smoked Haddock Risotto 380g", '£3.00', '£7.89 / kg')
('https://www.sainsburys.co.uk/shop/gb/groceries/product/details/eat-more-fish/sainsburys-peeled-prawns-150g', "Sainsbury's Peeled Prawns 150g", '£2.75', '£1.83 / 100g')
('https://www.sainsburys.co.uk/shop/gb/groceries/product/details/eat-more-fish/sainsburys-garlic-herb-raw-king-prawns-180g', "Sainsbury's Garlic & Herb Raw King Prawns 180g", '£3.25', '£18.06 / kg')
('https://www.sainsburys.co.uk/shop/gb/groceries/product/details/eat-more-fish/sainsburys-raw-squid-tubes-400g', "Sainsbury's Raw Squid Tubes 400g", '£5.25', '£13.13 / kg')
('https://www.sainsburys.co.uk/shop/gb/groceries/product/details/eat-more-fish/sainsburys-brussels-sprouts-200g', "Sainsbury's Brussels Sprouts 200g", '£1.00', '£5.00 / kg')
('https://www.sainsburys.co.uk/shop/gb/groceries/product/details/eat-more-fish/sainsburys-minted-tenderstem---asparagus-260g', "Sainsbury's Minted Tenderstem Broccoli & Asparagus 260g", '£2.30', '£8.85 / kg')
('https://www.sainsburys.co.uk/shop/gb/groceries/product/details/eat-more-fish/sainsburys-salmon-fillets-400g', "Sainsbury's Salmon Fillets 360g", '£4.00', '£11.11 / kg')
('https://www.sainsburys.co.uk/shop/gb/groceries/product/details/eat-more-fish/sainsburys-pollock-fish-fingers-x30-900g', "Sainsbury's Omega 3 Fish Fingers x30 900g", '£3.00', '£3.33 / kg')
('https://www.sainsburys.co.uk/shop/gb/groceries/product/details/eat-more-fish/sainsburys-river-cobbler-fillets-250g', "Sainsbury's Basa Fillets 250g", '£2.75', '£11.00 / kg')
('https://www.sainsburys.co.uk/shop/gb/groceries/product/details/eat-more-fish/sainsburys-cod-fish-fingers-x12-360g', "Sainsbury's Cod Fish Fingers x12 360g", '£2.25', '£6.25 / kg')
('https://www.sainsburys.co.uk/shop/gb/groceries/product/details/eat-more-fish/sainsburys-shelled-peas-160g', "Sainsbury's Shelled Peas 160g", '£1.40', '£8.75 / kg')
('https://www.sainsburys.co.uk/shop/gb/groceries/product/details/eat-more-fish/sainsburys-broccoli-florets-160g', "Sainsbury's Broccoli Florets 160g", '90p', '£5.63 / kg')
('https://www.sainsburys.co.uk/shop/gb/groceries/product/details/eat-more-fish/sainsburys-ready-prepared-spring-greens-200g', "Sainsbury's Ready Prepared Spring Greens 200g", '£1.00', '£5.00 / kg')
('https://www.sainsburys.co.uk/shop/gb/groceries/product/details/eat-more-fish/sainsburys-fish-fingers--basics-x10-250g', 'Stamford Street Fish Fingers x10 250g', '69p', '£2.76 / kg')
('https://www.sainsburys.co.uk/shop/gb/groceries/product/details/eat-more-fish/sainsburys-ready-prepared-mini-carrots-240g', "Sainsbury's Ready Prepared Mini Carrots 240g", '80p', '£3.33 / kg')
('https://www.sainsburys.co.uk/shop/gb/groceries/product/details/eat-more-fish/sainsburys-deli-style-coleslaw--be-good-to-yourself-300g', "Sainsbury's Deli-Style Coleslaw, Be Good To Yourself 300g", '80p', '27p / 100g')
('https://www.sainsburys.co.uk/shop/gb/groceries/product/details/eat-more-fish/sainsburys-ready-prepared-baby-potatoes-with-seasoned-butter-385g', "Sainsbury's Baby Potatoes with Herbs & Butter 385g", '£1.00', '£2.60 / kg')
('https://www.sainsburys.co.uk/shop/gb/groceries/product/details/eat-more-fish/sainsburys-parmentier-potatoes-400g', "Sainsbury's Parmentier Potatoes 400g (Serves 2)", '£2.00', '£5.00 / kg')
('https://www.sainsburys.co.uk/shop/gb/groceries/product/details/meals-for-tonight/plant-pioneer-tikka-masala-rice-400g', 'Plant Pioneers Vegan Tikka Masala & Pilau Rice 400g (Serves 1)', '£2.75', '£6.88 / kg')
('https://www.sainsburys.co.uk/shop/gb/groceries/product/details/meals-for-tonight/sainsburys-harissa-chicken-380g', 'Global Eats Harissa Chicken 380g', '£3.50', '£9.21 / kg')
('https://www.sainsburys.co.uk/shop/gb/groceries/product/details/meals-for-tonight/sainsburys-stonebaked-goats-cheese-onion-312g', "Sainsbury's Stonebaked Goats' Cheese & Caramelised Onion Hand Stretched Pizza 312g", '£3.50', '£11.22 / kg')
('https://www.sainsburys.co.uk/shop/gb/groceries/product/details/meals-for-tonight/sainsburys-stonebaked-meat-feast-306g', "Sainsbury's Stonebaked Meat Feast Hand Stretch Pizza 306g", '£3.00', '£9.80 / kg')
('https://www.sainsburys.co.uk/shop/gb/groceries/product/details/meals-for-tonight/sainsburys-beer-battered-cod-taste-the-difference-385g', "Sainsbury's Beer Battered Cod Fillets, Taste the Difference x2 385g", '£4.50', '£11.69 / kg')
('https://www.sainsburys.co.uk/shop/gb/groceries/product/details/meals-for-tonight/el-loco-cantina-fully-loaded-chicken-enchiladas-380g', 'El Loco Cantina Fully Loaded Chicken Enchiladas 380g', '£2.50', '£6.58 / kg')
('https://www.sainsburys.co.uk/shop/gb/groceries/product/details/meals-for-tonight/rana-tomato-mascarpone-180g', 'La Famiglia Rana Tomato & Mascarpone Sauce 180g', '£2.00', '£2.50 / kg')
('https://www.sainsburys.co.uk/shop/gb/groceries/product/details/meals-for-tonight/sainsburys-fully-loaded-bbq-chicken-575g', "Sainsbury's Fully Loaded BBQ Chicken 575g", '£3.50', '£6.09 / kg')
('https://www.sainsburys.co.uk/shop/gb/groceries/product/details/meals-for-tonight/sainsburys-fully-loaded-meat-feast-pasta-575g', "Sainsbury's Fully Loaded Meat Feast Pasta 575g", '£3.50', '£6.09 / kg')
('https://www.sainsburys.co.uk/shop/gb/groceries/product/details/meals-for-tonight/la-famiglia-rana-pan-fried-gnocchi-spinach-300g', 'La Famiglia Rana Pan-Fried Gnocchi Spinach 300g', '£2.00', '67p / 100kg')
('https://www.sainsburys.co.uk/shop/gb/groceries/product/details/meals-for-tonight/sainsburys-taste-the-difference-steak-with-peppercorn-sauce-400g', "Sainsbury's Taste the Difference Steak with Peppercorn Sauce 400g", '£3.00', '£7.50 / kg')
('https://www.sainsburys.co.uk/shop/gb/groceries/product/details/meals-for-tonight/mccain-shake-shake-fries-sea-salt-and-cracked-black-pepper-300g', 'McCain Shake Shake Fries Sea Salt and Cracked Black Pepper 300g', '£2.00', '£6.67 / kg')
('https://www.sainsburys.co.uk/shop/gb/groceries/product/details/meals-for-tonight/aunt-bessies-roast-potatoes-800g', "Aunt Bessie's Roast Potatoes 800g", '£2.10', '£2.63 / kg')
('https://www.sainsburys.co.uk/shop/gb/groceries/product/details/meals-for-tonight/sainsburys-chargrilled-vegetables-pizza--taste-the-difference-500g', "Sainsbury's Chargrilled Vegetables Pizza, Taste the Difference 470g", '£4.50', '£9.57 / kg')
('https://www.sainsburys.co.uk/shop/gb/groceries/product/details/meals-for-tonight/sainsburys-pilau-rice-200g', "Sainsbury's Indian Pilau Rice 200g (Serves 1)", '£1.25', '£6.25 / kg')
('https://www.sainsburys.co.uk/shop/gb/groceries/product/details/meals-for-tonight/sainsburys-vegetable-masala-300g', "Sainsbury's Indian Vegetable Masala 300g (Serves 2)", '£2.00', '£6.67 / kg')
('https://www.sainsburys.co.uk/shop/gb/groceries/product/details/meals-for-tonight/sainsburys-chicken-pakora-100g', "Sainsbury's Indian Chicken Pakoras 100g", '£2.00', '£20.00 / kg')
('https://www.sainsburys.co.uk/shop/gb/groceries/product/details/meals-for-tonight/sainsburys-royal-chicken-biryani--taste-the-difference-495g', "Sainsbury's Aromatic Royal Chicken Biryani with Pilau Rice, Taste the Difference 400g (Serves 1)", '£4.00', '£10.00 / kg')
('https://www.sainsburys.co.uk/shop/gb/groceries/product/details/meals-for-tonight/sainsburys-king-prawn-spaghehetti--taste-the-difference-400g', "Sainsbury's King Prawn Spaghetti with Tomato & Chilli, Taste the Difference 400g (Serves 1)", '£3.00', '£7.50 / kg')
('https://www.sainsburys.co.uk/shop/gb/groceries/product/details/meals-for-tonight/heck-chicken-italia-sausages-340g', 'Heck Chicken Italia Sausages 340g', '£3.00', '£8.82 / kg')
('https://www.sainsburys.co.uk/shop/gb/groceries/product/details/meals-for-tonight/quorn-chicken-nuggets-476g', 'Quorn Vegetarian Chicken Style Nuggets 475g', '£2.60', '£5.46 / kg')
('https://www.sainsburys.co.uk/shop/gb/groceries/product/details/all-meatfree/squeaky-bean-nuggets-200g', 'Squeaky Bean Nuggets 200g', '£2.50', '£12.50 / kg')
('https://www.sainsburys.co.uk/shop/gb/groceries/product/details/all-meatfree/sainsburys-taste-the-difference-spinach-ricotta-cannelloni-400g', "Sainsbury's Taste the Difference Spinach & Ricotta Cannelloni 400g", '£3.00', '£7.50 / kg')
('https://www.sainsburys.co.uk/shop/gb/groceries/product/details/all-meatfree/plant-power-original-tempeh-block-198g', 'Plant Power Original Tempeh Block 198g', '£2.75', '£13.89 / kg')
('https://www.sainsburys.co.uk/shop/gb/groceries/product/details/all-meatfree/naturli-chick-free-180g', 'Naturli Chick Free 180g', '£2.50', '£13.89 / kg')
('https://www.sainsburys.co.uk/shop/gb/groceries/product/details/all-meatfree/sainsburys-love-your-veg!-the-smoky-jack-quarter-pounder-227g', "Plant Pioneers Smoky ‘Jack' Quarter Pounders 227g", '£2.50', '£11.01 / kg')
('https://www.sainsburys.co.uk/shop/gb/groceries/product/details/all-meatfree/quorn-vegetarian-chicken-style-chipotle-goujons-180g', 'Quorn Vegetarian Chicken Style Chipotle Goujons 180g', '£2.50', '£13.89 / kg')
('https://www.sainsburys.co.uk/shop/gb/groceries/product/details/all-meatfree/the-meatless-farm-meat-free-mince-400g', 'Meatless Farm Plant-Based Mince 400g', '£2.50', '£6.25 / kg')
('https://www.sainsburys.co.uk/shop/gb/groceries/product/details/all-meatfree/tofurky-italian-sausage-with-sun-dried-tomatoes-and-basil-250g-x4', 'Tofurky Italian Sausage with Sun-Dried Tomatoes and Basil 250g x4', '£3.50', '£14.00 / kg')
('https://www.sainsburys.co.uk/shop/gb/groceries/product/details/all-meatfree/tofurky-hickory-smoke-flavour-turkey-style-deli-slices-156g', 'Tofurky Hickory Smoke Flavour Turkey Style Deli Slices 156g', '£3.00', '£19.23 / kg')
('https://www.sainsburys.co.uk/shop/gb/groceries/product/details/all-meatfree/skittles-crazy-sours-sweets-196g', 'Skittles Crazy Sours Sweets Family Size Pouch Bag 196g', '£1.35', '69p / 100g')
('https://www.sainsburys.co.uk/shop/gb/groceries/product/details/all-meatfree/bol-mexican-sweet-potato-chilli-veg-pot-345g', 'BOL Mexican Five Bean Chilli Veg Pot 345g', '£3.00', '£8.70 / kg')
('https://www.sainsburys.co.uk/shop/gb/groceries/product/details/all-meatfree/sainsburys-deliciously-free-from-butternut-squash-risotto-400g', "Sainsbury's Deliciously Free From Butternut Squash Risotto 400g", '£3.00', '75p / 100g')
('https://www.sainsburys.co.uk/shop/gb/groceries/product/details/all-meatfree/sainsburys-arrabiata-sauce-350g', "Sainsbury's Arrabiata Sauce 350g", '£1.25', '36p / 100g')
('https://www.sainsburys.co.uk/shop/gb/groceries/product/details/all-meatfree/tofoo-smoked-tofu--organic-225g', 'Tofoo Smoked Tofu, Organic 225g', '£2.50', '£11.11 / kg')
('https://www.sainsburys.co.uk/shop/gb/groceries/product/details/all-meatfree/sainsburys-deliciously-freefrom-macaroni-cheese-400g', "Sainsbury's Deliciously Free From Macaroni Cheese 400g", '£3.00', '75p / 100g')
('https://www.sainsburys.co.uk/shop/gb/groceries/product/details/all-meatfree/quorn-meat-free-vegan-nuggets-280g', 'Quorn Totally Vegan Crunchy Nuggets 280g', '£2.00', '£7.14 / kg')
('https://www.sainsburys.co.uk/shop/gb/groceries/product/details/all-meatfree/evexia-chickpea-fusilli-glf-300g', 'Ugo Thrive Chickpea Gluten Free Fusilli 300g', '£2.00', '67p / 100g')
('https://www.sainsburys.co.uk/shop/gb/groceries/product/details/all-meatfree/sainsburys-freefrom-vegetable-lasagne-400g', "Sainsbury's Deliciously Free From Vegetable Lasagne 400g (Serves 1)", '£3.00', '75p / 100g')
('https://www.sainsburys.co.uk/shop/gb/groceries/product/details/all-meatfree/sainsburys-love-veg-cheese---spring-onion-crispbakes-x4-454g', "Sainsbury's Cheese Spring Onion Crispbakes x4 454g", '£1.75', '£3.85 / kg')
('https://www.sainsburys.co.uk/shop/gb/groceries/product/details/all-meatfree/quorn-meat-free-vegan-pieces-280g', 'Quorn Vegan Pieces 280g', '£2.00', '£7.14 / kg')
('https://www.sainsburys.co.uk/shop/gb/groceries/product/details/all-meatfree/quorn-sausages-504g', 'Quorn Vegetarian Sausages 504g', '£2.60', '£5.16 / kg')
('https://www.sainsburys.co.uk/shop/gb/groceries/product/details/all-meatfree/great-food-mediterranean-falafel-300g', 'Great Food Mediterranean Falafel 300g', '£2.95', '98p / 100g')
('https://www.sainsburys.co.uk/shop/gb/groceries/product/details/all-meatfree/sainsburys-garlic---coriander-naan-x2-260g', "Sainsbury's Garlic & Coriander Naan x2 260g", '95p', '37p / 100g')
('https://www.sainsburys.co.uk/shop/gb/groceries/product/details/all-meatfree/sainsburys-mini-plain-naan-x4-188g', "Sainsbury's Mini Plain Naan x4 188g", '90p', '48p / 100g')
('https://www.sainsburys.co.uk/shop/gb/groceries/product/details/all-meatfree/mumtaz-onion-bhajis-210g', 'Mumtaz Onion Bhajis 210g', '£2.00', '£9.52 / kg')
('https://www.sainsburys.co.uk/shop/gb/groceries/product/details/all-meatfree/mediterranean-falafel-300g', 'Mediterranean Falafel 300g', '£2.00', '66p / 100g')
('https://www.sainsburys.co.uk/shop/gb/groceries/product/details/all-meatfree/cauldron-marinated-tofu-pieces-160g', 'Cauldron Vegan Marinated Tofu Pieces 160g', '£2.50', '£15.63 / kg')
('https://www.sainsburys.co.uk/shop/gb/groceries/product/details/all-meatfree/quorn-crispy-nuggets-300g', 'Quorn Vegetarian Chicken Style Nuggets 300g', '£2.00', '£6.67 / kg')
('https://www.sainsburys.co.uk/shop/gb/groceries/product/details/all-meatfree/sainsburys-creamy-vegetable-soup-600g', "Sainsbury's Chunky Vegetable Soup 600g", '£1.30', '22p / 100g')
('https://www.sainsburys.co.uk/shop/gb/groceries/product/details/all-meatfree/sainsburys-indian-tadka-daal-300g-serves-2-', "Sainsbury's Indian Tadka Daal 300g (Serves 2)", '£2.00', '£6.67 / kg')
('https://www.sainsburys.co.uk/shop/gb/groceries/product/details/all-meatfree/mcintosh-macaroni-cheese-400g', 'Mcintosh Macaroni Cheese 400g (Serves 2)', '£2.40', '£6.00 / kg')
('https://www.sainsburys.co.uk/shop/gb/groceries/product/details/all-meatfree/sainsburys-spinach---ricotta-cannelloni--be-good-to-yourself-400g', "Sainsbury's Spinach & Ricotta Cannelloni, Be Good To Yourself 400g (Serves 1)", '£2.00', '£5.00 / kg')
('https://www.sainsburys.co.uk/shop/gb/groceries/product/details/all-meatfree/richmond-thick-frozen-meat-free-sausages-320g', 'Richmond Thick Frozen Meat Free Vegan Sausages x8 320g', '£2.00', '£6.25 / kg')
('https://www.sainsburys.co.uk/shop/gb/groceries/product/details/all-meatfree/richmond-frozen-meat-free-burgers-x4-280g', 'Richmond Frozen Meat Free Vegan Burgers x4 280g', '£2.50', '£8.92 / kg')
('https://www.sainsburys.co.uk/shop/gb/groceries/product/details/all-meatfree/tofoo-co-crispy-original-chunkies-200g', 'Tofoo Co Crispy Original Chunkies 200g', '£2.25', '£11.25 / kg')
('https://www.sainsburys.co.uk/shop/gb/groceries/product/details/all-meatfree/this-isnt-bacon', "This Isn't Bacon Plant-Based Rashers 120g", '£2.40', '£20.00 / kg')
('https://www.sainsburys.co.uk/shop/gb/groceries/product/details/all-meatfree/frys-vegan-soy-flaxseed-escalope-150g', "Fry's Vegan Soy & Flaxseed Escalope 150g", '£1.75', '£11.67 / kg')
('https://www.sainsburys.co.uk/shop/gb/groceries/product/details/all-meatfree/be-6-green-cuisine-meatfree-sausage-300g', 'Birds Eye Green Cuisine Succulent Meat-Free Sausages 300g', '£1.50', '£5.00 / kg')
('https://www.sainsburys.co.uk/shop/gb/groceries/product/details/all-meatfree/be-2-green-cuisine-meatfree-burgers-200g', 'Birds Eye Green Cuisine Meat-Free Burgers x2 200g', '£1.50', '£7.50 / kg')
('https://www.sainsburys.co.uk/shop/gb/groceries/product/details/all-meatfree/naked-glory-quarter-pounders-x2-227g', 'Naked Glory Meat Free Vegan Burgers X2 227g', '£2.75', '£12.11 / kg')
('https://www.sainsburys.co.uk/shop/gb/groceries/product/details/all-meatfree/sainsburys-vegan-shroompups-in-blankets-270g', 'Plant Pioneers Pups in Blankets x10 270g', '£3.00', '£11.11 / kg')
('https://www.sainsburys.co.uk/shop/gb/groceries/product/details/all-meatfree/quorn-vegetarian-ham-slices-170g', 'Quorn Vegetarian Ham Slices 170g', '£2.60', '£15.29 / kg')
('https://www.sainsburys.co.uk/shop/gb/groceries/product/details/all-meatfree/oggs-chocolate-fudge-vegan-cakes-4-x-46g', 'OGGS Vegan Chocolate Fudge Cakes 184g', '£3.75', '94p / ea')
('https://www.sainsburys.co.uk/shop/gb/groceries/product/details/lactose-free--/oatly-the-original-creamy-oat-fraiche-200ml', 'Oatly Creamy Oat Fraiche Chilled 200ml', '£1.60', '80p / 100ml')
('https://www.sainsburys.co.uk/shop/gb/groceries/product/details/lactose-free--/koko-unsweetened-coconut-uht-1l', 'Koko Unsweetened Coconut UHT 1L', '£1.50', '£1.50 / ltr')
('https://www.sainsburys.co.uk/shop/gb/groceries/product/details/lactose-free--/koko-dairy-free-milk--unsweetened-1l', 'Koko Dairy Free Unsweetened Drink 1L', '£1.10', '£1.10 / ltr')
('https://www.sainsburys.co.uk/shop/gb/groceries/product/details/lactose-free--/a2-milk-semi-skimmed-1l', "a2 Milk Fresh Semi-Skimmed Cows' Milk 1L", '£1.35', '£1.35 / ltr')
('https://www.sainsburys.co.uk/shop/gb/groceries/product/details/lactose-free--/lactofree-mature-cheddar-200g', 'Arla Lactofree Mature Cheddar Cheese 200g', '£1.80', '£9.00 / kg')
('https://www.sainsburys.co.uk/shop/gb/groceries/product/details/lactose-free--/sainsburys-coconut-drink-1l-7996540-p-44', "Sainsbury's Sweetened Coconut Drink 1L", '£1.10', '£1.10 / ltr')
('https://www.sainsburys.co.uk/shop/gb/groceries/product/details/lactose-free--/The-Mighty-Society-Unsweetened-Pea-Mylk-1L', 'Mighty Pea Unsweetened Milk Alternative 1L', '£2.00', '£2.00 / ltr')
('https://www.sainsburys.co.uk/shop/gb/groceries/product/details/lactose-free--/rachels-organic-lactose-free-natural-bio-live-yogurt-450g', "Rachel's Organic Lactose Free Natural Bio-Live Yogurt 450g", '£2.00', '44p / 100g')
('https://www.sainsburys.co.uk/shop/gb/groceries/product/details/lactose-free--/califia-cold-brew-double-espresso-750ml', 'Califia Farms XX Espresso Cold Brew Coffee with Almond 750ml', '£2.95', '£3.93 / ltr')
('https://www.sainsburys.co.uk/shop/gb/groceries/product/details/dairy-eggs-new/muller-bliss-cheesecake-greek-style-yogurt-with-lime-underlayer-crumble-4x100g', 'Muller Bliss Cheesecake Greek Style Yogurt with Salted Caramel Underlayer & Crumble 4x100g', '£1.00', '25p / 100g')
('https://www.sainsburys.co.uk/shop/gb/groceries/product/details/dairy-eggs-new/oatly-creamy-oat-spread-plain-150g', 'Oatly Creamy Oat Spread Plain 150g', '£1.80', '£12.00 / kg')
('https://www.sainsburys.co.uk/shop/gb/groceries/product/details/dairy-eggs-new/the-collective-kefir-natural-cultured-yoghurt-400g', 'The Collective Kefir Natural Cultured Yoghurt 400g', '£2.00', '50p / 100g')
('https://www.sainsburys.co.uk/shop/gb/groceries/product/details/dairy-eggs-new/the-coconut-collaborative-vanilla-custard-400g', 'The Coconut Collaborative Vanilla Custard 400g', '£2.50', '63p / 100g')
('https://www.sainsburys.co.uk/shop/gb/groceries/product/details/dairy-eggs-new/oatly-creamy-oat-single-cream-chilled-250ml', 'Oatly Creamy Oat Single Cream Chilled 250ml', '£1.10', '44p / 100ml')
('https://www.sainsburys.co.uk/shop/gb/groceries/product/details/dairy-eggs-new/sainsburys-lighter-mature-british-cheese-sticks-5x20g', "Sainsbury's Lighter Mature British Cheese Sticks 5x20g", '£1.25', '£12.50 / kg')
('https://www.sainsburys.co.uk/shop/gb/groceries/product/details/dairy-eggs-new/pure-dairy-free-vegan-slightly-salted-baking-block-250g', 'Pure Dairy Free Vegan Slightly Salted Block 250g', '£1.30', '£5.20 / kg')
('https://www.sainsburys.co.uk/shop/gb/groceries/product/details/dairy-eggs-new/yeo-valley-organic-fruit-compote-mixed-berry-220g', 'Yeo Valley Organic Fruit Compote Mixed Berry 220g', '£1.75', '80p / 100g')
('https://www.sainsburys.co.uk/shop/gb/groceries/product/details/dairy-eggs-new/danone-kids-organic-strawberry-banana-no-added-sugar-yogurt-70g', 'Danone Kids Organic Strawberry & Banana No Added Sugar Yogurt 70g', '75p', '£1.07 / 100g')
('https://www.sainsburys.co.uk/shop/gb/groceries/product/details/dairy-eggs-new/actimel-no-added-sugar-0-fat-strawberry-yogurt-drink-12x100g', 'Actimel No Added Sugar 0% Fat Strawberry Yogurt Drink 12x100g', '£3.00', '25p / 100g')
('https://www.sainsburys.co.uk/shop/gb/groceries/product/details/dairy-eggs-new/danone-peach-no-added-sugar-yogurt-4x110g', 'Danone Peach No Added Sugar Yogurt 4x110g', '£1.25', '29p / 100g')
('https://www.sainsburys.co.uk/shop/gb/groceries/product/details/dairy-eggs-new/the-collective-plant-yoghurt-fudge-400g', 'The Collective Plant Yoghurt Fudge 400g', '£2.20', '55p / 100g')
('https://www.sainsburys.co.uk/shop/gb/groceries/product/details/dairy-eggs-new/sainsburys-mild-british-cheddar-sticks-5x20g', "Sainsbury's Mild British Cheddar Sticks 5x20g", '£1.25', '£12.50 / kg')
('https://www.sainsburys.co.uk/shop/gb/groceries/product/details/dairy-eggs-new/sainsburys-mature-british-cheddar-sticks-5x20g', "Sainsbury's Mature British Cheddar Sticks 5x20g", '£1.25', '£12.50 / kg')
('https://www.sainsburys.co.uk/shop/gb/groceries/product/details/dairy-eggs-special-offers/mexicana-vegan-slices-200g', 'Mexicana Vegan Slices 200g', '£2.00', '£1.00 / 100g')
('https://www.sainsburys.co.uk/shop/gb/groceries/product/details/dairy-eggs-special-offers/danone-raspberry-no-added-sugar-yogurt-4x110g', 'Danone Raspberry No Added Sugar Yogurt 4x110g', '£1.25', '29p / 100g')
('https://www.sainsburys.co.uk/shop/gb/groceries/product/details/dairy-eggs-special-offers/cathedral-city-light-grated-180g', 'Cathedral City Light Grated 180g', '£1.25', '£6.94 / kg')
('https://www.sainsburys.co.uk/shop/gb/groceries/product/details/dairy-eggs-special-offers/gü-milk-chocolate-mousses-with-ganache-desserts-2x70g', 'Gü Milk Chocolate Mousses with Ganache Desserts 2x70g', '£2.00', '£1.43 / 100g')
('https://www.sainsburys.co.uk/shop/gb/groceries/product/details/dairy-eggs-special-offers/starbucks-fairtrade-dark-with-a-splash-of-milk-doubleshot-intenso-200ml', 'Starbucks Fairtrade Dark with A Splash of Milk Doubleshot Intenso 200ml', '£2.00', '£10.00 / ltr')
('https://www.sainsburys.co.uk/shop/gb/groceries/product/details/dairy-eggs-special-offers/yeo-valley-family-farm-natural-yogurt-with-crunchy-granola-135g', 'Yeo Valley Family Farm Natural Yogurt with Crunchy Granola 135g', '£1.00', '74p / 100g')
('https://www.sainsburys.co.uk/shop/gb/groceries/product/details/dairy-eggs-special-offers/glenisk-go20-fruit-seed-nat-yogurt-170g', 'Glenisk Go20 Fruit & Seed Natural Yogurt 170g', '£1.20', '71p / 100g')
('https://www.sainsburys.co.uk/shop/gb/groceries/product/details/dairy-eggs-special-offers/glenisk-go20-mixed-seed-nat-yogurt-170g', 'Glenisk Go20 Mixed Seed Natural Yogurt 170g', '£1.20', '71p / 100g')
('https://www.sainsburys.co.uk/shop/gb/groceries/product/details/dairy-eggs-special-offers/danone-activa-turmeric-shot-80g', 'Activia Turmeric Probiotic Shot 80g', '£1.40', '£1.75 / 100g')
('https://www.sainsburys.co.uk/shop/gb/groceries/product/details/dairy-eggs-special-offers/alpro-caffe-cup-oat-235ml', 'Alpro Caffè Latte Colombian Coffee & Oat Chilled Drink 235ml', '£1.75', '£7.45 / ltr')
('https://www.sainsburys.co.uk/shop/gb/groceries/product/details/dairy-eggs-special-offers/lavazza-iced-coffee-cappuccino-250ml', 'Lavazza Iced Coffee Cappuccino 250ml', '£1.25', '£5.00 / ltr')
('https://www.sainsburys.co.uk/shop/gb/groceries/product/details/dairy-eggs-special-offers/judes-flat-white-coffee-250ml', "Jude's Flat White Coffee 250ml", '95p', '£3.80 / ltr')
('https://www.sainsburys.co.uk/shop/gb/groceries/product/details/dairy-eggs-special-offers/barebells-protein-milkshake-chocolate-flavour-330ml', 'Barebells Protein Milkshake Chocolate Flavour 330ml', '£2.00', '61p / 100ml')
('https://www.sainsburys.co.uk/shop/gb/groceries/product/details/dairy-eggs-special-offers/yåar-nordic-quark-bar-vanilla-40g', 'Yaar Nordic Yogurt Vanilla Quark Bar 40g', '75p', '£1.88 / 100g')
('https://www.sainsburys.co.uk/shop/gb/groceries/product/details/dairy-eggs-special-offers/philadelphia-soft-white-cheese-with-garlic-herbs-family-pack-340g', 'Philadelphia Garlic & Herb Soft Cheese 340g', '£2.00', '£5.88 / kg')
('https://www.sainsburys.co.uk/shop/gb/groceries/product/details/dairy-eggs-special-offers/califia-cold-brew-xx-espresso-310ml', 'Califia Farms XX Espresso Cold Brew Coffee with Almond 310ml', '£1.95', '63p / 100ml')
('https://www.sainsburys.co.uk/shop/gb/groceries/product/details/dairy-eggs-special-offers/cocio-classic-chocolate-milk-600ml', 'Cocio Classic Chocolate Milk 600ml', '£2.00', '£3.34 / ltr')
('https://www.sainsburys.co.uk/shop/gb/groceries/product/details/vegan-food/plant-pioneers-vegan-meat-free-chilli-non-carne-400g', 'Plant Pioneers Vegan Meat Free Chilli Non Carne 400g', '£2.00', '£5.00 / kg')
('https://www.sainsburys.co.uk/shop/gb/groceries/product/details/vegan-food/gosh!-veggie-sausages-6x270g', 'Gosh! Veggie Sausages 6x270g', '£2.95', '£1.09 / 100g')
('https://www.sainsburys.co.uk/shop/gb/groceries/product/details/vegan-food/plant-pioneer-southern-fried-bites-200g', 'Plant Pioneers Southern Fried Bites 200g', '£2.50', '£2.50 / kg')
('https://www.sainsburys.co.uk/shop/gb/groceries/product/details/vegan-food/lmc-southern-style-chicken-burger-240g', "Linda McCartney's Vegetarian Southern-Style Chicken Fillet Burgers x2 270g", '£2.20', '£9.17 / kg')
('https://www.sainsburys.co.uk/shop/gb/groceries/product/details/vegan-food/plant-pioneers-2-vegan-steaks-226g', 'Plant Pioneers Vegan Steaks x2 227g', '£2.75', '£12.12 / kg')
('https://www.sainsburys.co.uk/shop/gb/groceries/product/details/vegan-food/blue-dragon-pad-thai-stir-fry-120g', 'Blue Dragon Pad Thai Stir Fry Sauce 120g', '70p', '58p / 100g')
('https://www.sainsburys.co.uk/shop/gb/groceries/product/details/vegan-food/sainsburys-shroomballs-spaghetti-400g', 'Plant Pioneers Shroomballs & Spaghetti 400g', '£2.75', '£6.88 / kg')
('https://www.sainsburys.co.uk/shop/gb/groceries/product/details/vegan-food/hi-five-chickpea-turmeric-cauliflower-chana-masala-curry-488g', 'Hi Five Chickpea & Turmeric Cauliflower Chana Masala Curry 488g', '£3.50', '£7.17 / kg')
('https://www.sainsburys.co.uk/shop/gb/groceries/product/details/vegan-food/sainsburys-thick-soft-multiseed-farmhouse-800g', "Sainsbury's Thick Soft Multiseed Farmhouse 800g", '85p', '11p / 100g')
('https://www.sainsburys.co.uk/shop/gb/groceries/product/details/vegan-food/nakd-salted-caramel-fruit---nut-bar-35g-7960956-p', 'Nakd Salted Caramel Fruit & Nut Bar 35g', '75p', '£2.14 / 100g')
('https://www.sainsburys.co.uk/shop/gb/groceries/product/details/vegan-food/hi-five-thai-green-vegan-curry-cauliflower-rice-488g', 'Hi Five Thai Green Vegan Curry & Cauliflower Rice 488g', '£3.50', '£7.17 / kg')
('https://www.sainsburys.co.uk/shop/gb/groceries/product/details/vegan-food/sainsburys-love-your-veg!-chorizo-style-shroomdogs-280g', 'Plant Pioneers Chorizo Shroomdogs x8 280g', '£2.25', '£8.04 / kg')
('https://www.sainsburys.co.uk/shop/gb/groceries/product/details/vegan-food/heck-super-green-sausages-x6-255g', 'Heck Super Green Sausages x6 255g', '£2.50', '£9.80 / kg')
('https://www.sainsburys.co.uk/shop/gb/groceries/product/details/vegan-food/sainsburys-vegetarian-mini-sausage-rolls-494g', 'Plant Pioneers Meat Free Mini Sausage Rolls 494g', '£1.75', '£3.54 / kg')
('https://www.sainsburys.co.uk/shop/gb/groceries/product/details/vegan-food/mightybee-bananito-solar-dried-banana-bar-dark-chocolate-dipped-25g', 'MightyBee Bananito Solar Dried Banana Bar Dark Chocolate Dipped 25g', '75p', '£3.00 / 100g')
('https://www.sainsburys.co.uk/shop/gb/groceries/product/details/vegan-food/sainsburys-love-your-veg!-red-pepper-chipotle-falafels-x8-160g', "Sainsbury's Love Your Veg! Red Pepper & Chipotle Falafels x8 160g", '£2.00', '£12.50 / kg')
('https://www.sainsburys.co.uk/shop/gb/groceries/product/details/vegan-food/the-white-rabbit-pizza-co-the-vegan-gardener-340g', 'The White Rabbit Pizza Co. The Vegan Gardener 340g', '£5.00', '£1.47 / 100g')
('https://www.sainsburys.co.uk/shop/gb/groceries/product/details/vegan-food/eat-real-lentil-chips-sea-salt-flavour-113g', 'Eat Real Lentil Chips Sea Salt Flavour 113g', '£1.80', '£1.59 / 100g')
('https://www.sainsburys.co.uk/shop/gb/groceries/product/details/vegan-food/eat-real-quinoa-chips-sour-cream---chives-flavour-80g', 'Eat Real Quinoa Chips Sour Cream & Chives Flavour 80g', '£1.80', '£2.25 / 100g')
('https://www.sainsburys.co.uk/shop/gb/groceries/product/details/vegan-food/sainsburys-100-smooth-almond-butter-340g', "Sainsbury's 100% Smooth Almond Butter 340g", '£4.60', '£1.35 / 100g')
('https://www.sainsburys.co.uk/shop/gb/groceries/product/details/vegan-food/nakd-lemon-drizzle-fruit---nut-bar-35g-7855181-p', 'Nakd Lemon Drizzle Fruit & Nut Bar 35g', '50p', '£1.43 / 100g')
('https://www.sainsburys.co.uk/shop/gb/groceries/product/details/vegan-food/kettle-chips-lighly-salted-5x30g', 'Kettle Chips Lightly Salted Multipack Crisps 5x30g', '£1.80', '£1.20 / 100g')
('https://www.sainsburys.co.uk/shop/gb/groceries/product/details/vegan-food/blue-dragon-thai-green-curry-paste-pot-50g-7760790-p', 'Blue Dragon Thai Green Curry Paste Pot 50g', '£1.00', '£2.00 / 100g')
('https://www.sainsburys.co.uk/shop/gb/groceries/product/details/vegan-food/sainsburys-meatfree-meat-balls-380g', 'Plant Pioneers Meat Free Meatballs 380g', '£1.75', '£4.61 / kg')
('https://www.sainsburys.co.uk/shop/gb/groceries/product/details/vegan-food/sainsburys-slightly-salted-corn-thins-120g', "Sainsbury's Corn Thins 4x30g", '£1.20', '£1.00 / 100g')
('https://www.sainsburys.co.uk/shop/gb/groceries/product/details/vegan-food/blue-dragon-sweet-chill-garlic-sauce-120g', 'Blue Dragon Sweet Chilli & Garlic Stir Fry Sauce 120g', '70p', '58p / 100g')
('https://www.sainsburys.co.uk/shop/gb/groceries/product/details/vegan-food/pure-dairy-free-sunflower-spread-500g', 'Pure Dairy Free Vegan Sunflower Spread 500g', '£1.60', '£3.20 / kg')
('https://www.sainsburys.co.uk/shop/gb/groceries/product/details/vegan-food/blue-dragon-original-thai-sweet-chilli-sauce-190ml-3584569-p', 'Blue Dragon Original Thai Sweet Chilli Sauce 190ml', '£1.50', '79p / 100ml')
('https://www.sainsburys.co.uk/shop/gb/groceries/product/details/vegan-food/blue-dragon-sweet---sour-stir-fry-sauce-120g', 'Blue Dragon Sweet & Sour Stir Fry Sauce 120g', '70p', '58p / 100g')
('https://www.sainsburys.co.uk/shop/gb/groceries/product/details/vegan-food/nairns-fine-oatcakes-218g', "Nairn's Fine Oatcakes 218g", '£1.00', '46p / 100g')
('https://www.sainsburys.co.uk/shop/gb/groceries/product/details/vegan-food/nakd-cashew-cookie-fruit---nut-bar-35g-7393153-p', 'Nakd Cashew Cookie Fruit & Nut Bar 35g', '60p', '£1.71 / 100g')
('https://www.sainsburys.co.uk/shop/gb/groceries/product/details/vegan-food/alpro-soya-dairy-free-custard-525g', 'Alpro Vanilla Custard 525g', '£1.00', '19p / 100g')
('https://www.sainsburys.co.uk/shop/gb/groceries/product/details/vegan-food/sainsburys-tomato--lentil---red-pepper-soup-600g', "Sainsbury's Spicy Tomato, Lentil & Red Pepper Soup 600g", '£1.60', '27p / 100g')
('https://www.sainsburys.co.uk/shop/gb/groceries/product/details/vegan-food/nakd-cocoa-orange-fruit---nut-bars-4-x-35g-7540554-p', 'Nakd Cocoa Orange Fruit & Nut Bars 4x35g', '£2.50', '£1.79 / 100g')
('https://www.sainsburys.co.uk/shop/gb/groceries/product/details/vegan-food/naked-glory-roast-deli-readybites-165g', 'Naked Glory Meat Free Vegan Roast Deli Readybites 165g', '£2.50', '£15.15 / kg')
('https://www.sainsburys.co.uk/shop/gb/groceries/product/details/vegan-food/oggs-brownie-bites-126g', 'Oggs Brownie Bites 126g', '£2.25', '£1.79 / 100g')
('https://www.sainsburys.co.uk/shop/gb/groceries/product/details/vegan-food/oggs-millionaire-bites-126g', 'Oggs Millionaire Bites 126g', '£2.25', '£1.79 / 100g')
('https://www.sainsburys.co.uk/shop/gb/groceries/product/details/vegan-food/naked-glory-no-beef-strips-165g', 'Naked Glory Meat Free Vegan No Beef Strips 165g', '£2.75', '£16.18 / kg')
('https://www.sainsburys.co.uk/shop/gb/groceries/product/details/vegan-food/richmond-2-meat-free-burgers', 'Richmond Meat Free Vegan Burgers x2 170g', '£2.00', '£11.76 / kg')
('https://www.sainsburys.co.uk/shop/gb/groceries/product/details/vegan-food/little-dish-vegetable-chilli-200g', 'Little Dish Plant Based Veg Chilli & Rice 200g', '£1.80', '£9.00 / kg')
('https://www.sainsburys.co.uk/shop/gb/groceries/product/details/vegan-food/lyv!-rainbow-vegetable-pasta-bake-400g', "Sainsbury's Love Your Veg! Vegan Rainbow Vegetable Pasta Bake 400g", '£2.00', '£5.00 / kg')
('https://www.sainsburys.co.uk/shop/gb/groceries/product/details/vegan-food/denny-meat-free-burgers-227g', 'Denny Meat Free Vegan Burgers x2 227g', '£2.50', '£11.01 / kg')
('https://www.sainsburys.co.uk/shop/gb/groceries/product/details/vegan-food/pure-dairy-free-perfect-baking-spread-500g', 'Pure Dairy Free Vegan Perfect Baking Spread 500g', '£1.60', '£3.20 / kg')
('https://www.sainsburys.co.uk/shop/gb/groceries/product/details/vegan-food/brave-roasted-chickpeas-dark-choc-30g', 'Brave Roasted Chickpeas Dark Choc 30g', '£1.00', '£3.33 / 100g')
('https://www.sainsburys.co.uk/shop/gb/groceries/product/details/vegan-food/frys-vegan-chicken-style-burgers-320g', "Fry's Meat Free Chicken-Style Burgers x4 320g", '£2.50', '£7.81 / kg')
('https://www.sainsburys.co.uk/shop/gb/groceries/product/details/vegan-drink/nexba-watermelon-cucumber-mint-flavoured-sparkling-water-1l', 'Nexba Naturally Sugar Free Watermelon Cucumber & Mint Flavoured Sparkling Water 1L', '£1.25', '13p / 100ml')
('https://www.sainsburys.co.uk/shop/gb/groceries/product/details/vegan-drink/limoncello-35cl', 'Limoncello 35cl', '£8.25', '£23.57 / ltr')
('https://www.sainsburys.co.uk/shop/gb/groceries/product/details/vegan-drink/sainsburys-crémant-de-loire-taste-the-difference-15l', "Sainsbury's Crémant De Loire, Taste the Difference 1.5L", '£22.00', '£11.00 / 75cl')
('https://www.sainsburys.co.uk/shop/gb/groceries/product/details/vegan-drink/califia-almond-vanilla-milk--unsweetened-750ml', 'Califia Farms Almond Unsweetened Vanilla Drink 750ml', '£2.40', '£3.20 / ltr')
('https://www.sainsburys.co.uk/shop/gb/groceries/product/details/vegan-drink/sainsburys-dark-fruit-cider-4x440ml', "Sainsbury's Dark Fruit Cider 4x440ml", '£3.75', '£2.13 / ltr')
('https://www.sainsburys.co.uk/shop/gb/groceries/product/details/vegan-drink/penguin-sands-chardonnay-75cl', 'Penguin Sands Chardonnay 75cl', '£3.85', '£3.85 / 75cl')
('https://www.sainsburys.co.uk/shop/gb/groceries/product/details/vegan-drink/innocent-antioxidant-super-smoothie-750ml', 'Innocent Super Smoothie Invigorate Kiwi, Lime, Cucumber, Matcha & Flax Seeds 750ml', '£3.50', '47p / 100ml')
('https://www.sainsburys.co.uk/shop/gb/groceries/product/details/vegan-drink/sainsburys-demi-sec-champagne-nv-75cl', "Sainsbury's Demi-sec Champagne, Non Vintage 75cl", '£19.00', '£19.00 / 75cl')
('https://www.sainsburys.co.uk/shop/gb/groceries/product/details/vegan-drink/sainsburys-house-chardonnay-75cl', "Sainsbury's House Chardonnay 75cl", '£4.50', '£4.50 / 75cl')
('https://www.sainsburys.co.uk/shop/gb/groceries/product/details/vegan-drink/blue-diamond-long-life-almond-milk--unsweetened-1l', 'Blue Diamond Almond Breeze Long Life Unsweetened Drink 1L', '£1.60', '£1.60 / ltr')
('https://www.sainsburys.co.uk/shop/gb/groceries/product/details/vegan-drink/alpro-long-life-soya-milk-alternative--original-1l', 'Alpro Soya Long Life Drink 1L', '£1.20', '£1.20 / ltr')
('https://www.sainsburys.co.uk/shop/gb/groceries/product/details/vegan-drink/lo-bros-gut-shot-beet-boost-organic-60ml', 'Lo Bros Organic Kombucha Gut Shot Beetroot 60ml', '£1.75', '£2.92 / 100ml')
('https://www.sainsburys.co.uk/shop/gb/groceries/product/details/vegan-drink/jord-oat-hemp-1l', 'Jörd Organic Oat & Hemp Drink 1L', '£1.80', '£1.80 / ltr')
('https://www.sainsburys.co.uk/shop/gb/groceries/product/details/vegan-drink/jord-oat-1l', 'Jörd Organic Oat Drink 1L', '£1.80', '£1.80 / ltr')
('https://www.sainsburys.co.uk/shop/gb/groceries/product/details/vegan-drink/sainsburys-sweetened-soya-drink-1l', "Sainsbury's Sweetened Soya Drink 1L", '95p', '95p / ltr')
('https://www.sainsburys.co.uk/shop/gb/groceries/product/details/vegan-drink/lo-bros-living-drinks-organic-kombucha-ginger-lemon-330ml', 'Lo Bros Living Drinks Organic Kombucha Ginger & Lemon 330ml', '£2.00', '61p / 100ml')
('https://www.sainsburys.co.uk/shop/gb/groceries/product/details/vegan-drink/sainsburys-vsop-french-brandy-50cl', 'Napoleon Brandy VSOP 50cl', '£9.00', '£18.00 / ltr')
('https://www.sainsburys.co.uk/shop/gb/groceries/product/details/vegan-drink/elderflower-liqueur-35cl', 'Elderflower Liqueur 35cl', '£8.50', '£24.29 / ltr')
('https://www.sainsburys.co.uk/shop/gb/groceries/product/details/vegan-drink/triple-sec-35cl', 'Curacao Triple Sec Orange Liqueur 35ml', '£8.00', '£22.86 / ltr')
('https://www.sainsburys.co.uk/shop/gb/groceries/product/details/vegan-drink/sainsburys-champagne-brut-nv--taste-the-difference-75cl', "Sainsbury's Brut Non Vintage Champagne, Taste the Difference 75cl", '£18.00', '£18.00 / 75cl')
('https://www.sainsburys.co.uk/shop/gb/groceries/product/details/vegan-drink/penguin-sands-merlot-75cl', 'Penguin Sands Merlot 75cl', '£3.85', '£3.85 / 75cl')
('https://www.sainsburys.co.uk/shop/gb/groceries/product/details/vegan-drink/rude-health-uht-brown-rice-drink-1l', 'Rude Health Brown Rice Drink 1L', '£2.00', '£2.00 / ltr')
('https://www.sainsburys.co.uk/shop/gb/groceries/product/details/vegan-drink/rude-health-uht-almond-milk-1l', 'Rude Health Almond Drink 1L', '£2.00', '£2.00 / ltr')
('https://www.sainsburys.co.uk/shop/gb/groceries/product/details/vegan-drink/sainsburys-blanc-de-noirs-champagne-75cl-619738-p-44', "Sainsbury's Blanc De Noirs Champagne, Taste the Difference 75cl", '£21.00', '£21.00 / 75cl')
('https://www.sainsburys.co.uk/shop/gb/groceries/product/details/vegan-drink/sainsburys-brut-rosé-champagne-75cl', "Sainsbury's Brut Rosé Champagne 75cl", '£22.00', '£22.00 / 75cl')
('https://www.sainsburys.co.uk/shop/gb/groceries/product/details/vegan-drink/sainsburys-house-chenin-blanc-75cl', "Sainsbury's House Chenin Blanc 75cl", '£4.50', '£4.50 / 75cl')
('https://www.sainsburys.co.uk/shop/gb/groceries/product/details/vegan-drink/sainsburys-house-sauvignon-blanc-75cl', "Sainsbury's House Sauvignon Blanc 75cl", '£4.50', '£4.50 / 75cl')
('https://www.sainsburys.co.uk/shop/gb/groceries/product/details/vegan-drink/holy-moly-strawberry-nut-shake-750ml', 'Holy Moly Strawberry Nut Shake 750ml', '£3.80', '£5.07 / ltr')
('https://www.sainsburys.co.uk/shop/gb/groceries/product/details/vegan-drink/nexba-raspberry-soft-drink-1l', 'Nexba Naturally Sugar Free Raspberry Soft Drink 1L', '£1.25', '13p / 100ml')
('https://www.sainsburys.co.uk/shop/gb/groceries/product/details/vegan-drink/nexba-strawberry-peach-kombucha-1l', 'Nexba Kombucha Live Naturally Sugar Free Sparkling Probiotic Strawberry Peach 1L', '£2.50', '25p / 100ml')
('https://www.sainsburys.co.uk/shop/gb/groceries/product/details/vegan-drink/sainsburys-coconut-drink-1l-7996540-p-44', "Sainsbury's Sweetened Coconut Drink 1L", '£1.10', '£1.10 / ltr')
('https://www.sainsburys.co.uk/shop/gb/groceries/product/details/vegan-drink/The-Mighty-Society-Unsweetened-Pea-Mylk-1L', 'Mighty Pea Unsweetened Milk Alternative 1L', '£2.00', '£2.00 / ltr')
('https://www.sainsburys.co.uk/shop/gb/groceries/product/details/vegan-drink/kevita-master-brew-kombucha-pineapple-peach-450ml', 'KeVita Master Brew Kombucha Pineapple Peach 450ml', '£3.00', '67p / 100ml')
('https://www.sainsburys.co.uk/shop/gb/groceries/product/details/vegan-drink/rude-health-organic-ultimate-almond-drink-1l', 'Rude Health Organic Ultimate Almond Drink 1L', '£2.50', '£2.50 / ltr')
('https://www.sainsburys.co.uk/shop/gb/groceries/product/details/vegan-drink/tenzing-natural-energy-drink-250ml', 'TENZING Natural Energy Drink 250ml', '£1.00', '40p / 100ml')
('https://www.sainsburys.co.uk/shop/gb/groceries/product/details/vegan-drink/mondelli-italian-sparkling-75cl', 'Mondelli Italian Sparkling 75cl', '£5.25', '£5.25 / 75cl')
('https://www.sainsburys.co.uk/shop/gb/groceries/product/details/vegan-drink/califia-cold-brew-double-espresso-750ml', 'Califia Farms XX Espresso Cold Brew Coffee with Almond 750ml', '£2.95', '£3.93 / ltr')
('https://www.sainsburys.co.uk/shop/gb/groceries/product/details/vegan-drink/rude-health-uht-oat-drink-1l', 'Rude Health Oat Drink 1L', '£2.00', '£2.00 / ltr')
('https://www.sainsburys.co.uk/shop/gb/groceries/product/details/vegan-drink/sainsburys-conegliano-prosecco--taste-the-difference-150cl-7583832-p-44', "Sainsbury's Conegliano Prosecco, Taste the Difference 1.5L", '£21.00', '£10.50 / 75cl')
('https://www.sainsburys.co.uk/shop/gb/groceries/product/details/vegan-drink/sainsburys-yorkshire-bitter--taste-the-difference-500ml', "Sainsbury's Yorkshire Bitter, Taste the Difference 500ml", '£1.80', '£3.60 / ltr')
('https://www.sainsburys.co.uk/shop/gb/groceries/product/details/vegan-drink/sainsburys-kentish-ale--taste-the-difference-500ml', "Sainsbury's Kentish Ale, Taste the Difference 500ml", '£1.50', '£3.00 / ltr')
('https://www.sainsburys.co.uk/shop/gb/groceries/product/details/make-a-smoothie/sainsburys-apricots-320g', "Sainsbury's Apricot Punnet (Min x5)", '£2.00', '40p / ea')
('https://www.sainsburys.co.uk/shop/gb/groceries/product/details/make-a-smoothie/sainsburys-oranges-x5', "Sainsbury's Oranges x5", '£1.50', '30p / ea')
('https://www.sainsburys.co.uk/shop/gb/groceries/product/details/make-a-smoothie/sainsburys-eric---friends-small-bananas--fairtrade-x8', "Sainsbury's Small Bananas, Fairtrade x8", '£1.05', '13p / ea')
('https://www.sainsburys.co.uk/shop/gb/groceries/product/details/make-a-smoothie/jord-oat-barley-1l', 'Jörd Organic Oat & Barley Drink 1L', '£1.80', '£1.80 / ltr')
('https://www.sainsburys.co.uk/shop/gb/groceries/product/details/make-a-smoothie/packd-ripe-and-chopped-avocado-x10', "PACK'D Ripe and Chopped Avocado x10", '£3.00', '£1.00 / 100g')
('https://www.sainsburys.co.uk/shop/gb/groceries/product/details/make-a-smoothie/innocent-almond-dairy-free-750ml', 'Innocent Dairy Free Almond 750ml', '£2.00', '£2.67 / ltr')
('https://www.sainsburys.co.uk/shop/gb/groceries/product/details/make-a-smoothie/sainsburys-frozen-dark-sweet-cherries-500g', "Sainsbury's Frozen Dark Sweet Cherries 500g", '£2.00', '40p / 100g')
('https://www.sainsburys.co.uk/shop/gb/groceries/product/details/make-a-smoothie/sainsburys-mango-papaya--pineapple-smoothie-480g', "Sainsbury's Mango, Papaya & Pineapple Smoothie Mix 480g", '£2.00', '42p / 100g')
('https://www.sainsburys.co.uk/shop/gb/groceries/product/details/make-a-smoothie/sainsburys-papaya-x2', "Sainsbury's Papaya x2", '£2.50', '£1.25 / ea')
('https://www.sainsburys.co.uk/shop/gb/groceries/product/details/make-a-smoothie/sainsburys-blackberries--tangy-150g', "Sainsbury's Blackberries, Tangy 150g", '£2.00', '£13.33 / kg')
('https://www.sainsburys.co.uk/shop/gb/groceries/product/details/make-a-smoothie/sainsburys-british-semi-skimmed-milk-227l-4-pint-', "Sainsbury's British Semi Skimmed Milk 2.27L (4 pint)", '£1.09', '48p / ltr')
('https://www.sainsburys.co.uk/shop/gb/groceries/product/details/make-a-smoothie/sainsburys-carrots-1kg', "Sainsbury's Carrots 1kg", '41p', '41p / kg')
('https://www.sainsburys.co.uk/shop/gb/groceries/product/details/make-a-smoothie/jord-oat-hemp-1l', 'Jörd Organic Oat & Hemp Drink 1L', '£1.80', '£1.80 / ltr')
('https://www.sainsburys.co.uk/shop/gb/groceries/product/details/make-a-smoothie/jord-oat-1l', 'Jörd Organic Oat Drink 1L', '£1.80', '£1.80 / ltr')
('https://www.sainsburys.co.uk/shop/gb/groceries/product/details/make-a-smoothie/sainsburys-greek-style-natural-yogurt-1kg', "Sainsbury's Greek Style Natural Yogurt 1kg", '£1.50', '15p / 100g')
('https://www.sainsburys.co.uk/shop/gb/groceries/product/details/make-a-smoothie/sainsburys-celery-450g', "Sainsbury's Celery", '43p', '43p / ea')
('https://www.sainsburys.co.uk/shop/gb/groceries/product/details/make-a-smoothie/sainsburys-medijool-dates--taste-the-difference-200g', "Sainsbury's Medjool Dates, Taste the Difference 200g", '£2.25', '£11.25 / kg')
('https://www.sainsburys.co.uk/shop/gb/groceries/product/details/make-a-smoothie/sainsburys-british-raspberries--150g', "Sainsbury's Raspberries 150g", '£2.00', '£13.33 / kg')
('https://www.sainsburys.co.uk/shop/gb/groceries/product/details/make-a-smoothie/fage-total-0-natural-fat-free-greek-recipe-strained-yogurt-500g', 'FAGE Total 0% Natural Fat Free Greek Recipe Strained Yogurt 500g', '£2.00', '40p / 100g')
('https://www.sainsburys.co.uk/shop/gb/groceries/product/details/make-a-smoothie/sainsburys-british-semi-skimmed-milk-so-organic-227l-4-pint-', "Sainsbury's British Semi Skimmed Milk, SO Organic 2.27L (4 pint)", '£1.55', '68p / ltr')
('https://www.sainsburys.co.uk/shop/gb/groceries/product/details/make-a-smoothie/rachels-organic-dairy-natural-greek-yogurt-450g', "Rachel's Organic Greek Style Set Natural Yogurt 450g", '£1.80', '40p / 100g')
('https://www.sainsburys.co.uk/shop/gb/groceries/product/details/top-sellers/sainsburys-blueberries-150g', "Sainsbury's Blueberries 150g", '£1.75', '£11.67 / kg')
('https://www.sainsburys.co.uk/shop/gb/groceries/product/details/top-sellers/sainsburys-large-red-onions-x3', "Sainsbury's Large Red Onions x3", '85p', '£2.33 / kg')
('https://www.sainsburys.co.uk/shop/gb/groceries/product/details/top-sellers/greengrocer-carrots-1kg', "Sainsbury's Imperfectly Tasty Carrots 1kg", '35p', '35p / kg')
('https://www.sainsburys.co.uk/shop/gb/groceries/product/details/top-sellers/sainsburys-asparagus-spears-250g', "Sainsbury's Asparagus Spears 250g", '£1.50', '£6.00 / kg')
('https://www.sainsburys.co.uk/shop/gb/groceries/product/details/top-sellers/sainsburys-lemons', "Sainsbury's Lemons", '30p', '30p / ea')
('https://www.sainsburys.co.uk/shop/gb/groceries/product/details/top-sellers/sainsburys-cucumber--large', "Sainsbury's Large Whole Cucumber", '75p', '75p / ea')
('https://www.sainsburys.co.uk/shop/gb/groceries/product/details/top-sellers/sainsburys-baby-plum-tomatoes-250g', "Sainsbury's Baby Plum Tomatoes 250g", '75p', '£3.00 / kg')
('https://www.sainsburys.co.uk/shop/gb/groceries/product/details/top-sellers/sainsburys-red-grapefruit', "Sainsbury's Red Grapefruit", '60p', '60p / ea')
('https://www.sainsburys.co.uk/shop/gb/groceries/product/details/top-sellers/sainsburys-unwaxed-lemons-x5', "Sainsbury's Lemons Unwaxed minimum 5", '£1.50', '30p / ea')
('https://www.sainsburys.co.uk/shop/gb/groceries/product/details/top-sellers/sainsburys-parsnips-loose', "Sainsbury's Parsnips Loose", '£1.15 / kg', '£1.15 / kg')
('https://www.sainsburys.co.uk/shop/gb/groceries/product/details/top-sellers/sainsburys-easy-peelers-taste-the-difference-600g', "Sainsbury's Easy Peelers, Taste the Difference 600g", '£1.50', '£2.50 / kg')
('https://www.sainsburys.co.uk/shop/gb/groceries/product/details/top-sellers/sainsburys-babycorn-175g', "Sainsbury's Babycorn 175g", '£1.60', '£9.14 / kg')
('https://www.sainsburys.co.uk/shop/gb/groceries/product/details/top-sellers/sainsburys-british-strawberries-400g', "Sainsbury's Strawberries 400g", '£2.00', '£5.00 / kg')
('https://www.sainsburys.co.uk/shop/gb/groceries/product/details/top-sellers/sainsburys-onions-loose', "Sainsbury's Onions Loose", '85p / kg', '85p / kg')
('https://www.sainsburys.co.uk/shop/gb/groceries/product/details/new-in-season/sainsburys-kiwi-fruit-x6-7499464-p-44', "Sainsbury's Kiwi Fruit x6", '67p', '11p / ea')
('https://www.sainsburys.co.uk/shop/gb/groceries/product/details/new-in-season/sainsburys-blueberries-300g', "Sainsbury's Blueberries 300g", '£2.50', '£8.33 / kg')
('https://www.sainsburys.co.uk/shop/gb/groceries/product/details/new-in-season/sainsburys-jersey-royal-new-potatoes--taste-the-difference--1kg', "Sainsbury's Jersey Royal New Potatoes, Taste the Difference 1kg", '£2.00', '£2.00 / kg')
('https://www.sainsburys.co.uk/shop/gb/groceries/product/details/new-in-season/sainsburys-in-shell-mixed-nuts-in-basket-430g', "Sainsbury's Mixed Nuts in Shell with Nut Cracker 430g", '55p', '13p / 100g')
('https://www.sainsburys.co.uk/shop/gb/groceries/product/details/new-in-season/sainsburys-juicing-oranges-x10', "Sainsbury's Oranges, Family Size x10", '£2.00', '20p / ea')
('https://www.sainsburys.co.uk/shop/gb/groceries/product/details/new-in-season/sainsburys-radish-200g', "Sainsbury's Radish 200g", '55p', '28p / 100g')
('https://www.sainsburys.co.uk/shop/gb/groceries/product/details/new-in-season/sainsburys-red-seedless-grapes-500g', "Sainsbury's Red Seedless Grapes 500g", '£1.75', '£3.50 / kg')
('https://www.sainsburys.co.uk/shop/gb/groceries/product/details/new-in-season/sainsburys-large-flat-mushrooms-250g', "Sainsbury's Large Flat Mushrooms 250g", '80p', '£3.20 / kg')
('https://www.sainsburys.co.uk/shop/gb/groceries/product/details/new-in-season/sainsburys-plum-punnet-400g', "Sainsbury's Plum Punnet 400g", '£1.00', '17p / ea')
('https://www.sainsburys.co.uk/shop/gb/groceries/product/details/new-in-season/sainsburys-parsnips-500g', "Sainsbury's Parsnips 500g", '42p', '84p / kg')
('https://www.sainsburys.co.uk/shop/gb/groceries/product/details/new-in-season/sainsburys-blueberries-500g', "Sainsbury's Blueberries 500g", '£4.50', '£9.00 / kg')
('https://www.sainsburys.co.uk/shop/gb/groceries/product/details/new-in-season/sainsburys-british-gems-new-potatoes-taste-the-difference-750g', "Sainsbury's British Gems New Potatoes, Taste the Difference 750g", '£1.00', '£1.33 / kg')
('https://www.sainsburys.co.uk/shop/gb/groceries/product/details/all-meatfree/oggs-zesty-lemon-vegan-cakes-4-x-46g', 'OGGS Vegan Zesty Lemon Cakes 184g', '£3.75', '94p / ea')
('https://www.sainsburys.co.uk/shop/gb/groceries/product/details/all-meatfree/vivera-veggie-steak-200g', 'Vivera Plant Steak 200g', '£3.50', '£1.75 / 100kg')
('https://www.sainsburys.co.uk/shop/gb/groceries/product/details/all-meatfree/quorn-vegetarian-tikka-masala-ready-meal-400g', 'Quorn Vegetarian Tikka Masala Ready Meal 400g', '£3.00', '£7.50 / kg')
('https://www.sainsburys.co.uk/shop/gb/groceries/product/details/all-meatfree/uptons-naturals-bacon-seitan-142g', "Upton's Natural Bacon Seitan In Strips 142g", '£3.00', '£21.13 / kg')
('https://www.sainsburys.co.uk/shop/gb/groceries/product/details/all-meatfree/la-boulangere-vegan-croissants-x6', 'La Boulangere Vegan Croissants x6', '£2.50', '42p / ea')
('https://www.sainsburys.co.uk/shop/gb/groceries/product/details/all-meatfree/kevita-master-brew-kombucha-ginger-450ml', 'KeVita Master Brew Kombucha Ginger 450ml', '£3.00', '67p / 100ml')
('https://www.sainsburys.co.uk/shop/gb/groceries/product/details/all-meatfree/sainsburys-love-your-veg!-vegan-mix-burger-225g', "Sainsbury's Love Your Veg! Veggie Burgers 225g", '£2.00', '£8.89 / kg')
('https://www.sainsburys.co.uk/shop/gb/groceries/product/details/all-meatfree/sainsburys-love-your-veg!-sweet-potato-katsu-curry-rice-400g-serves-1-', "Sainsbury's Love Your Veg! Sweet Potato Katsu Curry & Rice 400g (Serves 1)", '£3.00', '£7.50 / kg')
('https://www.sainsburys.co.uk/shop/gb/groceries/product/details/all-meatfree/vivera-veggie-mince-220g', 'Vivera Plant Mince 220g', '£2.50', '£11.36 / kg')
('https://www.sainsburys.co.uk/shop/gb/groceries/product/details/all-meatfree/bol-sweet-potato-cauliflower-immune-boosting-super-soup-500g', 'BOL Sweet Potato & Cauliflower Immune Boosting Super Soup 500g', '£2.50', '50p / 100g')
('https://www.sainsburys.co.uk/shop/gb/groceries/product/details/all-meatfree/ugo-thrive-pumpkin-sage-raviolini-250g', 'Ugo Thrive Pumpkin & Sage Raviolini 250g', '£3.00', '£1.20 / 100g')
('https://www.sainsburys.co.uk/shop/gb/groceries/product/details/all-meatfree/ginsters-vegan-quorn-pasty', 'Ginsters Vegan Quorn Pasty 180g', '£1.30', '72p / 100g')
('https://www.sainsburys.co.uk/shop/gb/groceries/product/details/all-meatfree/lmc-pulled-pork-bao-bun-meal-kit-270g', "Linda McCartney's Vegetarian Pulled Pork Bao Bun Meal Kit 270g", '£5.00', '£18.52 / kg')
('https://www.sainsburys.co.uk/shop/gb/groceries/product/details/all-meatfree/tofoo-co-sizzlers-spicy-tomato-250g', 'The Tofoo Co. Spicy Tomato Sizzlers Vegan 250g', '£3.00', '£12.00 / kg')
('https://www.sainsburys.co.uk/shop/gb/groceries/product/details/all-meatfree/rustlers-moroccan-vegetarian-burger-154g', 'Rustlers Moroccan Vegetarian Burger 154g', '£2.00', '£12.99 / kg')
('https://www.sainsburys.co.uk/shop/gb/groceries/product/details/all-meatfree/lmc-southern-style-chicken-burger-240g', "Linda McCartney's Vegetarian Southern-Style Chicken Fillet Burgers x2 270g", '£2.20', '£9.17 / kg')
('https://www.sainsburys.co.uk/shop/gb/groceries/product/details/all-meatfree/huel-chocolate-flavour-ready-to-drink-complete-meal-500ml', 'Huel Chocolate Flavour Ready-to-Drink Complete Meal 500ml', '£3.50', '£7.00 / ltr')
('https://www.sainsburys.co.uk/shop/gb/groceries/product/details/all-meatfree/plant-pioneers-2-vegan-steaks-226g', 'Plant Pioneers Vegan Steaks x2 227g', '£2.75', '£12.12 / kg')
('https://www.sainsburys.co.uk/shop/gb/groceries/product/details/all-meatfree/quorn-vegetarian-turkey-stuffing-slices-170g', 'Quorn Vegetarian Turkey & Stuffing Slices 170g', '£2.60', '£15.29 / kg')
('https://www.sainsburys.co.uk/shop/gb/groceries/product/details/all-meatfree/hi-five-chickpea-turmeric-cauliflower-chana-masala-curry-488g', 'Hi Five Chickpea & Turmeric Cauliflower Chana Masala Curry 488g', '£3.50', '£7.17 / kg')
('https://www.sainsburys.co.uk/shop/gb/groceries/product/details/all-meatfree/quorn-spinach-red-pepper-slices-100g', 'Quorn Spinach & Red Pepper Slices 100g', '£2.00', '£20.00 / kg')
('https://www.sainsburys.co.uk/shop/gb/groceries/product/details/all-meatfree/hi-five-thai-green-vegan-curry-cauliflower-rice-488g', 'Hi Five Thai Green Vegan Curry & Cauliflower Rice 488g', '£3.50', '£7.17 / kg')
('https://www.sainsburys.co.uk/shop/gb/groceries/product/details/all-meatfree/sainsburys-love-your-veg!-chorizo-style-shroomdogs-280g', 'Plant Pioneers Chorizo Shroomdogs x8 280g', '£2.25', '£8.04 / kg')
('https://www.sainsburys.co.uk/shop/gb/groceries/product/details/all-meatfree/heck-super-green-sausages-x6-255g', 'Heck Super Green Sausages x6 255g', '£2.50', '£9.80 / kg')
('https://www.sainsburys.co.uk/shop/gb/groceries/product/details/all-meatfree/sainsburys-love-your-veg!-red-pepper-chipotle-falafels-x8-160g', "Sainsbury's Love Your Veg! Red Pepper & Chipotle Falafels x8 160g", '£2.00', '£12.50 / kg')
('https://www.sainsburys.co.uk/shop/gb/groceries/product/details/all-meatfree/the-white-rabbit-pizza-co-the-vegan-gardener-340g', 'The White Rabbit Pizza Co. The Vegan Gardener 340g', '£5.00', '£1.47 / 100g')
('https://www.sainsburys.co.uk/shop/gb/groceries/product/details/all-meatfree/sainsburys-four-bean-salad-250g', "Sainsbury's Four Bean Salad 250g", '£1.25', '50p / 100g')
('https://www.sainsburys.co.uk/shop/gb/groceries/product/details/all-meatfree/quorn-meat-free-fishless-fingers-x10-200g', 'Quorn Vegan Fishless Fingers x10 200g', '£2.00', '£10.00 / kg')
('https://www.sainsburys.co.uk/shop/gb/groceries/product/details/all-meatfree/quorn-meat-free-vegan-hot---spicy-burgers-x4-264g', 'Quorn Vegan Hot & Spicy Burgers 246g', '£2.00', '£7.58 / kg')
('https://www.sainsburys.co.uk/shop/gb/groceries/product/details/all-meatfree/sainsburys-crispy-seaweed-50g', "Sainsbury's Crispy Seaweed 50g", '£1.35', '£27.00 / kg')
('https://www.sainsburys.co.uk/shop/gb/groceries/product/details/all-meatfree/sainsburys-peshwari-naan-x2-260g', "Sainsbury's Peshwari Naan x2 260g", '95p', '37p / 100g')
('https://www.sainsburys.co.uk/shop/gb/groceries/product/details/all-meatfree/sainsburys-plain-naan-x-2-260g', "Sainsbury's Plain Naan x 2 260g", '95p', '37p / 100g')
('https://www.sainsburys.co.uk/shop/gb/groceries/product/details/all-meatfree/sainsburys-garlic---coriander-mini-naan-x4-188g', "Sainsbury's Garlic & Coriander Mini Naan x4 188g", '90p', '48p / 100g')
('https://www.sainsburys.co.uk/shop/gb/groceries/product/details/all-meatfree/sainsburys-maris-piper-mash--taste-the-difference-450g', "Sainsbury's British Maris Piper Mashed Potato, Taste the Difference 400g (Serves 2)", '£1.80', '£4.50 / kg')
('https://www.sainsburys.co.uk/shop/gb/groceries/product/details/all-meatfree/quorn-roast-sliced-fillets-140g', 'Quorn Vegetarian Roast Sliced Chicken Fillets 140g', '£2.50', '£17.86 / kg')
('https://www.sainsburys.co.uk/shop/gb/groceries/product/details/all-meatfree/sainsburys-chunky-salsa-dip-230g', "Sainsbury's Hot Salsa Dip 200g", '£1.20', '60p / 100g')
('https://www.sainsburys.co.uk/shop/gb/groceries/product/details/all-meatfree/quorn-cheese---broccoli-escalope-240g', 'Quorn Vegetarian Cheese & Broccoli Escalope x2 240g', '£2.00', '£8.33 / kg')
('https://www.sainsburys.co.uk/shop/gb/groceries/product/details/all-meatfree/sainsburys-edamame---butter-bean-salad--taste-the-difference-185g', "Sainsbury's Edamame & Butter Bean Salad, Taste the Difference 185g", '£2.25', '£1.22 / 100g')
('https://www.sainsburys.co.uk/shop/gb/groceries/product/details/all-meatfree/sainsburys-plain-naan-260g', "Sainsbury's Indian Plain Naan x2 260g", '80p', '30p / 100g')
('https://www.sainsburys.co.uk/shop/gb/groceries/product/details/all-meatfree/sainsburys-garlic---coriander-naan-260g', "Sainsbury's Indian Garlic & Coriander Naan 260g", '80p', '30p / 100g')
('https://www.sainsburys.co.uk/shop/gb/groceries/product/details/all-meatfree/sainsburys-garlic---coriander-naan-130g', "Sainsbury's Indian Garlic & Coriander Naan 130g", '65p', '50p / 100g')
('https://www.sainsburys.co.uk/shop/gb/groceries/product/details/all-meatfree/sainsburys-tomato--lentil---red-pepper-soup-600g', "Sainsbury's Spicy Tomato, Lentil & Red Pepper Soup 600g", '£1.60', '27p / 100g')
