apple

Prod_checked
[{'shop': 'aldi', 'url': 'https://www.aldi.co.uk/6-apple-fruit-%26-grain-cereal-bars/p/041918236883300', 'product_name': '6 Apple Fruit & Grain Cereal Bars', 'product_price': '0.79', 'product_additionals': '35.6p per 100g'}, {'shop': 'aldi', 'url': 'https://www.aldi.co.uk/6-bramley-apple-pies/p/042547003107200', 'product_name': '6 Bramley Apple Pies', 'product_price': '0.75', 'product_additionals': '12.5p each'}, {'shop': 'asda', 'url': 'https://groceries.asda.com/product/1000186791296', 'product_name': 'Air Wick Botanica Plug In Kit, Fresh Pineapple and Tunisian Rosemary - Holder & 1 Refill', 'product_price': '£2.25', 'product_additionals': 'No weight data'}, {'shop': 'asda', 'url': 'https://groceries.asda.com/product/1000186791352', 'product_name': 'Air Wick Botanica Reed Diffuser, Fresh Pineapple & Tunisian Rosemary', 'product_price': '£5.00', 'product_additionals': 'No weight data'}, {'shop': 'asda', 'url': 'https://groceries.asda.com/product/1000186791453', 'product_name': 'Air Wick Botanica Room Spray, Fresh Pineapple & Tunisian Rosemary', 'product_price': '£2.50', 'product_additionals': 'No weight data'}, {'shop': 'asda', 'url': 'https://groceries.asda.com/product/1000149948109', 'product_name': 'Air Wick Limited Edition Essential Mist Diffuser Kit, Apple & Cinnamon – Holder & 1 Refill', 'product_price': '£9.00', 'product_additionals': 'No weight data'}, {'shop': 'asda', 'url': 'https://groceries.asda.com/product/1000149948067', 'product_name': 'Air Wick Limited Edition Essential Mist Diffuser Refill, Apple & Cinnamon – 1 Refill', 'product_price': '£4.00', 'product_additionals': 'No weight data'}, {'shop': 'tesco', 'url': 'https://www.tesco.com/groceries/en-GB/products/291195922', 'product_name': 'Alberto Balsam Green Apple Conditioner 350Ml', 'product_price': '£ 0.95', 'product_additionals': '£0.27/100ml'}, {'shop': 'asda', 'url': 'https://groceries.asda.com/product/910002264687', 'product_name': 'Alberto Balsam Juicy Green Apple Conditioner', 'product_price': '£0.95', 'product_additionals': '(27.1p/100ml)'}, {'shop': 'asda', 'url': 'https://groceries.asda.com/product/910002264439', 'product_name': 'Alberto Balsam Juicy Green Apple Shampoo', 'product_price': '£0.95', 'product_additionals': '(27.1p/100ml)'}, {'shop': 'tesco', 'url': 'https://www.tesco.com/groceries/en-GB/products/291181300', 'product_name': 'Alberto Balsam Juicy Green Apple Shampoo 350Ml', 'product_price': '£ 0.95', 'product_additionals': '£0.27/100ml'}, {'shop': 'asda', 'url': 'https://groceries.asda.com/product/910003200959', 'product_name': 'Ambrosia Apple Rice Pudding Pot', 'product_price': '£0.59', 'product_additionals': '(39.3p/100g)'}, {'shop': 'tesco', 'url': 'https://www.tesco.com/groceries/en-GB/products/299456279', 'product_name': 'Angioletti Apple Cider 500Ml Bottle', 'product_price': '£ 2.00', 'product_additionals': '£4.00/litre'}, {'shop': 'tesco', 'url': 'https://www.tesco.com/groceries/en-GB/products/292254680', 'product_name': 'Angry Orchard Apple Cider 500Ml Bottle', 'product_price': '£ 2.00', 'product_additionals': '£4.00/litre'}, {'shop': 'asda', 'url': 'https://groceries.asda.com/product/910003028715', 'product_name': 'Angry Orchard Hard Cider Crisp Apple', 'product_price': '£2.00', 'product_additionals': '(£4.00/lt)'}, {'shop': 'aldi', 'url': 'https://www.aldi.co.uk/apple-%26-salted-caramel-crumble/p/072888318067600', 'product_name': 'Apple & Salted Caramel Crumble', 'product_price': '1.99', 'product_additionals': '39.8p per 100g'}, {'shop': 'asda', 'url': 'https://groceries.asda.com/product/910003056838', 'product_name': 'Apple Cans', 'product_price': '£2.50', 'product_additionals': '(16.7p/100ml)'}, {'shop': 'asda', 'url': 'https://groceries.asda.com/product/2061609', 'product_name': 'Apple Sparkling Apple Drink', 'product_price': '£2.70', 'product_additionals': '(36.0p/100ml)'}, {'shop': 'tesco', 'url': 'https://www.tesco.com/groceries/en-GB/products/254654263', 'product_name': 'Apple Turnover 2 Pack', 'product_price': '£ 1.20', 'product_additionals': '£0.60/each'}, {'shop': 'tesco', 'url': 'https://www.tesco.com/groceries/en-GB/products/297413040', 'product_name': 'Appletiser 100% Apple Juice Lightly Sparkling 6X250ml', 'product_price': '£ 3.25', 'product_additionals': '£0.22/100ml'}, {'shop': 'sains', 'url': 'https://www.sainsburys.co.uk/shop/gb/groceries/product/details/bigger-packs-/appletiser-6x250ml', 'product_name': 'Appletiser 6x250ml', 'product_price': '£3.65', 'product_additionals': '24p / 100ml'}, {'shop': 'asda', 'url': 'https://groceries.asda.com/product/1000070824804', 'product_name': 'Appletiser Can', 'product_price': '£0.40', 'product_additionals': '(26.7p/100ml)'}, {'shop': 'tesco', 'url': 'https://www.tesco.com/groceries/en-GB/products/250448258', 'product_name': 'Appletiser Sparkling Apple Juice 750 Ml', 'product_price': '£ 2.50', 'product_additionals': '£0.33/100ml'}, {'shop': 'tesco', 'url': 'https://www.tesco.com/groceries/en-GB/products/259678371', 'product_name': 'Appleton Estate Jamaica Rum 70Cl', 'product_price': '£ 24.00', 'product_additionals': '£34.29/litre'}, {'shop': 'tesco', 'url': 'https://www.tesco.com/groceries/en-GB/products/266659562', 'product_name': 'Applewood Slices 160G', 'product_price': '£ 2.15', 'product_additionals': '£13.44/kg'}, {'shop': 'asda', 'url': 'https://groceries.asda.com/product/910001085696', 'product_name': 'Applewood Smoke Flavour Cheddar Cheese Snack Pack', 'product_price': '£1.00', 'product_additionals': '(£13.33/kg)'}, {'shop': 'asda', 'url': 'https://groceries.asda.com/product/910001972071', 'product_name': 'Applewood Smoke Flavoured Cheddar Cheese', 'product_price': '£2.00', 'product_additionals': 'No weight data'}, {'shop': 'tesco', 'url': 'https://www.tesco.com/groceries/en-GB/products/308089256', 'product_name': 'Applewood Smoky Vegan Cheese Alternative Grated 200G', 'product_price': '£ 2.75', 'product_additionals': '£13.75/kg'}, {'shop': 'asda', 'url': 'https://groceries.asda.com/product/1000167816442', 'product_name': 'Applewood Vegan Smoky Cheese Alternative', 'product_price': '£2.30', 'product_additionals': 'No weight data'}, {'shop': 'tesco', 'url': 'https://www.tesco.com/groceries/en-GB/products/305836512', 'product_name': 'Applewood Vegan Smoky Cheese Alternative 200G', 'product_price': '£ 2.30', 'product_additionals': '£1.15/100g'}, {'shop': 'tesco', 'url': 'https://www.tesco.com/groceries/en-GB/products/283467544', 'product_name': 'Aptamil Oats Apple & Plum Muesli 275G 10 Month Plus', 'product_price': '£ 3.30', 'product_additionals': '£12.00/kg'}, {'shop': 'asda', 'url': 'https://groceries.asda.com/product/910001386632', 'product_name': 'Aptamil with Pronutravi+ Apple & Plum Muesli 10+ Months', 'product_price': '£3.09', 'product_additionals': 'No weight data'}, {'shop': 'asda', 'url': 'https://groceries.asda.com/product/1000207494897', 'product_name': 'Armitage Pet Care Wild Bird 8 Blackcurrant & Apple Flavoured Fat Balls', 'product_price': '£1.50', 'product_additionals': '(18.8p/each)'}, {'shop': 'asda', 'url': 'https://groceries.asda.com/product/25807', 'product_name': 'ASDA 100% Pure Apple Juice Carton', 'product_price': '£0.65', 'product_additionals': '(6.5p/100ml)'}, {'shop': 'asda', 'url': 'https://groceries.asda.com/product/19063', 'product_name': 'ASDA 100% Pure Apple Juice Cartons', 'product_price': '£2.58', 'product_additionals': '(6.5p/100ml)'}, {'shop': 'asda', 'url': 'https://groceries.asda.com/product/1000234166744', 'product_name': 'ASDA 100% Pure Apple Juice from Concentrate Cartons', 'product_price': '£0.75', 'product_additionals': '(16.7p/100ml)'}, {'shop': 'asda', 'url': 'https://groceries.asda.com/product/24870', 'product_name': 'ASDA 100% Pure Orange & Pineapple Juice', 'product_price': '£0.95', 'product_additionals': 'No weight data'}, {'shop': 'asda', 'url': 'https://groceries.asda.com/product/1000086123540', 'product_name': 'ASDA 2 Apple Tarts', 'product_price': '£1.75', 'product_additionals': '(87.5p/each)'}, {'shop': 'asda', 'url': 'https://groceries.asda.com/product/910002822103', 'product_name': 'ASDA 50% Fruit Apple High Juice', 'product_price': '£1.25', 'product_additionals': '(12.5p/100ml)'}, {'shop': 'asda', 'url': 'https://groceries.asda.com/product/1000121694453', 'product_name': 'ASDA 50% Fruit High Juice Apple & Cherry', 'product_price': '£1.25', 'product_additionals': '(12.5p/100ml)'}, {'shop': 'asda', 'url': 'https://groceries.asda.com/product/1000121694562', 'product_name': 'ASDA 50% Fruit High Juice Apple & Mango', 'product_price': '£1.36', 'product_additionals': '(13.6p/100ml)'}, {'shop': 'asda', 'url': 'https://groceries.asda.com/product/1000141000064', 'product_name': 'ASDA 50% Fruit High Juice Mango, Apple & Passion Fruit Cordial', 'product_price': '£1.35', 'product_additionals': '(13.5p/100ml)'}, {'shop': 'asda', 'url': 'https://groceries.asda.com/product/1000213879511', 'product_name': 'ASDA 6 Mini Pork & Apple Pies', 'product_price': '£1.55', 'product_additionals': '(51.7p/100g)'}, {'shop': 'asda', 'url': 'https://groceries.asda.com/product/1000236571433', 'product_name': 'ASDA 6 Pork Stuffing Stars with Cranberry & Apple', 'product_price': '£2.25', 'product_additionals': 'No weight data'}, {'shop': 'asda', 'url': 'https://groceries.asda.com/product/1000110474745', 'product_name': 'ASDA Apple & Blackberry Pie', 'product_price': '£3.00', 'product_additionals': '(£3.00/each)'}, {'shop': 'asda', 'url': 'https://groceries.asda.com/product/910003055311', 'product_name': 'ASDA Apple & Blackcurrant Juice Drinks', 'product_price': '£1.65', 'product_additionals': '(10.3p/100ml)'}, {'shop': 'asda', 'url': 'https://groceries.asda.com/product/910003043764', 'product_name': 'ASDA Apple & Blueberry Porridge Oats', 'product_price': '£0.79', 'product_additionals': 'No weight data'}, {'shop': 'asda', 'url': 'https://groceries.asda.com/product/910003043564', 'product_name': 'ASDA Apple & Blueberry Porridge Pot', 'product_price': '£0.35', 'product_additionals': '(61.4p/100g)'}, {'shop': 'asda', 'url': 'https://groceries.asda.com/product/1000114612689', 'product_name': 'ASDA Apple & Cinnamon Fruit & Grain Bars', 'product_price': '£0.95', 'product_additionals': '(42.8p/100g)'}, {'shop': 'asda', 'url': 'https://groceries.asda.com/product/1942590', 'product_name': 'ASDA Apple & Mango Juice', 'product_price': '£1.25', 'product_additionals': 'No weight data'}, {'shop': 'asda', 'url': 'https://groceries.asda.com/product/910000424346', 'product_name': 'ASDA Apple & Mango Juice Drink', 'product_price': '£0.85', 'product_additionals': '(8.5p/100ml)'}, {'shop': 'asda', 'url': 'https://groceries.asda.com/product/1000234166723', 'product_name': 'ASDA Apple & Mango Juice Drink Cartons', 'product_price': '£1.00', 'product_additionals': '(13.3p/100ml)'}, {'shop': 'asda', 'url': 'https://groceries.asda.com/product/1000234166732', 'product_name': 'ASDA Apple & Mango Juice Drink Cartons', 'product_price': '£0.79', 'product_additionals': '(17.6p/100ml)'}, {'shop': 'asda', 'url': 'https://groceries.asda.com/product/1000228153913', 'product_name': 'ASDA Apple & Raspberry Flavour Sparkling Water', 'product_price': '£0.40', 'product_additionals': '(4.0p/100ml)'}, {'shop': 'asda', 'url': 'https://groceries.asda.com/product/910003033748', 'product_name': 'ASDA Apple Crumble', 'product_price': '£2.50', 'product_additionals': '(50.0p/100g)'}, {'shop': 'asda', 'url': 'https://groceries.asda.com/product/910003018832', 'product_name': 'ASDA Apple Crumble', 'product_price': '£1.00', 'product_additionals': 'No weight data'}, {'shop': 'asda', 'url': 'https://groceries.asda.com/product/1000083187604', 'product_name': 'ASDA Apple Crumble Traybake', 'product_price': '£2.10', 'product_additionals': 'No weight data'}, {'shop': 'asda', 'url': 'https://groceries.asda.com/product/910003034051', 'product_name': 'ASDA Apple Crumbles', 'product_price': '£1.79', 'product_additionals': '(89.5p/each)'}, {'shop': 'asda', 'url': 'https://groceries.asda.com/product/910000426024', 'product_name': 'ASDA Apple Grapes & Cheese', 'product_price': '£1.25', 'product_additionals': '(£8.33/kg)'}, {'shop': 'asda', 'url': 'https://groceries.asda.com/product/1942585', 'product_name': 'ASDA Apple Juice', 'product_price': '£1.19', 'product_additionals': 'No weight data'}, {'shop': 'asda', 'url': 'https://groceries.asda.com/product/910002512325', 'product_name': 'ASDA Apple Juice From Concentrate', 'product_price': '£0.69', 'product_additionals': 'No weight data'}, {'shop': 'asda', 'url': 'https://groceries.asda.com/product/910001413502', 'product_name': 'ASDA Apple Slices', 'product_price': '£0.35', 'product_additionals': '(£4.38/kg)'}, {'shop': 'asda', 'url': 'https://groceries.asda.com/product/21081', 'product_name': 'ASDA Apple Slices', 'product_price': '£0.79', 'product_additionals': '(20.5p/100g)'}, {'shop': 'asda', 'url': 'https://groceries.asda.com/product/910001413503', 'product_name': 'ASDA Apple Slices & Grapes', 'product_price': '£0.35', 'product_additionals': '(£4.38/kg)'}, {'shop': 'asda', 'url': 'https://groceries.asda.com/product/910001130897', 'product_name': 'ASDA Apple Strudel', 'product_price': '£0.90', 'product_additionals': 'No weight data'}, {'shop': 'asda', 'url': 'https://groceries.asda.com/product/35450', 'product_name': 'ASDA Apple Turnovers', 'product_price': '£1.40', 'product_additionals': '(70.0p/each)'}, {'shop': 'asda', 'url': 'https://groceries.asda.com/product/910001183317', 'product_name': "ASDA Baker's Selection Apple Pie", 'product_price': '£1.10', 'product_additionals': '(£1.10/each)'}, {'shop': 'asda', 'url': 'https://groceries.asda.com/product/910002152748', 'product_name': 'ASDA Braised Red Cabbage with Apple, Onion and Red Wine Vinegar', 'product_price': '£1.50', 'product_additionals': 'No weight data'}, {'shop': 'asda', 'url': 'https://groceries.asda.com/product/9197420', 'product_name': 'ASDA Bramley Apple & Blackcurrant Pies', 'product_price': '£1.00', 'product_additionals': '(16.7p/each)'}, {'shop': 'asda', 'url': 'https://groceries.asda.com/product/910002754242', 'product_name': 'ASDA Bramley Apple Pie', 'product_price': '£2.75', 'product_additionals': '(£2.75/each)'}, {'shop': 'asda', 'url': 'https://groceries.asda.com/product/35268', 'product_name': 'ASDA Bramley Apple Pies', 'product_price': '£0.85', 'product_additionals': '(14.2p/each)'}, {'shop': 'asda', 'url': 'https://groceries.asda.com/product/1000133331310', 'product_name': 'ASDA Bramley Apple Sauce', 'product_price': '£0.49', 'product_additionals': '(17.5p/100g)'}, {'shop': 'asda', 'url': 'https://groceries.asda.com/product/910000908196', 'product_name': 'ASDA Candy Apple', 'product_price': '£0.60', 'product_additionals': '(60.0p/each)'}, {'shop': 'asda', 'url': 'https://groceries.asda.com/product/1000228555971', 'product_name': 'ASDA Energise Apple, Kiwi & Mango Juice', 'product_price': '£1.60', 'product_additionals': 'No weight data'}, {'shop': 'asda', 'url': 'https://groceries.asda.com/product/910001309336', 'product_name': 'ASDA Extra Special 6 Pork & Armagh Bramley Apple Sausages', 'product_price': '£2.25', 'product_additionals': 'No weight data'}, {'shop': 'asda', 'url': 'https://groceries.asda.com/product/910003101587', 'product_name': 'ASDA Extra Special Apple Balsamic Vinegar Infused Beetroot', 'product_price': '£1.00', 'product_additionals': 'No weight data'}, {'shop': 'asda', 'url': 'https://groceries.asda.com/product/1000004538423', 'product_name': 'ASDA Extra Special Berry & Bramley Apple Jam', 'product_price': '£1.25', 'product_additionals': '(36.8p/100g)'}, {'shop': 'asda', 'url': 'https://groceries.asda.com/product/910002091563', 'product_name': 'ASDA Extra Special English Bramley Apple Sauce with Cider', 'product_price': '£1.65', 'product_additionals': '(75.0p/100g)'}, {'shop': 'asda', 'url': 'https://groceries.asda.com/product/910000048124', 'product_name': 'ASDA Extra Special Mango Apple & Ginger Chutney', 'product_price': '£1.98', 'product_additionals': '(68.3p/100g)'}, {'shop': 'asda', 'url': 'https://groceries.asda.com/product/1000177394765', 'product_name': 'ASDA Extra Special Passion Fruit & Pineapple Cider', 'product_price': '£2.05', 'product_additionals': '(£4.10/lt)'}, {'shop': 'asda', 'url': 'https://groceries.asda.com/product/1000155195017', 'product_name': 'ASDA Extra Special Yorkshire Bred Apple & Sage Pulled Hog Roast', 'product_price': '£4.00', 'product_additionals': '(£4.00/kg)'}, {'shop': 'asda', 'url': 'https://groceries.asda.com/product/910003095036', 'product_name': 'ASDA Farm Stores Apples (Colour and Variety may vary)', 'product_price': '£0.59', 'product_additionals': '(£1.18/kg)'}, {'shop': 'asda', 'url': 'https://groceries.asda.com/product/910001837593', 'product_name': 'ASDA Fat Free Cottage Cheese With Pineapple', 'product_price': '£1.00', 'product_additionals': 'No weight data'}, {'shop': 'asda', 'url': 'https://groceries.asda.com/product/910001696687', 'product_name': 'ASDA Floor Cleaning Wipes Apple', 'product_price': '£0.90', 'product_additionals': 'No weight data'}, {'shop': 'asda', 'url': 'https://groceries.asda.com/product/910002597651', 'product_name': 'ASDA Free From 4 Bramley Apple Pies', 'product_price': '£2.00', 'product_additionals': 'No weight data'}, {'shop': 'asda', 'url': 'https://groceries.asda.com/product/910002339713', 'product_name': 'ASDA Frozen for Freshness Pineapple Chunks', 'product_price': '£1.65', 'product_additionals': 'No weight data'}, {'shop': 'asda', 'url': 'https://groceries.asda.com/product/1000144509295', 'product_name': 'ASDA Garden Gang Apples (Colour may vary)', 'product_price': '£0.90', 'product_additionals': '(15.0p/each)'}, {'shop': 'asda', 'url': 'https://groceries.asda.com/product/910000899721', 'product_name': "ASDA Grower's Selection Apples (Colour and Variety may vary)", 'product_price': '£1.60', 'product_additionals': '(£1.33/kg)'}, {'shop': 'asda', 'url': 'https://groceries.asda.com/product/910002849507', 'product_name': "ASDA Grower's Selection Apples (Colour and Variety may vary)", 'product_price': '£1.20', 'product_additionals': 'No weight data'}, {'shop': 'asda', 'url': 'https://groceries.asda.com/product/910002849516', 'product_name': "ASDA Grower's Selection Braeburn Apples", 'product_price': '£1.20', 'product_additionals': 'No weight data'}, {'shop': 'asda', 'url': 'https://groceries.asda.com/product/910002849545', 'product_name': "ASDA Grower's Selection Cox Apples", 'product_price': '£1.20', 'product_additionals': 'No weight data'}, {'shop': 'asda', 'url': 'https://groceries.asda.com/product/910002849510', 'product_name': "ASDA Grower's Selection Gala Apples", 'product_price': '£1.20', 'product_additionals': '(20.0p/each)'}, {'shop': 'asda', 'url': 'https://groceries.asda.com/product/20326', 'product_name': "ASDA Grower's Selection Giant Pineapple", 'product_price': '£1.50', 'product_additionals': '(£1.50/each)'}, {'shop': 'asda', 'url': 'https://groceries.asda.com/product/910002849529', 'product_name': "ASDA Grower's Selection Golden Delicious Apples", 'product_price': '£1.20', 'product_additionals': '(20.0p/each)'}, {'shop': 'asda', 'url': 'https://groceries.asda.com/product/910002849538', 'product_name': "ASDA Grower's Selection Granny Smith Apples", 'product_price': '£1.20', 'product_additionals': '(20.0p/each)'}, {'shop': 'asda', 'url': 'https://groceries.asda.com/product/910000059733', 'product_name': "ASDA Grower's Selection Honey Crunch Apples", 'product_price': '£2.00', 'product_additionals': '(50.0p/each)'}, {'shop': 'asda', 'url': 'https://groceries.asda.com/product/1000183742527', 'product_name': "ASDA Grower's Selection Jazz Apples", 'product_price': '£2.00', 'product_additionals': '(33.3p/each)'}, {'shop': 'asda', 'url': 'https://groceries.asda.com/product/20375', 'product_name': "ASDA Grower's Selection Loose Braeburn Apple (order by number of apples or select kg)", 'product_price': '£0.24', 'product_additionals': '(£1.50/kg)'}, {'shop': 'asda', 'url': 'https://groceries.asda.com/product/47285966', 'product_name': "ASDA Grower's Selection Loose Bramley Cooking Apple (order by number of apples or select kg)", 'product_price': '£0.27', 'product_additionals': '(£1.69/kg)'}, {'shop': 'asda', 'url': 'https://groceries.asda.com/product/20361', 'product_name': "ASDA Grower's Selection Loose Gala Apple (order by number of apples or select kg)", 'product_price': '£0.24', 'product_additionals': '(£1.50/kg)'}, {'shop': 'asda', 'url': 'https://groceries.asda.com/product/910002849503', 'product_name': "ASDA Grower's Selection Organic Apples", 'product_price': '£2.00', 'product_additionals': 'No weight data'}, {'shop': 'asda', 'url': 'https://groceries.asda.com/product/910001512881', 'product_name': "ASDA Grower's Selection Pineapple", 'product_price': '£0.95', 'product_additionals': '(95.0p/each)'}, {'shop': 'asda', 'url': 'https://groceries.asda.com/product/910002849540', 'product_name': "ASDA Grower's Selection Russet Apples", 'product_price': '£1.20', 'product_additionals': 'No weight data'}, {'shop': 'asda', 'url': 'https://groceries.asda.com/product/910000290272', 'product_name': 'ASDA Little Angels Apple Flavoured Rice Cakes 7+ Months', 'product_price': '£0.55', 'product_additionals': 'No weight data'}, {'shop': 'asda', 'url': 'https://groceries.asda.com/product/1000137976678', 'product_name': 'ASDA Little Angels Bubble Bath Pineapple', 'product_price': '£1.75', 'product_additionals': 'No weight data'}, {'shop': 'asda', 'url': 'https://groceries.asda.com/product/910001789007', 'product_name': 'ASDA Little Angels Organic Apple Flavoured Biscotti 7+ Months', 'product_price': '£0.75', 'product_additionals': 'No weight data'}, {'shop': 'asda', 'url': 'https://groceries.asda.com/product/910002313859', 'product_name': 'ASDA Little Angels Organic Squeezy Fruit Apple Strawberry & Blueberry 6+ Months', 'product_price': '£0.52', 'product_additionals': 'No weight data'}, {'shop': 'asda', 'url': 'https://groceries.asda.com/product/910002313405', 'product_name': 'ASDA Little Angels Organic Squeezy Fruit Pouch Apple & Strawberry 6+ Months', 'product_price': '£0.52', 'product_additionals': 'No weight data'}, {'shop': 'asda', 'url': 'https://groceries.asda.com/product/910002314137', 'product_name': 'ASDA Little Angels Organic Squeezy Fruit Pouch Apple Mango & Banana 6+ Months', 'product_price': '£0.52', 'product_additionals': 'No weight data'}, {'shop': 'asda', 'url': 'https://groceries.asda.com/product/1000001821232', 'product_name': 'ASDA Little Angels Organic Yummy Fruit Apple & Strawberry 6+ Months', 'product_price': '£1.50', 'product_additionals': 'No weight data'}, {'shop': 'asda', 'url': 'https://groceries.asda.com/product/1000001819529', 'product_name': 'ASDA Little Angels Organic Yummy Fruit Apple, Banana, Peach & Pear 6+ Months', 'product_price': '£1.50', 'product_additionals': 'No weight data'}, {'shop': 'asda', 'url': 'https://groceries.asda.com/product/1000001819412', 'product_name': 'ASDA Little Angels Organic Yummy Fruit Apple, Mango & Banana Pouches 6+ Months', 'product_price': '£1.50', 'product_additionals': 'No weight data'}, {'shop': 'asda', 'url': 'https://groceries.asda.com/product/910001932638', 'product_name': 'ASDA Mango & Pineapple Smoothie Mix', 'product_price': '£1.65', 'product_additionals': 'No weight data'}, {'shop': 'asda', 'url': 'https://groceries.asda.com/product/910000347964', 'product_name': 'ASDA Mango Melon & Pineapple Mini Platter', 'product_price': '£1.50', 'product_additionals': '(£6.25/kg)'}, {'shop': 'asda', 'url': 'https://groceries.asda.com/product/1000234166573', 'product_name': 'ASDA No Added Sugar Apple & Blackcurrant Juice Drink Cartons', 'product_price': '£1.00', 'product_additionals': '(13.3p/100ml)'}, {'shop': 'asda', 'url': 'https://groceries.asda.com/product/910002821913', 'product_name': 'ASDA No Added Sugar Apple & Blackcurrant Squash', 'product_price': '£0.79', 'product_additionals': '(5.3p/100ml)'}, {'shop': 'asda', 'url': 'https://groceries.asda.com/product/985450', 'product_name': 'ASDA No Added Sugar Apple & Mango Flavoured Sparkling Water Bottle', 'product_price': '£0.40', 'product_additionals': '(4.0p/100ml)'}, {'shop': 'asda', 'url': 'https://groceries.asda.com/product/1000234166665', 'product_name': 'ASDA No Added Sugar Apple & Pear Juice Drink Cartons', 'product_price': '£1.00', 'product_additionals': '(13.3p/100ml)'}, {'shop': 'asda', 'url': 'https://groceries.asda.com/product/910002821402', 'product_name': 'ASDA No Added Sugar Double Strength Orange & Pineapple Squash', 'product_price': '£1.00', 'product_additionals': '(6.7p/100ml)'}, {'shop': 'asda', 'url': 'https://groceries.asda.com/product/910000558765', 'product_name': 'ASDA Pineapple & Coconut Juice Drink', 'product_price': '£1.00', 'product_additionals': '(10.0p/100ml)'}, {'shop': 'asda', 'url': 'https://groceries.asda.com/product/910001512390', 'product_name': 'ASDA Pineapple Chunks', 'product_price': '£1.50', 'product_additionals': '(£3.75/kg)'}, {'shop': 'asda', 'url': 'https://groceries.asda.com/product/1942216', 'product_name': 'ASDA Pineapple Juice', 'product_price': '£1.25', 'product_additionals': 'No weight data'}, {'shop': 'asda', 'url': 'https://groceries.asda.com/product/910000429001', 'product_name': 'ASDA Pineapple Juice', 'product_price': '£0.80', 'product_additionals': '(8.0p/100ml)'}, {'shop': 'asda', 'url': 'https://groceries.asda.com/product/1000234166611', 'product_name': 'ASDA Pineapple Juice from Concentrate Cartons', 'product_price': '£0.75', 'product_additionals': '(16.7p/100ml)'}, {'shop': 'asda', 'url': 'https://groceries.asda.com/product/910001505105', 'product_name': 'ASDA Pineapple Kiwi & Grape', 'product_price': '£1.00', 'product_additionals': '(£5.00/kg)'}, {'shop': 'asda', 'url': 'https://groceries.asda.com/product/910001413505', 'product_name': 'ASDA Pineapple Lolly', 'product_price': '£0.35', 'product_additionals': '(£4.38/kg)'}, {'shop': 'asda', 'url': 'https://groceries.asda.com/product/1000186981310', 'product_name': 'ASDA Pineapple Rose Gold Fashion Pen', 'product_price': '£1.50', 'product_additionals': '(£1.50/each)'}, {'shop': 'asda', 'url': 'https://groceries.asda.com/product/910000423336', 'product_name': 'ASDA Pineapple, Banana & Coconut Smoothie', 'product_price': '£1.29', 'product_additionals': 'No weight data'}, {'shop': 'asda', 'url': 'https://groceries.asda.com/product/1000121694551', 'product_name': 'ASDA Pineapple, Grapes & Apple', 'product_price': '£1.00', 'product_additionals': '(£4.44/kg)'}, {'shop': 'asda', 'url': 'https://groceries.asda.com/product/1000244229120', 'product_name': 'ASDA Pineapple, Grapes & Cheese', 'product_price': '£1.25', 'product_additionals': '(£7.81/kg)'}, {'shop': 'asda', 'url': 'https://groceries.asda.com/product/1000207495043', 'product_name': 'ASDA Pineapple, Mango & Passion Fruit', 'product_price': '£1.00', 'product_additionals': 'No weight data'}, {'shop': 'asda', 'url': 'https://groceries.asda.com/product/1000208855984', 'product_name': 'ASDA Pineapple, Watermelon & Grapes', 'product_price': '£1.00', 'product_additionals': 'No weight data'}, {'shop': 'asda', 'url': 'https://groceries.asda.com/product/1000138674262', 'product_name': 'ASDA Pomegranate and Apple Extract Shower Gel', 'product_price': '£0.65', 'product_additionals': '(26.0p/100ml)'}, {'shop': 'asda', 'url': 'https://groceries.asda.com/product/1000093406033', 'product_name': 'ASDA Pressed Fruit Apple Juice', 'product_price': '£1.85', 'product_additionals': 'No weight data'}, {'shop': 'asda', 'url': 'https://groceries.asda.com/product/1000228959326', 'product_name': 'ASDA Pressed Fruit Apple Juice', 'product_price': '£1.95', 'product_additionals': 'No weight data'}, {'shop': 'asda', 'url': 'https://groceries.asda.com/product/1000228556097', 'product_name': 'ASDA Protect Apple, Strawberry & Guarana Juice', 'product_price': '£1.60', 'product_additionals': 'No weight data'}, {'shop': 'asda', 'url': 'https://groceries.asda.com/product/1000071331622', 'product_name': 'ASDA Simple to Cook 2 Ham Hocks in an Apple Glaze', 'product_price': '£4.00', 'product_additionals': 'No weight data'}, {'shop': 'asda', 'url': 'https://groceries.asda.com/product/32823', 'product_name': 'ASDA Smart Price Apple Juice', 'product_price': '£0.55', 'product_additionals': '(5.5p/100ml)'}, {'shop': 'asda', 'url': 'https://groceries.asda.com/product/910002821425', 'product_name': 'ASDA Smart Price No Added Sugar Apple & Blackcurrant Double Strength Squash', 'product_price': '£0.40', 'product_additionals': '(5.3p/100ml)'}, {'shop': 'asda', 'url': 'https://groceries.asda.com/product/1000226714593', 'product_name': 'ASDA Stonebaked Ham & Pineapple Pizza', 'product_price': '£1.15', 'product_additionals': 'No weight data'}, {'shop': 'asda', 'url': 'https://groceries.asda.com/product/910002689102', 'product_name': 'ASDA Strawberry Raspberry & Apple Granola', 'product_price': '£2.00', 'product_additionals': '(20.0p/100g)'}, {'shop': 'asda', 'url': 'https://groceries.asda.com/product/1000151138637', 'product_name': 'ASDA Sweet Apple Washing Up Liquid', 'product_price': '£0.50', 'product_additionals': '(£1.00/lt)'}, {'shop': 'asda', 'url': 'https://groceries.asda.com/product/1000225889754', 'product_name': 'ASDA Thin Stonebaked Ham & Pineapple Pizza', 'product_price': '£2.00', 'product_additionals': 'No weight data'}, {'shop': 'asda', 'url': 'https://groceries.asda.com/product/910000908762', 'product_name': 'ASDA Toffee Apple', 'product_price': '£0.49', 'product_additionals': '(49.0p/each)'}, {'shop': 'asda', 'url': 'https://groceries.asda.com/product/910000565836', 'product_name': 'Aspall Classic Apple Cyder Vinegar', 'product_price': '£1.50', 'product_additionals': 'No weight data'}, {'shop': 'tesco', 'url': 'https://www.tesco.com/groceries/en-GB/products/262597364', 'product_name': 'Aspall Draught Apple Cyder 500Ml Bottle', 'product_price': '£ 2.00', 'product_additionals': '£4.00/litre'}, {'shop': 'tesco', 'url': 'https://www.tesco.com/groceries/en-GB/products/257810454', 'product_name': 'Aspall Premium Cru Apple Cyder 500Ml Bottle', 'product_price': '£ 2.00', 'product_additionals': '£4.00/litre'}, {'shop': 'tesco', 'url': 'https://www.tesco.com/groceries/en-GB/products/302273220', 'product_name': 'Aspall Raw Apple Cyder Vinegar With Honey 500Ml', 'product_price': '£ 6.00', 'product_additionals': '£1.20/100ml'}, {'shop': 'tesco', 'url': 'https://www.tesco.com/groceries/en-GB/products/297105301', 'product_name': 'Aspall Raw Organic Apple Cyder Vinegar 500Ml', 'product_price': '£ 2.50', 'product_additionals': '£0.50/100ml'}, {'shop': 'tesco', 'url': 'https://www.tesco.com/groceries/en-GB/products/271262073', 'product_name': "Aunt Bessie's Bramley Apple Crumble 500G", 'product_price': '£ 1.35', 'product_additionals': '£0.27/100g'}, {'shop': 'asda', 'url': 'https://groceries.asda.com/product/910001045951', 'product_name': "Aunt Bessie's Bramley Apple Pie", 'product_price': '£1.50', 'product_additionals': 'No weight data'}, {'shop': 'sains', 'url': 'https://www.sainsburys.co.uk/shop/gb/groceries/product/details/easter-special-offers/aunt-bessies-bramley-apple-pie-550g', 'product_name': "Aunt Bessie's Family Apple Pie 550g", 'product_price': '£1.50', 'product_additionals': '27p / 100g'}, {'shop': 'sains', 'url': 'https://www.sainsburys.co.uk/shop/gb/groceries/product/details/easter-special-offers/aunt-bessies-braley-apple-crumble-500g', 'product_name': "Aunt Bessie's Scrumptious Apple Crumble 500g", 'product_price': '£1.50', 'product_additionals': '30p / 100g'}, {'shop': 'tesco', 'url': 'https://www.tesco.com/groceries/en-GB/products/302462117', 'product_name': 'Babease Organic Strawberry Apple Brown Rice 100G', 'product_price': '£ 1.10', 'product_additionals': '£1.10/100g'}, {'shop': 'tesco', 'url': 'https://www.tesco.com/groceries/en-GB/products/306502416', 'product_name': 'Barefoot Wine Seltzer Pineapple Passion Fruit 250Ml', 'product_price': '£ 1.80', 'product_additionals': '£7.20/litre'}, {'shop': 'asda', 'url': 'https://groceries.asda.com/product/910001478772', 'product_name': 'Bartons Apple Sauce', 'product_price': '£1.50', 'product_additionals': 'No weight data'}, {'shop': 'sains', 'url': 'https://www.sainsburys.co.uk/shop/gb/groceries/product/details/vitamins-and-supplements-/bassetts-multivitamin---omega-3--blackcurrant-3-6-years-x30', 'product_name': 'Bassetts Vitamins Multivitamins Blackcurrant & Apple Flavour 3-6 Years One A Day Soft & Chewies x30', 'product_price': '£4.50', 'product_additionals': '15p / ea'}, {'shop': 'asda', 'url': 'https://groceries.asda.com/product/910002068823', 'product_name': 'Bassetts Vitamins Vitamins Multivitamins Blackcurrant & Apple Flavour 3-6 Years Soft & Chewies', 'product_price': '£4.00', 'product_additionals': '(13.3p/each)'}, {'shop': 'tesco', 'url': 'https://www.tesco.com/groceries/en-GB/products/291421074', 'product_name': 'Baylis & Harding Antibacterial Handwash Jasmine & Apple 500Ml', 'product_price': '£ 2.00', 'product_additionals': '£0.40/100ml'}, {'shop': 'asda', 'url': 'https://groceries.asda.com/product/910002145414', 'product_name': 'Baylis & Harding Jasmine & Apple Blossom Antibacterial Luxury Hand Wash', 'product_price': '£1.48', 'product_additionals': 'No weight data'}, {'shop': 'asda', 'url': 'https://groceries.asda.com/product/910002425249', 'product_name': 'Baylis & Harding Jasmine & Apple Blossom Luxury Hand Gel', 'product_price': '£1.00', 'product_additionals': 'No weight data'}, {'shop': 'asda', 'url': 'https://groceries.asda.com/product/1000108780783', 'product_name': 'BEAR Fruit & Veg Paws Apple & Pumpkin', 'product_price': '£2.45', 'product_additionals': 'No weight data'}, {'shop': 'asda', 'url': 'https://groceries.asda.com/product/910002026272', 'product_name': 'BEAR Fruit Yoyos Apple Multipack', 'product_price': '£2.00', 'product_additionals': 'No weight data'}, {'shop': 'asda', 'url': 'https://groceries.asda.com/product/910003040723', 'product_name': 'BEAR Fruit Yoyos Super Sour Strawberry & Apple Multipack 5 Pack', 'product_price': '£2.00', 'product_additionals': 'No weight data'}, {'shop': 'sains', 'url': 'https://www.sainsburys.co.uk/shop/gb/groceries/product/details/special-offers-462368-44/bear-super-sour-strawberry---apple-yoyos-10-fruit-rolls-x5', 'product_name': 'BEAR Fruit Yoyos Super Sour Strawberry & Apple Multipack x5 20g', 'product_price': '£2.00', 'product_additionals': '£2.00 / 100g'}, {'shop': 'tesco', 'url': 'https://www.tesco.com/groceries/en-GB/products/306927708', 'product_name': 'Bear Giant Yoyo Apple & Blackcurrant 5 X 20G', 'product_price': '£ 2.40', 'product_additionals': '£24.00/kg'}, {'shop': 'asda', 'url': 'https://groceries.asda.com/product/910001582911', 'product_name': 'BEAR Pure Fruit Paws Apple & Blackcurrant 5 Pack', 'product_price': '£1.98', 'product_additionals': 'No weight data'}, {'shop': 'asda', 'url': 'https://groceries.asda.com/product/910001583071', 'product_name': 'BEAR Pure Fruit Paws Strawberry & Apple 5 Pack', 'product_price': '£1.98', 'product_additionals': 'No weight data'}, {'shop': 'tesco', 'url': 'https://www.tesco.com/groceries/en-GB/products/284983000', 'product_name': 'Bear Pure Fruit Yoyo Apple 5 X 20G', 'product_price': '£ 2.40', 'product_additionals': '£24.00/kg'}, {'shop': 'tesco', 'url': 'https://www.tesco.com/groceries/en-GB/products/297490420', 'product_name': 'Bear Yoyo Sours Blackcurrant & Apple 100G', 'product_price': '£ 2.40', 'product_additionals': '£24.00/kg'}, {'shop': 'tesco', 'url': 'https://www.tesco.com/groceries/en-GB/products/295684395', 'product_name': 'Bear Yoyo Sours Mango & Apple 10 Rolls 5 Pack', 'product_price': '£ 2.40', 'product_additionals': '£0.48/each'}, {'shop': 'tesco', 'url': 'https://www.tesco.com/groceries/en-GB/products/295684372', 'product_name': 'Bear Yoyo Sours Strawberry & Apple 10 Rolls 5 Pack', 'product_price': '£ 2.40', 'product_additionals': '£0.48/each'}, {'shop': 'tesco', 'url': 'https://www.tesco.com/groceries/en-GB/products/307357223', 'product_name': 'Belvoir Pink Lady Sparkling Apple Juice 750Ml', 'product_price': '£ 2.50', 'product_additionals': '£0.33/100ml'}, {'shop': 'asda', 'url': 'https://groceries.asda.com/product/910001437513', 'product_name': 'Bigga Pineapple Drink', 'product_price': '£0.75', 'product_additionals': '(22.7p/100ml)'}, {'shop': 'asda', 'url': 'https://groceries.asda.com/product/1000134726909', 'product_name': 'Black Sheep Pineapple Milkshake IPA', 'product_price': '£1.80', 'product_additionals': 'No weight data'}, {'shop': 'asda', 'url': 'https://groceries.asda.com/product/910000271963', 'product_name': 'Bloo Flowers In-Cistern Blocks Rose & Apple Blossom Pink Water', 'product_price': '£1.80', 'product_additionals': '(90.0p/each)'}, {'shop': 'tesco', 'url': 'https://www.tesco.com/groceries/en-GB/products/302820564', 'product_name': 'Bloo Fragrance Switch Lily & Apple Rim Block 50G', 'product_price': '£ 1.75', 'product_additionals': '£35.00/kg'}, {'shop': 'asda', 'url': 'https://groceries.asda.com/product/1000142866255', 'product_name': 'Blu Green Apple E-Liquid 8mg', 'product_price': '£3.99', 'product_additionals': '(£3.99/each)'}, {'shop': 'tesco', 'url': 'https://www.tesco.com/groceries/en-GB/products/271681734', 'product_name': 'Bobo Frut Apple Banana & Carrot Juice 300Ml', 'product_price': '£ 1.40', 'product_additionals': '£0.47/100ml'}, {'shop': 'tesco', 'url': 'https://www.tesco.com/groceries/en-GB/products/305256484', 'product_name': 'Botanica Airwick Pineapple & Rosemary Diffuser 80Ml', 'product_price': '£ 7.00', 'product_additionals': '£87.50/litre'}, {'shop': 'tesco', 'url': 'https://www.tesco.com/groceries/en-GB/products/305037202', 'product_name': 'Botanica Airwick Pineapple & Rosemary Refill 19Ml', 'product_price': '£ 4.50', 'product_additionals': '£236.85/litre'}, {'shop': 'tesco', 'url': 'https://www.tesco.com/groceries/en-GB/products/305252239', 'product_name': 'Botanica Airwick Pineapple Tunisian Rosemary 205G', 'product_price': '£ 7.00', 'product_additionals': '£34.15/kg'}, {'shop': 'tesco', 'url': 'https://www.tesco.com/groceries/en-GB/products/253807413', 'product_name': 'Braeburn Apples Loose Class 1', 'product_price': '£ 0.44', 'product_additionals': '£2.20/kg'}, {'shop': 'aldi', 'url': 'https://www.aldi.co.uk/bramley-apple-pie/p/072181420105200', 'product_name': 'Bramley Apple Pie', 'product_price': '0.85', 'product_additionals': '15.5p/17p per 100g'}, {'shop': 'tesco', 'url': 'https://www.tesco.com/groceries/en-GB/products/256859922', 'product_name': 'Bramley Apple Pie Each', 'product_price': '£ 1.25', 'product_additionals': '£1.25/each'}, {'shop': 'asda', 'url': 'https://groceries.asda.com/product/1000051700064', 'product_name': 'Branston Dorset Ale & Apple Chutney', 'product_price': '£1.55', 'product_additionals': '(53.4p/100g)'}, {'shop': 'sains', 'url': 'https://www.sainsburys.co.uk/shop/gb/groceries/product/details/special-offers-462352-44/brite-focus-pineapple-mango-330ml', 'product_name': 'Brite Focus Pineapple & Mango 330ml', 'product_price': '£1.60', 'product_additionals': '49p / 100ml'}, {'shop': 'asda', 'url': 'https://groceries.asda.com/product/1000015062703', 'product_name': 'Brompton House Apple Puffs', 'product_price': '£2.50', 'product_additionals': '(20.8p/each)'}, {'shop': 'tesco', 'url': 'https://www.tesco.com/groceries/en-GB/products/268225531', 'product_name': 'Brothers Toffee Apple Cider 500Ml Bottle', 'product_price': '£ 2.00', 'product_additionals': '£4.00/litre'}, {'shop': 'asda', 'url': 'https://groceries.asda.com/product/1000159248332', 'product_name': 'Brothers Toffee Apple English Cider', 'product_price': '£2.00', 'product_additionals': '(£4.00/lt)'}, {'shop': 'asda', 'url': 'https://groceries.asda.com/product/1000207107040', 'product_name': 'Bubble Up Pineapple Peach Sunny Side Up The Big Bath Melt Bar', 'product_price': '£3.00', 'product_additionals': '(£1.43/100g)'}, {'shop': 'tesco', 'url': 'https://www.tesco.com/groceries/en-GB/products/294348536', 'product_name': 'Bulmers Original Apple Cider 8X500ml Bottle', 'product_price': '£ 6.00', 'product_additionals': '£1.50/litre'}, {'shop': 'asda', 'url': 'https://groceries.asda.com/product/910000562411', 'product_name': 'Calcough Infant Syrup Apple Flavour 3+ Months', 'product_price': '£3.50', 'product_additionals': '(£2.80/100ml)'}, {'shop': 'asda', 'url': 'https://groceries.asda.com/product/1000150899991', 'product_name': 'Capri-Sun No Added Sugar Blackcurrant & Apple 8 Pack', 'product_price': '£2.00', 'product_additionals': '(12.5p/100ml)'}, {'shop': 'tesco', 'url': 'https://www.tesco.com/groceries/en-GB/products/266385580', 'product_name': 'Caprio Apple & Raspberry Drink 2 Litre Carton', 'product_price': '£ 1.10', 'product_additionals': '£0.06/100ml'}, {'shop': 'asda', 'url': 'https://groceries.asda.com/product/910000290031', 'product_name': 'Caprio Apple and Raspberry Multifruit Drink', 'product_price': '£1.30', 'product_additionals': '(6.5p/100ml)'}, {'shop': 'tesco', 'url': 'https://www.tesco.com/groceries/en-GB/products/305831293', 'product_name': 'Captain Morgan Tiki Mango & Pineapple 700Ml', 'product_price': '£ 15.50', 'product_additionals': '£22.15/litre'}, {'shop': 'asda', 'url': 'https://groceries.asda.com/product/1000204973277', 'product_name': 'Captain Morgan Tiki Pineapple and Mango', 'product_price': '£16.50', 'product_additionals': '(£23.57/lt)'}, {'shop': 'asda', 'url': 'https://groceries.asda.com/product/1000015061493', 'product_name': 'Carabao Energy Drink Green Apple Sugar Free', 'product_price': '£0.59', 'product_additionals': '(17.9p/100ml)'}, {'shop': 'tesco', 'url': 'https://www.tesco.com/groceries/en-GB/products/251888083', 'product_name': 'Castello Pineapple Halo 125G', 'product_price': '£ 1.30', 'product_additionals': '£10.40/kg'}, {'shop': 'sains', 'url': 'https://www.sainsburys.co.uk/shop/gb/groceries/product/details/perfect-cheeseboards/castello-pineapple-halo-125g', 'product_name': 'Castello Pineapple Halo Soft Cheese 125g', 'product_price': '£1.00', 'product_additionals': '£8.00 / kg'}, {'shop': 'asda', 'url': 'https://groceries.asda.com/product/910000237200', 'product_name': 'Castello Soft Cheese With Pineapple', 'product_price': '£1.20', 'product_additionals': 'No weight data'}, {'shop': 'tesco', 'url': 'https://www.tesco.com/groceries/en-GB/products/263879352', 'product_name': 'Cawston Press Apple & Ginger Juice 1L', 'product_price': '£ 2.30', 'product_additionals': '£0.23/100ml'}, {'shop': 'tesco', 'url': 'https://www.tesco.com/groceries/en-GB/products/278584055', 'product_name': 'Cawston Press Apple & Pear 3X200ml', 'product_price': '£ 1.60', 'product_additionals': '£0.27/100ml'}, {'shop': 'tesco', 'url': 'https://www.tesco.com/groceries/en-GB/products/263879438', 'product_name': 'Cawston Press Apple & Rhubarb Juice 1Ltr', 'product_price': '£ 2.30', 'product_additionals': '£0.23/100ml'}, {'shop': 'asda', 'url': 'https://groceries.asda.com/product/1000117784314', 'product_name': 'Cawston Press Cloudy Apple Cans', 'product_price': '£3.50', 'product_additionals': '(26.5p/100ml)'}, {'shop': 'tesco', 'url': 'https://www.tesco.com/groceries/en-GB/products/278583954', 'product_name': 'Cawston Press Kids Apple & Mango 3X200ml', 'product_price': '£ 1.60', 'product_additionals': '£0.27/100ml'}, {'shop': 'tesco', 'url': 'https://www.tesco.com/groceries/en-GB/products/254914198', 'product_name': 'Certo Apple Pectin 250Gml', 'product_price': '£ 2.50', 'product_additionals': '£1.00/100ml'}, {'shop': 'tesco', 'url': 'https://www.tesco.com/groceries/en-GB/products/256385065', 'product_name': 'Chewits Xtreme Sour Apple Stick 31G', 'product_price': '£ 0.20', 'product_additionals': '£0.20/each'}, {'shop': 'asda', 'url': 'https://groceries.asda.com/product/910000544075', 'product_name': 'Chicago Town 2 Deep Dish Ham & Pineapple Pizzas', 'product_price': '£1.50', 'product_additionals': 'No weight data'}, {'shop': 'tesco', 'url': 'https://www.tesco.com/groceries/en-GB/products/275038051', 'product_name': 'Chicago Town Ham & Pineapple Twin Pack Mini Pizza 330G', 'product_price': '£ 1.50', 'product_additionals': '£0.46/100g'}, {'shop': 'asda', 'url': 'https://groceries.asda.com/product/1000202846309', 'product_name': 'Childs Farm 3 in 1 Sport, Watermelon & Organic Pineapple', 'product_price': '£4.00', 'product_additionals': 'No weight data'}, {'shop': 'tesco', 'url': 'https://www.tesco.com/groceries/en-GB/products/297115462', 'product_name': 'Childs Farm Blackberry & Apple Body Wash 250Ml', 'product_price': '£ 4.00', 'product_additionals': '£1.60/100ml'}, {'shop': 'tesco', 'url': 'https://www.tesco.com/groceries/en-GB/products/303483845', 'product_name': 'Childs Farm Hair & Body Wash 250Ml Watermelon Pineapple', 'product_price': '£ 4.00', 'product_additionals': '£1.60/100ml'}, {'shop': 'asda', 'url': 'https://groceries.asda.com/product/1000107088365', 'product_name': 'Childs Farm Hair & Body Wash Watermelon & Organic Pineapple', 'product_price': '£4.00', 'product_additionals': '(£1.60/100ml)'}, {'shop': 'coop', 'url': 'https://www.coop.co.uk/products/co-op-family-apple-pack', 'product_name': 'Co-op Family Apple Pack', 'product_price': '£2.20', 'product_additionals': 'Per pack (99p per pack)'}, {'shop': 'coop', 'url': 'https://www.coop.co.uk/products/co-op-gold-pineapple', 'product_name': 'Co-op Gold Pineapple Each', 'product_price': '£1.15', 'product_additionals': 'Each (85.0p per item)'}, {'shop': 'coop', 'url': 'https://www.coop.co.uk/products/co-op-irresistible-limited-edition-bramley-apple-and-cinnamon-hot-cross-buns-4-pack', 'product_name': 'Co-op Irresistible Limited Edition Bramley Apple & Cinnamon Hot Cross Buns 4 Pack', 'product_price': '£1.35', 'product_additionals': '4 pack (33.8p per item)'}, {'shop': 'coop', 'url': 'https://www.coop.co.uk/products/co-op-irresistible-pineapple-rum-838532', 'product_name': 'Co-op Irresistible Pineapple Rum 70cl', 'product_price': '£20', 'product_additionals': 'No weight data'}, {'shop': 'coop', 'url': 'https://www.coop.co.uk/products/co-op-pineapple-and-coconut-coolers-3x90ml-270ml', 'product_name': 'Co-op Pineapple & Coconut Coolers 3x90ml (270ml)', 'product_price': '£1.50', 'product_additionals': '270ml (55.6p per 100ml)\n3 pack'}, {'shop': 'coop', 'url': 'https://www.coop.co.uk/products/co-op-royal-gala-apples', 'product_name': 'Co-op Royal Gala Apples', 'product_price': '£2', 'product_additionals': '(99.0p per item)'}, {'shop': 'asda', 'url': 'https://groceries.asda.com/product/1000244431728', 'product_name': 'Collection Gloss Me Up Lip Gloss Sh6 Red Apple', 'product_price': '£2.98', 'product_additionals': '(£2.98/10ml)'}, {'shop': 'asda', 'url': 'https://groceries.asda.com/product/910003020651', 'product_name': "Colman's Bramley Apple Sauce", 'product_price': '£1.00', 'product_additionals': '(64.5p/100g)'}, {'shop': 'tesco', 'url': 'https://www.tesco.com/groceries/en-GB/products/296186827', 'product_name': "Colman's Bramley Apple Sauce 155G", 'product_price': '£ 1.00', 'product_additionals': '£0.65/100g'}, {'shop': 'sains', 'url': 'https://www.sainsburys.co.uk/shop/gb/groceries/product/details/coffee-shop/copella-apple---elderflower-15l', 'product_name': 'Copella Apple & Elderflower Juice 1.35L', 'product_price': '£2.00', 'product_additionals': '15p / 100ml'}, {'shop': 'tesco', 'url': 'https://www.tesco.com/groceries/en-GB/products/288307410', 'product_name': 'Copella Apple & Elderflower Juice 900Ml', 'product_price': '£ 2.00', 'product_additionals': '£0.22/100ml'}, {'shop': 'tesco', 'url': 'https://www.tesco.com/groceries/en-GB/products/301443856', 'product_name': 'Copella Apple And Elderflower Juice 1.35L', 'product_price': '£ 3.00', 'product_additionals': '£0.22/100ml'}, {'shop': 'tesco', 'url': 'https://www.tesco.com/groceries/en-GB/products/288306532', 'product_name': 'Copella Apple Juice 900Ml', 'product_price': '£ 2.00', 'product_additionals': '£0.22/100ml'}, {'shop': 'sains', 'url': 'https://www.sainsburys.co.uk/shop/gb/groceries/product/details/all-mothers-day/copella-apple-15l', 'product_name': 'Copella Cloudy Apple Juice 1.35L', 'product_price': '£2.00', 'product_additionals': '15p / 100ml'}, {'shop': 'tesco', 'url': 'https://www.tesco.com/groceries/en-GB/products/262019572', 'product_name': 'Cornish Rattler Apple Cider 500Ml Bottle', 'product_price': '£ 2.00', 'product_additionals': '£4.00/litre'}, {'shop': 'tesco', 'url': 'https://www.tesco.com/groceries/en-GB/products/253052928', 'product_name': 'Cow & Gate Apple & Banana Fruit Pot 4X100g 4 Mth+', 'product_price': '£ 1.45', 'product_additionals': '£3.63/kg'}, {'shop': 'asda', 'url': 'https://groceries.asda.com/product/910003267758', 'product_name': 'Cow & Gate Apple & Banana Fruit Pouches 4+ Months', 'product_price': '£2.80', 'product_additionals': 'No weight data'}, {'shop': 'sains', 'url': 'https://www.sainsburys.co.uk/shop/gb/groceries/product/details/price-lock-baby-toddler/cow-gate-apple-banana-frt-pot', 'product_name': 'Cow & Gate Apple & Banana Fruit Puree Pots 4x100g', 'product_price': '£1.45', 'product_additionals': '36p / 100g'}, {'shop': 'asda', 'url': 'https://groceries.asda.com/product/910002552735', 'product_name': 'Cow & Gate Apple & Blueberry Yoghurt Baby Food Jar 7+ Months', 'product_price': '£0.65', 'product_additionals': 'No weight data'}, {'shop': 'asda', 'url': 'https://groceries.asda.com/product/2305968', 'product_name': 'Cow & Gate Apple & Pear 100% Fruit Pots 4+ Months', 'product_price': '£1.30', 'product_additionals': 'No weight data'}, {'shop': 'tesco', 'url': 'https://www.tesco.com/groceries/en-GB/products/253052208', 'product_name': 'Cow & Gate Apple & Pear Fruit Pot 4X100g 4 Mth+', 'product_price': '£ 1.45', 'product_additionals': '£3.63/kg'}, {'shop': 'asda', 'url': 'https://groceries.asda.com/product/1000000986718', 'product_name': 'Cow & Gate Apple & Pear Pouches 4-6+ Months', 'product_price': '£2.80', 'product_additionals': 'No weight data'}, {'shop': 'tesco', 'url': 'https://www.tesco.com/groceries/en-GB/products/253052358', 'product_name': 'Cow & Gate Apple Apricot & Strawberry Fruit Pot 4X100g 4 Mth+', 'product_price': '£ 1.45', 'product_additionals': '£3.63/kg'}, {'shop': 'tesco', 'url': 'https://www.tesco.com/groceries/en-GB/products/305248540', 'product_name': 'Cow & Gate Apple Banana & Strawberry Pouches 4 X 100G', 'product_price': '£ 2.60', 'product_additionals': '£0.65/100g'}, {'shop': 'asda', 'url': 'https://groceries.asda.com/product/910002552787', 'product_name': 'Cow & Gate Apple Crumble Baby Food Jar 7+ Months', 'product_price': '£0.65', 'product_additionals': 'No weight data'}, {'shop': 'tesco', 'url': 'https://www.tesco.com/groceries/en-GB/products/264226336', 'product_name': 'Cow & Gate Apple Crumble Jar 200G 7 Mth+', 'product_price': '£ 0.70', 'product_additionals': '£3.50/kg'}, {'shop': 'asda', 'url': 'https://groceries.asda.com/product/910002552347', 'product_name': 'Cow & Gate Apple Pear & Raspberry Baby Food Jar 7+ Months', 'product_price': '£0.65', 'product_additionals': 'No weight data'}, {'shop': 'asda', 'url': 'https://groceries.asda.com/product/1000027214099', 'product_name': 'Cow & Gate Apple, Blackcurrant & Banana Fruit Pots from 4-6+ Months', 'product_price': '£1.30', 'product_additionals': 'No weight data'}, {'shop': 'asda', 'url': 'https://groceries.asda.com/product/1000195178720', 'product_name': 'Cow & Gate Apple, Strawberry & Banana Baby Fruit Pouches 4+ Months', 'product_price': '£2.80', 'product_additionals': 'No weight data'}, {'shop': 'asda', 'url': 'https://groceries.asda.com/product/910002552619', 'product_name': 'Cow & Gate Bursting Apple Banana & Berries Baby Food Jar 4m+', 'product_price': '£0.58', 'product_additionals': 'No weight data'}, {'shop': 'tesco', 'url': 'https://www.tesco.com/groceries/en-GB/products/296715393', 'product_name': 'Cow & Gate Fruit Pouch Apple & Banana 4 X 100G', 'product_price': '£ 2.60', 'product_additionals': '£0.65/100g'}, {'shop': 'asda', 'url': 'https://groceries.asda.com/product/910002551974', 'product_name': 'Cow & Gate Juicy Apple & Mango Baby Food Jar 4m+', 'product_price': '£0.58', 'product_additionals': 'No weight data'}, {'shop': 'asda', 'url': 'https://groceries.asda.com/product/910002552722', 'product_name': 'Cow & Gate Juicy Apple & Strawberry Baby Food Jar 4m+', 'product_price': '£0.58', 'product_additionals': 'No weight data'}, {'shop': 'asda', 'url': 'https://groceries.asda.com/product/910002552341', 'product_name': 'Cow & Gate Peach Apple & Kiwi Baby Food Jar 7+ Months', 'product_price': '£0.65', 'product_additionals': 'No weight data'}, {'shop': 'asda', 'url': 'https://groceries.asda.com/product/15397917', 'product_name': 'Cow & Gate Plum & Apple 100% Fruit Pots 4-6 Months', 'product_price': '£1.30', 'product_additionals': 'No weight data'}, {'shop': 'tesco', 'url': 'https://www.tesco.com/groceries/en-GB/products/258899992', 'product_name': 'Cow & Gate Plum & Apple Fruit Pot 4X100g 4 Mth+', 'product_price': '£ 1.45', 'product_additionals': '£3.63/kg'}, {'shop': 'tesco', 'url': 'https://www.tesco.com/groceries/en-GB/products/292718420', 'product_name': 'Cow & Gate Stage 2 Peach Apple & Kiwi 200G', 'product_price': '£ 0.70', 'product_additionals': '£3.50/kg'}, {'shop': 'asda', 'url': 'https://groceries.asda.com/product/1000053215763', 'product_name': 'Cranes Blueberries & Apples Cider', 'product_price': '£2.20', 'product_additionals': '(£4.40/lt)'}, {'shop': 'asda', 'url': 'https://groceries.asda.com/product/910003221437', 'product_name': 'Creative Nature Apple Pie Protein Flapjack', 'product_price': '£0.99', 'product_additionals': 'No weight data'}, {'shop': 'asda', 'url': 'https://groceries.asda.com/product/910002657218', 'product_name': 'Cristalinas Reed Diffuser, Cosy Apple & Cinnamon', 'product_price': '£2.00', 'product_additionals': 'No weight data'}, {'shop': 'tesco', 'url': 'https://www.tesco.com/groceries/en-GB/products/268607379', 'product_name': 'Crofters Apple Cider 5% 2L', 'product_price': '£ 2.05', 'product_additionals': '£1.03/litre'}, {'shop': 'tesco', 'url': 'https://www.tesco.com/groceries/en-GB/products/293089960', 'product_name': 'Crumpton Oaks Apple Cider 500Ml Bottle', 'product_price': '£ 0.85', 'product_additionals': '£1.70/litre'}, {'shop': 'tesco', 'url': 'https://www.tesco.com/groceries/en-GB/products/305522797', 'product_name': 'Dawtona Red Cabbage With Apple 500G', 'product_price': '£ 1.00', 'product_additionals': '£0.29/100g DR.WT'}, {'shop': 'tesco', 'url': 'https://www.tesco.com/groceries/en-GB/products/305973003', 'product_name': "Dead Man's Fingers Pineapple Rum 70Cl", 'product_price': '£ 22.00', 'product_additionals': '£31.43/litre'}, {'shop': 'tesco', 'url': 'https://www.tesco.com/groceries/en-GB/products/256265858', 'product_name': 'Del Monte Crushed Pineapple In Juice 435G', 'product_price': '£ 1.00', 'product_additionals': '£3.60/kg DR.WT'}, {'shop': 'asda', 'url': 'https://groceries.asda.com/product/466253', 'product_name': 'Del Monte Crushed Pineapple in Own Juice', 'product_price': '£1.10', 'product_additionals': '(39.6p/100g)'}, {'shop': 'asda', 'url': 'https://groceries.asda.com/product/1000052962645', 'product_name': 'Del Monte Gold Pineapple Chunks in Juice', 'product_price': '£1.20', 'product_additionals': '(46.2p/100g)'}, {'shop': 'tesco', 'url': 'https://www.tesco.com/groceries/en-GB/products/301443597', 'product_name': 'Del Monte Gold Pineapple Chunks In Juice 435G', 'product_price': '£ 1.20', 'product_additionals': '£4.62/kg DR.WT'}, {'shop': 'asda', 'url': 'https://groceries.asda.com/product/1000052962713', 'product_name': 'Del Monte Gold Pineapple Slices in Juice', 'product_price': '£1.20', 'product_additionals': '(46.2p/100g)'}, {'shop': 'tesco', 'url': 'https://www.tesco.com/groceries/en-GB/products/301443614', 'product_name': 'Del Monte Gold Pineapple Slices In Juice 435G', 'product_price': '£ 1.20', 'product_additionals': '£4.62/kg DR.WT'}, {'shop': 'asda', 'url': 'https://groceries.asda.com/product/37638', 'product_name': 'Del Monte Pineapple Chunks in Juice', 'product_price': '£1.10', 'product_additionals': '(42.3p/100g)'}, {'shop': 'tesco', 'url': 'https://www.tesco.com/groceries/en-GB/products/254900560', 'product_name': 'Del Monte Pineapple Chunks In Juice 230G', 'product_price': '£ 0.80', 'product_additionals': '£0.57/100g'}, {'shop': 'tesco', 'url': 'https://www.tesco.com/groceries/en-GB/products/257977129', 'product_name': 'Del Monte Pineapple Chunks In Juice 432G', 'product_price': '£ 1.00', 'product_additionals': '£3.85/kg DR.WT'}, {'shop': 'asda', 'url': 'https://groceries.asda.com/product/910001068902', 'product_name': 'Del Monte Quality Pineapple Chunks in Own Juice', 'product_price': '£0.80', 'product_additionals': '(57.1p/100g)'}, {'shop': 'asda', 'url': 'https://groceries.asda.com/product/23397', 'product_name': 'Del Monte Sliced Pineapple in Juice', 'product_price': '£1.10', 'product_additionals': '(42.3p/100g)'}, {'shop': 'asda', 'url': 'https://groceries.asda.com/product/37805', 'product_name': 'Del Monte Sliced Pineapple in Juice', 'product_price': '£0.80', 'product_additionals': '(57.1p/100g)'}, {'shop': 'sains', 'url': 'https://www.sainsburys.co.uk/shop/gb/groceries/product/details/all-price-lock/del-monte-sliced-pineapple-in-juice-227g', 'product_name': 'Del Monte Sliced Pineapple in Juice 220g (140g Drained)', 'product_price': '80p', 'product_additionals': '57p / 100g'}, {'shop': 'asda', 'url': 'https://groceries.asda.com/product/910002522972', 'product_name': 'Del Monte Squeezie Apple & Mango', 'product_price': '£0.50', 'product_additionals': '(50.0p/100g)'}, {'shop': 'asda', 'url': 'https://groceries.asda.com/product/910002523074', 'product_name': 'Del Monte Squeezie Apple Strawberry & Banana', 'product_price': '£0.50', 'product_additionals': '(50.0p/100g)'}, {'shop': 'asda', 'url': 'https://groceries.asda.com/product/910002522987', 'product_name': 'Del Monte Squeezie Apple Strawberry & Blueberry', 'product_price': '£0.50', 'product_additionals': '(50.0p/100g)'}, {'shop': 'tesco', 'url': 'https://www.tesco.com/groceries/en-GB/products/304784637', 'product_name': 'Deliciously Ella Apple & Blackberry Crumble 275G', 'product_price': '£ 3.00', 'product_additionals': '£10.91/kg'}, {'shop': 'sains', 'url': 'https://www.sainsburys.co.uk/shop/gb/groceries/product/details/special-offers-454372-44/deliciously-ella-apple-raisin-cinnamon-oat-bars-3x50g', 'product_name': 'Deliciously Ella Apple, Raisin & Cinnamon Oat Bars 3x50g', 'product_price': '£2.00', 'product_additionals': '£1.34 / 100g'}, {'shop': 'sains', 'url': 'https://www.sainsburys.co.uk/shop/gb/groceries/product/details/all-gluten-free-food-and-drink/deliciously-ella-apple-raisin-cinnamon-oat-bars-3x50g', 'product_name': 'Deliciously Ella Apple, Raisin & Cinnamon Oat Bars 3x50g', 'product_price': '£2.00', 'product_additionals': '£1.34 / 100g'}, {'shop': 'asda', 'url': 'https://groceries.asda.com/product/910000953620', 'product_name': 'Dole Fruit in Jelly Pineapple in Raspberry Flavour Jelly', 'product_price': '£0.50', 'product_additionals': '(44.2p/100g)'}, {'shop': 'asda', 'url': 'https://groceries.asda.com/product/37354', 'product_name': 'Dole Fruit in Juice Pineapple', 'product_price': '£0.50', 'product_additionals': '(44.2p/100g)'}, {'shop': 'asda', 'url': 'https://groceries.asda.com/product/910000953796', 'product_name': 'Dole Fruit in Juice Pineapple & Mandarins', 'product_price': '£0.50', 'product_additionals': '(44.2p/100g)'}, {'shop': 'tesco', 'url': 'https://www.tesco.com/groceries/en-GB/products/271142843', 'product_name': 'Dole Pineapple In Juice 113G', 'product_price': '£ 0.50', 'product_additionals': '£7.36/kg DR.WT'}, {'shop': 'asda', 'url': 'https://groceries.asda.com/product/910002345098', 'product_name': 'Don Simon My First Apple Juice', 'product_price': '£1.00', 'product_additionals': '(20.0p/100ml)'}, {'shop': 'tesco', 'url': 'https://www.tesco.com/groceries/en-GB/products/305949845', 'product_name': 'Don Simon My First Juice Apple 4X125ml', 'product_price': '£ 1.00', 'product_additionals': '£0.20/100ml'}, {'shop': 'asda', 'url': 'https://groceries.asda.com/product/1000029264073', 'product_name': 'Don Simon Pineapple & Coconut Juice Drink', 'product_price': '£1.00', 'product_additionals': 'No weight data'}, {'shop': 'tesco', 'url': 'https://www.tesco.com/groceries/en-GB/products/306650136', 'product_name': 'Don Simon Pineapple & Coconut Juice Drink 1.5Ltr', 'product_price': '£ 1.00', 'product_additionals': '£0.07/100ml'}, {'shop': 'asda', 'url': 'https://groceries.asda.com/product/1000102496185', 'product_name': 'Dove Go Fresh Apple & White Tea Anti-Perspirant Deodorant Aerosol', 'product_price': '£1.68', 'product_additionals': '(67.2p/100ml)'}, {'shop': 'tesco', 'url': 'https://www.tesco.com/groceries/en-GB/products/291419849', 'product_name': 'Eat Natural Bars Apple, Ginger & Dark Chocolate 3 X 45G', 'product_price': '£ 2.00', 'product_additionals': '£1.49/100g'}, {'shop': 'asda', 'url': 'https://groceries.asda.com/product/1000199580496', 'product_name': 'Eco Wix Apple and Cinnamon Large Candle', 'product_price': '£8.00', 'product_additionals': '(£8.00/each)'}, {'shop': 'asda', 'url': 'https://groceries.asda.com/product/1000199580430', 'product_name': 'Eco Wix Apple and Cinnamon Small Candle', 'product_price': '£5.00', 'product_additionals': '(£5.00/each)'}, {'shop': 'asda', 'url': 'https://groceries.asda.com/product/1000000982543', 'product_name': 'Ecover Fabric Softener Apple Blossom & Almond 50 Washes', 'product_price': '£3.50', 'product_additionals': 'No weight data'}, {'shop': 'asda', 'url': 'https://groceries.asda.com/product/1000189834582', 'product_name': 'Ecover Sensitive Fabric Softener Apple Blossom & Almond 25 Washes', 'product_price': '£2.25', 'product_additionals': 'No weight data'}, {'shop': 'tesco', 'url': 'https://www.tesco.com/groceries/en-GB/products/297781639', 'product_name': 'Ecover Softener Apple Blossom & Almond 50W 1.5L', 'product_price': '£ 4.00', 'product_additionals': '£2.67/litre'}, {'shop': 'tesco', 'url': 'https://www.tesco.com/groceries/en-GB/products/292759393', 'product_name': "Ella's Kitchen Apple & Cinnamon Crumble 4X80g", 'product_price': '£ 1.75', 'product_additionals': '£4.87/kg'}, {'shop': 'tesco', 'url': 'https://www.tesco.com/groceries/en-GB/products/271028386', 'product_name': "Ella's Kitchen Apples Apples Apples 70G", 'product_price': '£ 0.80', 'product_additionals': '£11.43/kg'}, {'shop': 'tesco', 'url': 'https://www.tesco.com/groceries/en-GB/products/261383169', 'product_name': "Ella's Kitchen Apples Carrots Plus Parsnips 120G", 'product_price': '£ 1.10', 'product_additionals': '£9.17/kg'}, {'shop': 'tesco', 'url': 'https://www.tesco.com/groceries/en-GB/products/301892082', 'product_name': "Ella's Kitchen Cheese Plus Apple Melty Sticks 16G", 'product_price': '£ 1.00', 'product_additionals': '£62.50/kg'}, {'shop': 'asda', 'url': 'https://groceries.asda.com/product/910002650164', 'product_name': "Ella's Kitchen Organic Apple and Cinnamon Crumble Baby Dessert Pot Multipack 7+ Months", 'product_price': '£1.70', 'product_additionals': 'No weight data'}, {'shop': 'asda', 'url': 'https://groceries.asda.com/product/910002075305', 'product_name': "Ella's Kitchen Organic Apple and Ginger Baby Biscuits Multipack Snack 10+ Months", 'product_price': '£2.00', 'product_additionals': 'No weight data'}, {'shop': 'asda', 'url': 'https://groceries.asda.com/product/910000530569', 'product_name': "Ella's Kitchen Organic Apples First Tastes Baby Pouch 4+ Months", 'product_price': '£0.90', 'product_additionals': 'No weight data'}, {'shop': 'asda', 'url': 'https://groceries.asda.com/product/1000000470327', 'product_name': "Ella's Kitchen Organic Apples, Carrots and Parsnips Baby Pouch 4+ Months", 'product_price': '£1.05', 'product_additionals': 'No weight data'}, {'shop': 'asda', 'url': 'https://groceries.asda.com/product/910000971264', 'product_name': "Ella's Kitchen Organic Apples, Sweet Potatoes and Peppers Baby Pouch 4+ Months", 'product_price': '£1.05', 'product_additionals': 'No weight data'}, {'shop': 'sains', 'url': 'https://www.sainsburys.co.uk/shop/gb/groceries/product/details/all-price-lock/ellas-red-peppers--swt-pot-appl-s1-120g', 'product_name': "Ella's Kitchen Organic Apples, Sweet Potatoes and Peppers Baby Pouch 4+ Months 120g", 'product_price': '£1.00', 'product_additionals': '83p / 100g'}, {'shop': 'tesco', 'url': 'https://www.tesco.com/groceries/en-GB/products/305435733', 'product_name': "Ella's Kitchen Organic Banana Apple Blueberry Baby Rice 120G", 'product_price': '£ 1.10', 'product_additionals': '£0.92/100g'}, {'shop': 'asda', 'url': 'https://groceries.asda.com/product/1000000470330', 'product_name': "Ella's Kitchen Organic Bananas and Apples Baby Pouch 4+ Months", 'product_price': '£1.05', 'product_additionals': 'No weight data'}, {'shop': 'asda', 'url': 'https://groceries.asda.com/product/910001801510', 'product_name': "Ella's Kitchen Organic Bluberries, Apples, Bananas and Vanilla Baby Pouch 4+ Months", 'product_price': '£1.05', 'product_additionals': 'No weight data'}, {'shop': 'asda', 'url': 'https://groceries.asda.com/product/1000059825254', 'product_name': "Ella's Kitchen Organic Cheese and Apple Melty Sticks Baby Snack 7+ Months", 'product_price': '£0.75', 'product_additionals': 'No weight data'}, {'shop': 'asda', 'url': 'https://groceries.asda.com/product/910000368039', 'product_name': "Ella's Kitchen Organic Pear and Apple Baby Rice Baby Pouch 4+ Months", 'product_price': '£1.05', 'product_additionals': 'No weight data'}, {'shop': 'asda', 'url': 'https://groceries.asda.com/product/1000201691447', 'product_name': "Ella's Kitchen Organic Rice Pudding with Mangoes and Apples Baby Pouch 4+ Months", 'product_price': '£1.05', 'product_additionals': 'No weight data'}, {'shop': 'asda', 'url': 'https://groceries.asda.com/product/910000042378', 'product_name': "Ella's Kitchen Organic Strawberries and Apples Baby Pouch 4+ Months", 'product_price': '£1.05', 'product_additionals': 'No weight data'}, {'shop': 'asda', 'url': 'https://groceries.asda.com/product/1000054991437', 'product_name': "Ella's Kitchen Organic Strawberries, Rhubarb and Apples Baby Pouch 4+ Months", 'product_price': '£1.05', 'product_additionals': 'No weight data'}, {'shop': 'asda', 'url': 'https://groceries.asda.com/product/910002650661', 'product_name': "Ella's Kitchen Organic Strawberry and Apple Oaty Fingers Bars Multipack Snack 12+ Months", 'product_price': '£2.35', 'product_additionals': 'No weight data'}, {'shop': 'sains', 'url': 'https://www.sainsburys.co.uk/shop/gb/groceries/product/details/price-lock-baby-toddler/ellas-organic-sweet-potato--plumb--apple---blueberries-120g', 'product_name': "Ella's Kitchen Organic Sweet Potatoes, Pumkin, Apples and Blueberries Baby Pouch 4+ Months 120g", 'product_price': '£1.00', 'product_additionals': '83p / 100g'}, {'shop': 'sains', 'url': 'https://www.sainsburys.co.uk/shop/gb/groceries/product/details/all-price-lock/ellas-organic-sweet-potato--plumb--apple---blueberries-120g', 'product_name': "Ella's Kitchen Organic Sweet Potatoes, Pumkin, Apples and Blueberries Baby Pouch 4+ Months 120g", 'product_price': '£1.00', 'product_additionals': '83p / 100g'}, {'shop': 'asda', 'url': 'https://groceries.asda.com/product/1000000470329', 'product_name': "Ella's Kitchen Organic Sweet Potatoes, Pumpkin, Apples and Blueberries Baby Pouch 4+ Months", 'product_price': '£1.05', 'product_additionals': 'No weight data'}, {'shop': 'tesco', 'url': 'https://www.tesco.com/groceries/en-GB/products/271645755', 'product_name': "Ella's Kitchen Spinach Apple Plus Swede Stage 120G", 'product_price': '£ 1.10', 'product_additionals': '£9.17/kg'}, {'shop': 'tesco', 'url': 'https://www.tesco.com/groceries/en-GB/products/261384001', 'product_name': "Ella's Kitchen Sweet Potato Pumpkin Apple & Blueberries 120G", 'product_price': '£ 1.10', 'product_additionals': '£9.17/kg'}, {'shop': 'tesco', 'url': 'https://www.tesco.com/groceries/en-GB/products/271413609', 'product_name': "Ella's Strawberries & Apples Nibbly Fingers 5 X 25G", 'product_price': '£ 2.50', 'product_additionals': '£20.00/kg'}, {'shop': 'sains', 'url': 'https://www.sainsburys.co.uk/shop/gb/groceries/product/details/top-rated-44/emily-fruit-crisps--crunchy-red-apple-30g', 'product_name': 'Emily Fruit Crisps, Crunchy Red Apple 30g', 'product_price': '£1.00', 'product_additionals': '£3.33 / 100g'}, {'shop': 'tesco', 'url': 'https://www.tesco.com/groceries/en-GB/products/270094808', 'product_name': 'Epson Apple T1291 Black Printer Ink', 'product_price': '£ 17.50', 'product_additionals': '£17.50/each'}, {'shop': 'sains', 'url': 'https://www.sainsburys.co.uk/shop/gb/groceries/product/details/price-lock-household/fairy-liquid-apple-orchard-520ml', 'product_name': 'Fairy Clean & Fresh Washing Up Liquid Apple 520ml', 'product_price': '£1.00', 'product_additionals': '£1.92 / ltr'}, {'shop': 'asda', 'url': 'https://groceries.asda.com/product/910002091715', 'product_name': 'Fairy Clean & Fresh Washing Up Liquid Apple Orchard', 'product_price': '£1.00', 'product_additionals': '(£1.92/lt)'}, {'shop': 'asda', 'url': 'https://groceries.asda.com/product/1000110960429', 'product_name': 'Fairy Clean & Fresh Washing Up Liquid Apple Orchard', 'product_price': '£2.00', 'product_additionals': '(£1.68/lt)'}, {'shop': 'asda', 'url': 'https://groceries.asda.com/product/1000225477741', 'product_name': 'Febreze 3Volution Air Freshener Plug-In Refill Spice Apple - 1 Refill', 'product_price': '£3.00', 'product_additionals': 'No weight data'}, {'shop': 'asda', 'url': 'https://groceries.asda.com/product/1000004042190', 'product_name': 'Febreze 3Volution Plug-In Starter Kit, Spiced Apple - Holder & 1 Refill', 'product_price': '£3.00', 'product_additionals': 'No weight data'}, {'shop': 'asda', 'url': 'https://groceries.asda.com/product/2215673303494', 'product_name': 'Febreze Air Freshener Bathroom Block & 3Volution Plug-In Starter Kit, Spiced Apple', 'product_price': '£5.00', 'product_additionals': 'No weight data'}, {'shop': 'asda', 'url': 'https://groceries.asda.com/product/1000228959142', 'product_name': 'Febreze Air Freshener Bathroom Block; Spiced Apple', 'product_price': '£2.00', 'product_additionals': 'No weight data'}, {'shop': 'asda', 'url': 'https://groceries.asda.com/product/1000004043709', 'product_name': 'Febreze Air Freshener Spray, Spiced Apple', 'product_price': '£2.00', 'product_additionals': 'No weight data'}, {'shop': 'asda', 'url': 'https://groceries.asda.com/product/1000004043395', 'product_name': 'Febreze with Ambi Pur 3Volution Plug-In Refill, Spiced Apple - 1 Refill', 'product_price': '£1.50', 'product_additionals': 'No weight data'}, {'shop': 'sains', 'url': 'https://www.sainsburys.co.uk/shop/gb/groceries/product/details/all-fruit/fosters-toffee-apple--single', 'product_name': 'Fosters Toffee Apple, Single', 'product_price': '75p', 'product_additionals': '75p / ea'}, {'shop': 'asda', 'url': 'https://groceries.asda.com/product/1000222400172', 'product_name': 'Freaks of Nature Bramley Apple Crumble', 'product_price': '£2.95', 'product_additionals': 'No weight data'}, {'shop': 'asda', 'url': 'https://groceries.asda.com/product/26035', 'product_name': 'Fruit Shoot Apple & Blackcurrant Kids Juice Drink', 'product_price': '£2.00', 'product_additionals': '(12.5p/100ml)'}, {'shop': 'tesco', 'url': 'https://www.tesco.com/groceries/en-GB/products/262460802', 'product_name': 'Fruit Shoot Apple & Blackcurrant No Added Sugar 24 X 200Ml', 'product_price': '£ 4.50', 'product_additionals': '£0.09/100ml'}, {'shop': 'asda', 'url': 'https://groceries.asda.com/product/1527139', 'product_name': 'Fruit Shoot Apple Kids Juice Drink', 'product_price': '£2.00', 'product_additionals': '(12.5p/100ml)'}, {'shop': 'tesco', 'url': 'https://www.tesco.com/groceries/en-GB/products/292069443', 'product_name': 'Fruit Shoot Hydro Apple & Raspberry 8X200ml', 'product_price': '£ 2.00', 'product_additionals': '£0.12/100ml'}, {'shop': 'asda', 'url': 'https://groceries.asda.com/product/1000176228047', 'product_name': 'Fruit Shoot Hydro Apple & Raspberry Kids Water Drink', 'product_price': '£1.89', 'product_additionals': '(23.6p/100ml)'}, {'shop': 'asda', 'url': 'https://groceries.asda.com/product/910002462757', 'product_name': 'Fruit Shoot Hydro Apple & Raspberry Kids Water Drink', 'product_price': '£2.00', 'product_additionals': '(12.5p/100ml)'}, {'shop': 'tesco', 'url': 'https://www.tesco.com/groceries/en-GB/products/305252586', 'product_name': 'Fruit Shoot Hydro Apple & Raspberry Spring Water 4X200ml', 'product_price': '£ 1.00', 'product_additionals': '£0.12/100ml'}, {'shop': 'asda', 'url': 'https://groceries.asda.com/product/910000771015', 'product_name': 'Fruit Shoot Hydro Orange & Pineapple Kids Water Drink', 'product_price': '£2.00', 'product_additionals': '(12.5p/100ml)'}, {'shop': 'tesco', 'url': 'https://www.tesco.com/groceries/en-GB/products/301870592', 'product_name': 'Fruit Shoot Juiced Apple & Pear 6 X 200 Ml', 'product_price': '£ 3.00', 'product_additionals': '£0.25/100ml'}, {'shop': 'asda', 'url': 'https://groceries.asda.com/product/1000027213953', 'product_name': 'Fruit Shoot Juiced Apple & Pear Kids Juice Drink', 'product_price': '£2.00', 'product_additionals': '(16.7p/100ml)'}, {'shop': 'tesco', 'url': 'https://www.tesco.com/groceries/en-GB/products/272417736', 'product_name': 'Fruit Shoot No Added Sugar Apple & Blackcurrant 15X200ml', 'product_price': '£ 3.50', 'product_additionals': '£0.12/100ml'}, {'shop': 'asda', 'url': 'https://groceries.asda.com/product/1000022119934', 'product_name': 'Fruitypot Jelly Squeeze Apple & Blackcurrant Flavour Jelly', 'product_price': '£0.50', 'product_additionals': 'No weight data'}, {'shop': 'tesco', 'url': 'https://www.tesco.com/groceries/en-GB/products/307344238', 'product_name': 'Fuel 10K Toffee Apple Oat Muffin 60G', 'product_price': '£ 0.85', 'product_additionals': '£1.42/100g'}, {'shop': 'tesco', 'url': 'https://www.tesco.com/groceries/en-GB/products/253559147', 'product_name': 'Gala Apples Class 1 Loose', 'product_price': '£ 0.35', 'product_additionals': '£2.20/kg'}, {'shop': 'asda', 'url': 'https://groceries.asda.com/product/910001814978', 'product_name': 'Gallo Family Vineyards Spritz Pineapple & Passionfruit', 'product_price': '£4.50', 'product_additionals': '(£4.50/75c3)'}, {'shop': 'tesco', 'url': 'https://www.tesco.com/groceries/en-GB/products/288178170', 'product_name': 'Gallo Spritz Pineapple & Passion Fruit 75Cl', 'product_price': '£ 4.25', 'product_additionals': '£4.25/75cl'}, {'shop': 'asda', 'url': 'https://groceries.asda.com/product/910002470255', 'product_name': 'Garnier Ultimate Blends Kids Apple & Kiwi Shampoo', 'product_price': '£1.50', 'product_additionals': '(60.0p/100ml)'}, {'shop': 'tesco', 'url': 'https://www.tesco.com/groceries/en-GB/products/305052713', 'product_name': 'Genius 2 Gluten Free Apple Pies 320G', 'product_price': '£ 3.25', 'product_additionals': '£10.16/kg'}, {'shop': 'asda', 'url': 'https://groceries.asda.com/product/1000136584419', 'product_name': 'George Home Pineapple Marble Geo Pot', 'product_price': '£4.00', 'product_additionals': '(£4.00/each)'}, {'shop': 'asda', 'url': 'https://groceries.asda.com/product/1000230965309', 'product_name': 'George Home Spiced Apple Tealights', 'product_price': '£1.00', 'product_additionals': '(4.2p/each)'}, {'shop': 'asda', 'url': 'https://groceries.asda.com/product/1000110474126', 'product_name': 'Get More Vits Still Apple & Raspberry', 'product_price': '£1.00', 'product_additionals': '(10.0p/100ml)'}, {'shop': 'asda', 'url': 'https://groceries.asda.com/product/1000224243196', 'product_name': 'Glade Aerosol Arctic Apple Pie Air Freshener', 'product_price': '£0.50', 'product_additionals': 'No weight data'}, {'shop': 'asda', 'url': 'https://groceries.asda.com/product/1000224243221', 'product_name': 'Glade Automatic Spray Holder & Refill Arctic Apple Pie Air Freshener - Holder & 1 Refill', 'product_price': '£6.00', 'product_additionals': 'No weight data'}, {'shop': 'asda', 'url': 'https://groceries.asda.com/product/1000224243246', 'product_name': 'Glade Automatic Spray Refill Arctic Apple Pie Air Freshener - 1 Refill', 'product_price': '£2.50', 'product_additionals': 'No weight data'}, {'shop': 'asda', 'url': 'https://groceries.asda.com/product/1000224243229', 'product_name': 'Glade Candle Arctic Apple Pie Air Freshener', 'product_price': '£1.00', 'product_additionals': 'No weight data'}, {'shop': 'asda', 'url': 'https://groceries.asda.com/product/1000224243205', 'product_name': 'Glade Electric Holder & Refill Arctic Apple Pie Air Freshener - Holder & 1 Refill', 'product_price': '£2.65', 'product_additionals': 'No weight data'}, {'shop': 'asda', 'url': 'https://groceries.asda.com/product/1000224243243', 'product_name': 'Glade Electric Refill Arctic Apple Pie Air Freshener - 1 Refill', 'product_price': '£1.00', 'product_additionals': 'No weight data'}, {'shop': 'asda', 'url': 'https://groceries.asda.com/product/1000224243168', 'product_name': 'Glade Large Candle Arctic Apple Pie Air Freshener', 'product_price': '£4.00', 'product_additionals': 'No weight data'}, {'shop': 'asda', 'url': 'https://groceries.asda.com/product/1000224243166', 'product_name': 'Glade Sense & Spray Holder & Refill Arctic Apple Pie Air Freshener - Holder & 1 Refill', 'product_price': '£3.75', 'product_additionals': 'No weight data'}, {'shop': 'asda', 'url': 'https://groceries.asda.com/product/1000224243218', 'product_name': 'Glade Sense & Spray Refill Arctic Apple Pie Air Freshener - 1 Refill', 'product_price': '£2.00', 'product_additionals': 'No weight data'}, {'shop': 'asda', 'url': 'https://groceries.asda.com/product/1000157817693', 'product_name': 'Glow Scented Pineapple Hair Hoops', 'product_price': '£4.00', 'product_additionals': '(£1.00/each)'}, {'shop': 'tesco', 'url': 'https://www.tesco.com/groceries/en-GB/products/283420093', 'product_name': 'Go Ahead Apple & Sultana 5 X 43G', 'product_price': '£ 0.99', 'product_additionals': '£0.46/100g'}, {'shop': 'tesco', 'url': 'https://www.tesco.com/groceries/en-GB/products/251232560', 'product_name': 'Go Ahead Apple Bakes 6X35g', 'product_price': '£ 1.00', 'product_additionals': '£0.48/100g'}, {'shop': 'asda', 'url': 'https://groceries.asda.com/product/910002993005', 'product_name': 'Go Ahead! Apple Bakes', 'product_price': '£1.50', 'product_additionals': '(71.4p/100g)'}, {'shop': 'asda', 'url': 'https://groceries.asda.com/product/910001322962', 'product_name': 'Go Ahead! Crispy Apple Slices', 'product_price': '£1.00', 'product_additionals': '(45.9p/100g)'}, {'shop': 'sains', 'url': 'https://www.sainsburys.co.uk/shop/gb/groceries/product/details/200-calories-or-less/mcvities-go-ahead-apple-bakes-x6-210g', 'product_name': 'Go Ahead! Fruit Bakes Apple Bars x6 210g', 'product_price': '£1.00', 'product_additionals': '48p / 100g'}, {'shop': 'sains', 'url': 'https://www.sainsburys.co.uk/shop/gb/groceries/product/details/new-trending-special-offers/gogo-squeez-fruit-snack-apple-strawberry-4x90g', 'product_name': 'GoGo squeeZ Fruit Snack Apple Strawberry 4x90g', 'product_price': '£1.95', 'product_additionals': '54p / 100g'}, {'shop': 'sains', 'url': 'https://www.sainsburys.co.uk/shop/gb/groceries/product/details/new-355373-44/good-boy-oh-so-natural-apple-with-tasty-chicken-85g', 'product_name': 'Good Boy Natural Apple with Tasty Chicken Dog Treats 85g', 'product_price': '£3.00', 'product_additionals': '£35.29 / kg'}, {'shop': 'tesco', 'url': 'https://www.tesco.com/groceries/en-GB/products/304868625', 'product_name': 'Goodbelly Oat Flakes With Apple & Cranberry 350G', 'product_price': '£ 3.50', 'product_additionals': '£1.00/100g'}, {'shop': 'asda', 'url': 'https://groceries.asda.com/product/910000543852', 'product_name': "Goodfella's Thin Ham & Pineapple Pizza", 'product_price': '£1.75', 'product_additionals': 'No weight data'}, {'shop': 'tesco', 'url': 'https://www.tesco.com/groceries/en-GB/products/304369299', 'product_name': 'Gran Luchito Crunchy Jalapeno & Pineapple 215G', 'product_price': '£ 2.00', 'product_additionals': '£1.74/100g DR.WT'}, {'shop': 'tesco', 'url': 'https://www.tesco.com/groceries/en-GB/products/301107472', 'product_name': 'Growers Harvest Apple Juice 3X200ml', 'product_price': '£ 0.40', 'product_additionals': '£0.07/100ml'}, {'shop': 'tesco', 'url': 'https://www.tesco.com/groceries/en-GB/products/301219535', 'product_name': 'Growers Harvest Apple Juice Drink 1 Litre', 'product_price': '£ 0.55', 'product_additionals': '£0.06/100ml'}, {'shop': 'tesco', 'url': 'https://www.tesco.com/groceries/en-GB/products/306927609', 'product_name': 'Growers Harvest Pineapple In A Light Syrup 425G', 'product_price': '£ 0.65', 'product_additionals': '£0.25/100g DR.WT'}, {'shop': 'tesco', 'url': 'https://www.tesco.com/groceries/en-GB/products/300473931', 'product_name': 'Growers Harvest Pure Apple Juice 1 Litre', 'product_price': '£ 0.69', 'product_additionals': '£0.07/100ml'}, {'shop': 'tesco', 'url': 'https://www.tesco.com/groceries/en-GB/products/301219495', 'product_name': 'Growers Harvest Pure Apple Juice 1 Litre', 'product_price': '£ 0.59', 'product_additionals': '£0.06/100ml'}, {'shop': 'tesco', 'url': 'https://www.tesco.com/groceries/en-GB/products/300474095', 'product_name': 'Growers Harvest Pure Apple Juice 2 Litre', 'product_price': '£ 1.35', 'product_additionals': '£0.07/100ml'}, {'shop': 'sains', 'url': 'https://www.sainsburys.co.uk/shop/gb/groceries/product/details/vegetarian-food/gu-hot-puds-apple-salted-caramel-sponge-2x82g', 'product_name': 'Gü Hot Apple & Salted Caramel Sponge Desserts 2x82g', 'product_price': '£3.30', 'product_additionals': '£2.01 / 100g'}, {'shop': 'asda', 'url': 'https://groceries.asda.com/product/910001525835', 'product_name': 'Happy Monkey Apple & Blackcurrant Smoothie', 'product_price': '£2.00', 'product_additionals': 'No weight data'}, {'shop': 'asda', 'url': 'https://groceries.asda.com/product/910000442252', 'product_name': "Hartley's 10 Cal Apple & Watermelon Flavour Jelly", 'product_price': '£0.50', 'product_additionals': '(28.6p/100g)'}, {'shop': 'asda', 'url': 'https://groceries.asda.com/product/1000136120575', 'product_name': "Hartley's Best of Pineapple Jam", 'product_price': '£1.00', 'product_additionals': '(33.3p/100g)'}, {'shop': 'asda', 'url': 'https://groceries.asda.com/product/910001390377', 'product_name': "Hartley's Jelly Pineapple Flavour", 'product_price': '£0.50', 'product_additionals': '(40.0p/100g)'}, {'shop': 'asda', 'url': 'https://groceries.asda.com/product/910001389140', 'product_name': "Hartley's No Added Sugar Jelly Apple Flavour", 'product_price': '£0.50', 'product_additionals': '(43.5p/100g)'}, {'shop': 'asda', 'url': 'https://groceries.asda.com/product/910001952864', 'product_name': "Hartley's Pineapple Flavour Jelly", 'product_price': '£0.55', 'product_additionals': '(40.7p/100g)'}, {'shop': 'asda', 'url': 'https://groceries.asda.com/product/910000027400', 'product_name': "Hartley's Pineapple in Jelly", 'product_price': '£0.72', 'product_additionals': '(41.1p/100g)'}, {'shop': 'tesco', 'url': 'https://www.tesco.com/groceries/en-GB/products/253520878', 'product_name': 'Hartleys Best Pineapple Jam 340G', 'product_price': '£ 1.00', 'product_additionals': '£0.30/100g'}, {'shop': 'tesco', 'url': 'https://www.tesco.com/groceries/en-GB/products/264772194', 'product_name': 'Hartleys Pineapple In Jelly 175G', 'product_price': '£ 0.60', 'product_additionals': '£0.34/100g'}, {'shop': 'asda', 'url': 'https://groceries.asda.com/product/1000132865960', 'product_name': 'Hawkes Urban Orchard Apple Cider', 'product_price': '£5.00', 'product_additionals': '(£3.79/lt)'}, {'shop': 'asda', 'url': 'https://groceries.asda.com/product/910001461224', 'product_name': 'Hazerbaba Turkish Apple Tea', 'product_price': '£3.09', 'product_additionals': '(£1.24/100g)'}, {'shop': 'sains', 'url': 'https://www.sainsburys.co.uk/shop/gb/groceries/product/details/bigger-packs-/head---shoulder-apple-2-in-1-450ml', 'product_name': 'Head & Shoulders Apple Anti-Dandruff 2 in 1 Shampoo 450ml', 'product_price': '£4.50', 'product_additionals': '£1.00 / 100ml'}, {'shop': 'asda', 'url': 'https://groceries.asda.com/product/910001269784', 'product_name': 'Head & Shoulders Apple Fresh 2-in-1 Anti Dandruff Shampoo', 'product_price': '£4.75', 'product_additionals': '(£1.06/100ml)'}, {'shop': 'asda', 'url': 'https://groceries.asda.com/product/910000800928', 'product_name': 'Head & Shoulders Apple Fresh Anti Dandruff Shampoo', 'product_price': '£4.75', 'product_additionals': '(95.0p/100ml)'}, {'shop': 'asda', 'url': 'https://groceries.asda.com/product/910000800372', 'product_name': 'Head & Shoulders Apple Fresh Anti Dandruff Shampoo', 'product_price': '£3.00', 'product_additionals': '(£1.20/100ml)'}, {'shop': 'asda', 'url': 'https://groceries.asda.com/product/1000121450050', 'product_name': 'Head & Shoulders Apple Fresh Anti-Dandruff Shampoo', 'product_price': '£1.50', 'product_additionals': 'No weight data'}, {'shop': 'tesco', 'url': 'https://www.tesco.com/groceries/en-GB/products/303607038', 'product_name': 'Head & Shoulders Apple Fresh Conditioner 275Ml', 'product_price': '£ 5.00', 'product_additionals': '£1.82/100ml'}, {'shop': 'tesco', 'url': 'https://www.tesco.com/groceries/en-GB/products/272892903', 'product_name': 'Head & Shoulders Apple Fresh Shampoo 500Ml', 'product_price': '£ 5.00', 'product_additionals': '£1.00/100ml'}, {'shop': 'tesco', 'url': 'https://www.tesco.com/groceries/en-GB/products/306806086', 'product_name': 'Heck Meat Free Apple Chipolatas 300G', 'product_price': '£ 2.00', 'product_additionals': '£6.67/kg'}, {'shop': 'tesco', 'url': 'https://www.tesco.com/groceries/en-GB/products/288988032', 'product_name': 'Heinz Apple & Blackcurrant Juice 500Ml', 'product_price': '£ 1.50', 'product_additionals': '£0.30/100ml'}, {'shop': 'asda', 'url': 'https://groceries.asda.com/product/1000246461969', 'product_name': 'Heinz Apple & Cucumber Fruit Pouch 6+ Months', 'product_price': '£0.80', 'product_additionals': 'No weight data'}, {'shop': 'tesco', 'url': 'https://www.tesco.com/groceries/en-GB/products/305745775', 'product_name': 'Heinz Apple & Cucumber Pouch 100G', 'product_price': '£ 1.00', 'product_additionals': '£10.00/kg'}, {'shop': 'tesco', 'url': 'https://www.tesco.com/groceries/en-GB/products/305745838', 'product_name': 'Heinz Apple & Yogurt Jar 120G', 'product_price': '£ 0.65', 'product_additionals': '£5.42/kg'}, {'shop': 'tesco', 'url': 'https://www.tesco.com/groceries/en-GB/products/264154471', 'product_name': 'Heinz Apple Biscotti 60G', 'product_price': '£ 0.70', 'product_additionals': '£11.67/kg'}, {'shop': 'asda', 'url': 'https://groceries.asda.com/product/910000038638', 'product_name': 'Heinz Apple Biscotti 7+ Months', 'product_price': '£0.67', 'product_additionals': 'No weight data'}, {'shop': 'tesco', 'url': 'https://www.tesco.com/groceries/en-GB/products/289132272', 'product_name': 'Heinz Apple Juice 150Ml', 'product_price': '£ 0.79', 'product_additionals': '£5.27/litre'}, {'shop': 'asda', 'url': 'https://groceries.asda.com/product/1000246462060', 'product_name': 'Heinz Apple, Banana & Cereal Fruit Pouch 6+ Months', 'product_price': '£0.80', 'product_additionals': 'No weight data'}, {'shop': 'asda', 'url': 'https://groceries.asda.com/product/1000246462080', 'product_name': 'Heinz Apple, Banana & Watermelon Fruit Pouch 6+ Months', 'product_price': '£0.80', 'product_additionals': 'No weight data'}, {'shop': 'asda', 'url': 'https://groceries.asda.com/product/1000246462072', 'product_name': 'Heinz Apple, Carrot & Mango Fruit Pouch 6+ Months', 'product_price': '£0.80', 'product_additionals': 'No weight data'}, {'shop': 'asda', 'url': 'https://groceries.asda.com/product/1000019306782', 'product_name': 'Heinz By Nature Apple & Blueberries 4+ Months', 'product_price': '£0.80', 'product_additionals': 'No weight data'}, {'shop': 'asda', 'url': 'https://groceries.asda.com/product/1000019306941', 'product_name': 'Heinz By Nature Apple & Oat Pudding 4+ Months', 'product_price': '£1.20', 'product_additionals': 'No weight data'}, {'shop': 'asda', 'url': 'https://groceries.asda.com/product/1000019306823', 'product_name': 'Heinz By Nature Apple & Strawberry 4+ Months', 'product_price': '£0.80', 'product_additionals': 'No weight data'}, {'shop': 'asda', 'url': 'https://groceries.asda.com/product/1000195178682', 'product_name': 'Heinz By Nature Apple & Yogurt 6+ Months', 'product_price': '£0.65', 'product_additionals': 'No weight data'}, {'shop': 'tesco', 'url': 'https://www.tesco.com/groceries/en-GB/products/304379766', 'product_name': 'Heinz By Nature Apple Banana Apricot 4 Month Plus 4 X 100G', 'product_price': '£ 1.35', 'product_additionals': '£3.38/kg'}, {'shop': 'asda', 'url': 'https://groceries.asda.com/product/1000195178733', 'product_name': 'Heinz By Nature Apple, Apricot, Banana & Orange 6+ Months', 'product_price': '£0.65', 'product_additionals': 'No weight data'}, {'shop': 'asda', 'url': 'https://groceries.asda.com/product/1000123650072', 'product_name': 'Heinz By Nature Apple, Banana & Apricot 4+ Months', 'product_price': '£1.20', 'product_additionals': 'No weight data'}, {'shop': 'asda', 'url': 'https://groceries.asda.com/product/1000019306634', 'product_name': 'Heinz By Nature Apple, Pear & Banana 4+ Months', 'product_price': '£0.80', 'product_additionals': 'No weight data'}, {'shop': 'asda', 'url': 'https://groceries.asda.com/product/1000019306867', 'product_name': 'Heinz By Nature Peach, Mango, Banana & Apple 4+ Months', 'product_price': '£0.80', 'product_additionals': 'No weight data'}, {'shop': 'asda', 'url': 'https://groceries.asda.com/product/1000019306770', 'product_name': 'Heinz By Nature Peach, Mango, Banana & Apple 4+ Months', 'product_price': '£3.00', 'product_additionals': 'No weight data'}, {'shop': 'asda', 'url': 'https://groceries.asda.com/product/1000019306976', 'product_name': 'Heinz By Nature Strawberry, Banana, Raspberry & Apple 4+ Months', 'product_price': '£0.80', 'product_additionals': 'No weight data'}, {'shop': 'asda', 'url': 'https://groceries.asda.com/product/1000019306623', 'product_name': 'Heinz By Nature Strawberry, Banana, Raspberry & Apple 4+ Months', 'product_price': '£3.00', 'product_additionals': 'No weight data'}, {'shop': 'tesco', 'url': 'https://www.tesco.com/groceries/en-GB/products/278234073', 'product_name': 'Heinz Fruit Pouch Apple & Blueberry 100G', 'product_price': '£ 1.00', 'product_additionals': '£1.00/100g'}, {'shop': 'tesco', 'url': 'https://www.tesco.com/groceries/en-GB/products/276867536', 'product_name': 'Heinz Fruit Pouch Apple Mango 100G', 'product_price': '£ 1.00', 'product_additionals': '£1.00/100g'}, {'shop': 'asda', 'url': 'https://groceries.asda.com/product/910001991932', 'product_name': 'Heinz Fruity! Spring Water Apple & Blackcurrant 6+ Months', 'product_price': '£1.20', 'product_additionals': 'No weight data'}, {'shop': 'asda', 'url': 'https://groceries.asda.com/product/910001992506', 'product_name': 'Heinz Fruity! Spring Water Apple 6+ Months', 'product_price': '£1.20', 'product_additionals': 'No weight data'}, {'shop': 'asda', 'url': 'https://groceries.asda.com/product/910002650083', 'product_name': 'Heinz Oat & Apple Baby Porridge 6+ Months', 'product_price': '£2.95', 'product_additionals': 'No weight data'}, {'shop': 'sains', 'url': 'https://www.sainsburys.co.uk/shop/gb/groceries/product/details/price-lock-baby-toddler/heinz-oat---apple-porridge-240g-4-month', 'product_name': 'Heinz Oat & Apple porridge 240g 4 Month+', 'product_price': '£2.65', 'product_additionals': '£1.10 / 100g'}, {'shop': 'tesco', 'url': 'https://www.tesco.com/groceries/en-GB/products/299234162', 'product_name': 'Heinz Pear & Apple Custard 4X100g', 'product_price': '£ 1.60', 'product_additionals': '£4.00/kg'}, {'shop': 'asda', 'url': 'https://groceries.asda.com/product/1000111689972', 'product_name': 'HiPP Apple & Banana Swiss Style Muesli Baby Cereal 7+ Months', 'product_price': '£2.15', 'product_additionals': 'No weight data'}, {'shop': 'asda', 'url': 'https://groceries.asda.com/product/1000111689989', 'product_name': 'HiPP Multigrain Apple Porridge Baby Cereal 7+ Months', 'product_price': '£2.15', 'product_additionals': 'No weight data'}, {'shop': 'sains', 'url': 'https://www.sainsburys.co.uk/shop/gb/groceries/product/details/all-price-lock/hipp-organic-rice-pudding-with-apple-pear-7-months-160g', 'product_name': 'Hipp Organic Rice Pudding with Apple & Pear 7+ Months 160g', 'product_price': '70p', 'product_additionals': '44p / 100g'}, {'shop': 'asda', 'url': 'https://groceries.asda.com/product/1000028748583', 'product_name': 'HiPP Rice Pudding With Apple & Pear Baby Food Jar 7+ Months', 'product_price': '£0.85', 'product_additionals': 'No weight data'}, {'shop': 'sains', 'url': 'https://www.sainsburys.co.uk/shop/gb/groceries/product/details/aldi-price-match/sainsburys-apple---blackcurrant-squash--basics-no-added-sugar-750ml', 'product_name': "Hubbard's Foodstore Double Strength Apple & Blackcurrant Squash 750ml", 'product_price': '40p', 'product_additionals': '5p / 100ml'}, {'shop': 'tesco', 'url': 'https://www.tesco.com/groceries/en-GB/products/302275857', 'product_name': 'Ilchester Applewood Smoked Cheddar 170G', 'product_price': '£ 2.20', 'product_additionals': '£12.95/kg'}, {'shop': 'tesco', 'url': 'https://www.tesco.com/groceries/en-GB/products/264014086', 'product_name': 'Ilchester Applewood Smoked Cheddar 185G', 'product_price': '£ 2.10', 'product_additionals': '£11.36/kg'}, {'shop': 'tesco', 'url': 'https://www.tesco.com/groceries/en-GB/products/288178014', 'product_name': 'Innocent Apple & Berry Juice 1.35L', 'product_price': '£ 3.20', 'product_additionals': '£0.24/100ml'}, {'shop': 'tesco', 'url': 'https://www.tesco.com/groceries/en-GB/products/276683488', 'product_name': 'Innocent Apple And Mango Juice 1.35 Litre', 'product_price': '£ 3.20', 'product_additionals': '£0.24/100ml'}, {'shop': 'asda', 'url': 'https://groceries.asda.com/product/1000165446598', 'product_name': 'Innocent Apple Juice', 'product_price': '£2.00', 'product_additionals': 'No weight data'}, {'shop': 'tesco', 'url': 'https://www.tesco.com/groceries/en-GB/products/272489114', 'product_name': 'Innocent Apple Juice 1.35L', 'product_price': '£ 3.20', 'product_additionals': '£0.24/100ml'}, {'shop': 'tesco', 'url': 'https://www.tesco.com/groceries/en-GB/products/268219251', 'product_name': 'Innocent Apple Juice 900Ml', 'product_price': '£ 2.49', 'product_additionals': '£0.28/100ml'}, {'shop': 'tesco', 'url': 'https://www.tesco.com/groceries/en-GB/products/291746450', 'product_name': 'Innocent Bubbles Lemon Lime & Apple 330Ml', 'product_price': '£ 1.45', 'product_additionals': '£0.44/100ml'}, {'shop': 'tesco', 'url': 'https://www.tesco.com/groceries/en-GB/products/305530240', 'product_name': 'Innocent Kids Apple Juice 4X150ml', 'product_price': '£ 3.00', 'product_additionals': '£0.50/100ml'}, {'shop': 'tesco', 'url': 'https://www.tesco.com/groceries/en-GB/products/305251351', 'product_name': 'Innocent Kids Orange Mango & Pineapple 10X150ml', 'product_price': '£ 5.99', 'product_additionals': '£0.40/100ml'}, {'shop': 'tesco', 'url': 'https://www.tesco.com/groceries/en-GB/products/305529830', 'product_name': 'Innocent Kids Orange Mango & Pineapple 4X150ml', 'product_price': '£ 3.00', 'product_additionals': '£0.50/100ml'}, {'shop': 'tesco', 'url': 'https://www.tesco.com/groceries/en-GB/products/305524599', 'product_name': 'Innocent Kids Pineapple Apple & Carrot 4X150ml', 'product_price': '£ 3.00', 'product_additionals': '£0.50/100ml'}, {'shop': 'tesco', 'url': 'https://www.tesco.com/groceries/en-GB/products/305524927', 'product_name': 'Innocent Kids Smoothies Apple & Blackcurrant 4X150ml', 'product_price': '£ 3.00', 'product_additionals': '£0.50/100ml'}, {'shop': 'sains', 'url': 'https://www.sainsburys.co.uk/shop/gb/groceries/product/details/dairy-and-chilled-essentials/innocent-kids-strawberry-raspb-4x150ml', 'product_name': 'Innocent Kids Smoothies, Strawberries, Raspberries & Apples 4x150ml', 'product_price': '£3.00', 'product_additionals': '50p / 100ml'}, {'shop': 'tesco', 'url': 'https://www.tesco.com/groceries/en-GB/products/305522492', 'product_name': 'Innocent Kids Strawberry Apple & Beetroot 4X150ml', 'product_price': '£ 3.00', 'product_additionals': '£0.50/100ml'}, {'shop': 'tesco', 'url': 'https://www.tesco.com/groceries/en-GB/products/305251564', 'product_name': 'Innocent Kids Strawberry Raspberry & Apple 10X150ml', 'product_price': '£ 5.99', 'product_additionals': '£0.40/100ml'}, {'shop': 'tesco', 'url': 'https://www.tesco.com/groceries/en-GB/products/305249700', 'product_name': 'Innocent Kids Strawberry Raspberry & Apple 4X150ml', 'product_price': '£ 3.00', 'product_additionals': '£0.50/100ml'}, {'shop': 'asda', 'url': 'https://groceries.asda.com/product/1000197663906', 'product_name': "Innocent Kids' Apple & Blackcurrant Smoothies", 'product_price': '£2.00', 'product_additionals': '(33.3p/100ml)'}, {'shop': 'asda', 'url': 'https://groceries.asda.com/product/1000197663912', 'product_name': "Innocent Kids' Cherry, Strawberry & Apple Smoothies", 'product_price': '£2.00', 'product_additionals': '(33.3p/100ml)'}, {'shop': 'asda', 'url': 'https://groceries.asda.com/product/1000197663836', 'product_name': "Innocent Kids' Orange, Mangoe & Pineapple Smoothies", 'product_price': '£2.00', 'product_additionals': '(33.3p/100ml)'}, {'shop': 'asda', 'url': 'https://groceries.asda.com/product/1000197663814', 'product_name': "Innocent Kids' Strawberry, Raspberry & Apple Smoothies", 'product_price': '£2.00', 'product_additionals': '(33.3p/100ml)'}, {'shop': 'asda', 'url': 'https://groceries.asda.com/product/910000485060', 'product_name': 'Innocent Pineapple Banana & Coconut Smoothie', 'product_price': '£2.00', 'product_additionals': 'No weight data'}, {'shop': 'asda', 'url': 'https://groceries.asda.com/product/1000231165295', 'product_name': 'Innocent Smoothies Just for Kids Oranges, Mangoes & Pineapples', 'product_price': '£6.00', 'product_additionals': 'No weight data'}, {'shop': 'asda', 'url': 'https://groceries.asda.com/product/1000231165272', 'product_name': 'Innocent Smoothies Just for Kids Strawberries, Raspberries & Apples', 'product_price': '£6.00', 'product_additionals': 'No weight data'}, {'shop': 'tesco', 'url': 'https://www.tesco.com/groceries/en-GB/products/298358149', 'product_name': 'J20 Apple & Mango 6X275ml', 'product_price': '£ 6.00', 'product_additionals': '£0.36/100ml'}, {'shop': 'tesco', 'url': 'https://www.tesco.com/groceries/en-GB/products/298358063', 'product_name': 'J20 Apple & Raspberry 275Ml X 6', 'product_price': '£ 6.00', 'product_additionals': '£0.36/100ml'}, {'shop': 'tesco', 'url': 'https://www.tesco.com/groceries/en-GB/products/275522226', 'product_name': 'J20 Apple & Raspberry Cans 6 X 250Ml', 'product_price': '£ 3.00', 'product_additionals': '£0.20/100ml'}, {'shop': 'tesco', 'url': 'https://www.tesco.com/groceries/en-GB/products/306951097', 'product_name': 'J20 Spritz Apple & Elderflower Juice Drink 6X275ml', 'product_price': '£ 6.00', 'product_additionals': '£0.36/100ml'}, {'shop': 'tesco', 'url': 'https://www.tesco.com/groceries/en-GB/products/305968309', 'product_name': 'J20 Spritz Apple & Watermelon 4X250ml', 'product_price': '£ 2.00', 'product_additionals': '£0.20/100ml'}, {'shop': 'asda', 'url': 'https://groceries.asda.com/product/1000194987914', 'product_name': 'J2O Apple & Elderflower Spritz 4 Pack', 'product_price': '£3.50', 'product_additionals': '(31.8p/100ml)'}, {'shop': 'asda', 'url': 'https://groceries.asda.com/product/624072', 'product_name': 'J2O Apple & Mango Juice Drink', 'product_price': '£3.50', 'product_additionals': '(31.8p/100ml)'}, {'shop': 'sains', 'url': 'https://www.sainsburys.co.uk/shop/gb/groceries/product/details/all-easter-/j2o-apple---mango-4x275ml', 'product_name': 'J2O Apple & Mango Juice Drink 4x275ml', 'product_price': '£3.50', 'product_additionals': '32p / 100ml'}, {'shop': 'sains', 'url': 'https://www.sainsburys.co.uk/shop/gb/groceries/product/details/easter-special-offers/j2o-apple---mango-4x275ml', 'product_name': 'J2O Apple & Mango Juice Drink 4x275ml', 'product_price': '£3.50', 'product_additionals': '32p / 100ml'}, {'shop': 'asda', 'url': 'https://groceries.asda.com/product/7507940', 'product_name': 'J2O Apple & Raspberry Juice Drink', 'product_price': '£3.50', 'product_additionals': '(31.8p/100ml)'}, {'shop': 'sains', 'url': 'https://www.sainsburys.co.uk/shop/gb/groceries/product/details/easterlunch/j2o-apple---raspberry-4x275ml', 'product_name': 'J2O Apple & Raspberry Juice Drink 4x275ml', 'product_price': '£3.50', 'product_additionals': '32p / 100ml'}, {'shop': 'sains', 'url': 'https://www.sainsburys.co.uk/shop/gb/groceries/product/details/all-easter-/j2o-apple---raspberry-4x275ml', 'product_name': 'J2O Apple & Raspberry Juice Drink 4x275ml', 'product_price': '£3.50', 'product_additionals': '32p / 100ml'}, {'shop': 'asda', 'url': 'https://groceries.asda.com/product/1000027214032', 'product_name': 'J2O Spritz Apple & Watermelon Sparkling Juice Drink', 'product_price': '£3.50', 'product_additionals': '(31.8p/100ml)'}, {'shop': 'asda', 'url': 'https://groceries.asda.com/product/910001797400', 'product_name': 'J2O Spritz Apple & Watermelon Sparkling Juice Drink', 'product_price': '£1.00', 'product_additionals': '(13.3p/100ml)'}, {'shop': 'tesco', 'url': 'https://www.tesco.com/groceries/en-GB/products/299914158', 'product_name': 'J2o Spritz Apple Watermelon 6X275ml', 'product_price': '£ 6.00', 'product_additionals': '£0.36/100ml'}, {'shop': 'asda', 'url': 'https://groceries.asda.com/product/1000197472250', 'product_name': "Jack Daniel's Tennessee Apple", 'product_price': '£25.00', 'product_additionals': '(£35.71/lt)'}, {'shop': 'tesco', 'url': 'https://www.tesco.com/groceries/en-GB/products/267765676', 'product_name': 'Jammin Sparkling Pineapple Drink 2 Litres', 'product_price': '£ 0.90', 'product_additionals': '£0.04/100ml'}, {'shop': 'asda', 'url': 'https://groceries.asda.com/product/1000120961286', 'product_name': 'Jealous Sweets Grizzly Bears Lemon, Apple, Orange & Strawberry', 'product_price': '£2.00', 'product_additionals': 'No weight data'}, {'shop': 'asda', 'url': 'https://groceries.asda.com/product/1000120961322', 'product_name': 'Jealous Sweets Tangy Worms Apple, Lemon, Strawberry & Orange', 'product_price': '£2.00', 'product_additionals': 'No weight data'}, {'shop': 'asda', 'url': 'https://groceries.asda.com/product/1000120961445', 'product_name': 'Jealous Sweets Tropic Wonder Mango, Melon, Pineapple & Grapefruit', 'product_price': '£2.00', 'product_additionals': 'No weight data'}, {'shop': 'asda', 'url': 'https://groceries.asda.com/product/910002073931', 'product_name': 'Jim Beam Apple Bourbon', 'product_price': '£14.00', 'product_additionals': 'No weight data'}, {'shop': 'tesco', 'url': 'https://www.tesco.com/groceries/en-GB/products/303717392', 'product_name': 'Juice Apple Lightning - Type C 2m Charging Cable White', 'product_price': '£ 18.00', 'product_additionals': '£18.00/each'}, {'shop': 'tesco', 'url': 'https://www.tesco.com/groceries/en-GB/products/306758706', 'product_name': 'Juice Apple Lightning 15cm Charging Cable Coral', 'product_price': '£ 11.00', 'product_additionals': '£11.00/each'}, {'shop': 'tesco', 'url': 'https://www.tesco.com/groceries/en-GB/products/306782106', 'product_name': 'Juice Apple Lightning 1m Charging Cable Aqua', 'product_price': '£ 15.00', 'product_additionals': '£15.00/each'}, {'shop': 'tesco', 'url': 'https://www.tesco.com/groceries/en-GB/products/306782112', 'product_name': 'Juice Apple Lightning 1m Charging Cable Coral', 'product_price': '£ 15.00', 'product_additionals': '£15.00/each'}, {'shop': 'tesco', 'url': 'https://www.tesco.com/groceries/en-GB/products/294102482', 'product_name': 'Juice Apple Lightning 2m Charging Cable Aqua', 'product_price': '£ 16.00', 'product_additionals': '£16.00/each'}, {'shop': 'tesco', 'url': 'https://www.tesco.com/groceries/en-GB/products/294102499', 'product_name': 'Juice Apple Lightning 2m Charging Cable Coral', 'product_price': '£ 16.00', 'product_additionals': '£16.00/each'}, {'shop': 'tesco', 'url': 'https://www.tesco.com/groceries/en-GB/products/303717363', 'product_name': 'Juice Apple Lightning 3m Braided Charging Cable Rose Gold', 'product_price': '£ 20.00', 'product_additionals': '£20.00/each'}, {'shop': 'tesco', 'url': 'https://www.tesco.com/groceries/en-GB/products/296004140', 'product_name': 'Juice Apple Lightning 3m Charging Cable Aqua', 'product_price': '£ 18.00', 'product_additionals': '£18.00/each'}, {'shop': 'tesco', 'url': 'https://www.tesco.com/groceries/en-GB/products/294102516', 'product_name': 'Juice Apple Lightning 3m Charging Cable Black', 'product_price': '£ 18.00', 'product_additionals': '£18.00/each'}, {'shop': 'tesco', 'url': 'https://www.tesco.com/groceries/en-GB/products/306942655', 'product_name': 'Juice Burst Apple Juice 1L', 'product_price': '£ 1.25', 'product_additionals': '£0.12/100ml'}, {'shop': 'tesco', 'url': 'https://www.tesco.com/groceries/en-GB/products/276003678', 'product_name': 'K.A. Sparkling Pineapple Drink 2 Litre', 'product_price': '£ 1.35', 'product_additionals': '£0.07/100ml'}, {'shop': 'tesco', 'url': 'https://www.tesco.com/groceries/en-GB/products/275389752', 'product_name': 'K.A. Sparkling Pineapple Soda Can 330Ml', 'product_price': '£ 0.37', 'product_additionals': '£0.11/100ml'}, {'shop': 'asda', 'url': 'https://groceries.asda.com/product/910000905534', 'product_name': 'KA Sparkling Pineapple Flavour Drink', 'product_price': '£0.49', 'product_additionals': '(14.8p/100ml)'}, {'shop': 'asda', 'url': 'https://groceries.asda.com/product/910000934279', 'product_name': 'KA Sparkling Pineapple Juice Drink', 'product_price': '£1.25', 'product_additionals': '(6.2p/100ml)'}, {'shop': 'asda', 'url': 'https://groceries.asda.com/product/910000395872', 'product_name': "Kellogg's Nutri-Grain Fruity Apple Breakfast Bars", 'product_price': '£2.19', 'product_additionals': '(98.7p/100g)'}, {'shop': 'coop', 'url': 'https://www.coop.co.uk/products/kelloggs-w-k-k-kids-strawberry-and-apple-350g', 'product_name': "Kellogg's W.K.K. Kids Strawberry & Apple 350g", 'product_price': '£3', 'product_additionals': '350g (57.1p per 100g)'}, {'shop': 'coop', 'url': 'https://www.coop.co.uk/products/kelloggs-wk-k-kids-blueberry-and-apple-350g', 'product_name': "Kellogg's WK.K Kids Blueberry & Apple 350g", 'product_price': '£3', 'product_additionals': '350g (57.1p per 100g)'}, {'shop': 'tesco', 'url': 'https://www.tesco.com/groceries/en-GB/products/304177918', 'product_name': "Kellogg's Wkk Apple&Pumpkin Bar 4X30g", 'product_price': '£ 2.49', 'product_additionals': '£2.08/100g'}, {'shop': 'tesco', 'url': 'https://www.tesco.com/groceries/en-GB/products/305867999', 'product_name': "Kellogg's Wkk Kids Blueberry & Apple 350G", 'product_price': '£ 3.00', 'product_additionals': '£8.58/kg'}, {'shop': 'tesco', 'url': 'https://www.tesco.com/groceries/en-GB/products/305868353', 'product_name': "Kellogg's Wkk Kids Strawbrry Apple & Carrot 350G", 'product_price': '£ 3.00', 'product_additionals': '£8.58/kg'}, {'shop': 'sains', 'url': 'https://www.sainsburys.co.uk/shop/gb/groceries/product/details/all-future-brands/kevita-master-brew-kombucha-pineapple-peach-450ml', 'product_name': 'KeVita Master Brew Kombucha Pineapple Peach 450ml', 'product_price': '£3.00', 'product_additionals': '67p / 100ml'}, {'shop': 'sains', 'url': 'https://www.sainsburys.co.uk/shop/gb/groceries/product/details/vegan-drink/kevita-master-brew-kombucha-pineapple-peach-450ml', 'product_name': 'KeVita Master Brew Kombucha Pineapple Peach 450ml', 'product_price': '£3.00', 'product_additionals': '67p / 100ml'}, {'shop': 'tesco', 'url': 'https://www.tesco.com/groceries/en-GB/products/305250375', 'product_name': 'Kiddylicious Apple & Carrot Rice Crispy Sticks 6 X 10G', 'product_price': '£ 2.75', 'product_additionals': '£45.84/kg'}, {'shop': 'tesco', 'url': 'https://www.tesco.com/groceries/en-GB/products/296704740', 'product_name': 'Kiddylicious Apple Bakes 6 X 22G', 'product_price': '£ 2.20', 'product_additionals': '£1.67/100g'}, {'shop': 'asda', 'url': 'https://groceries.asda.com/product/910000038634', 'product_name': 'Kiddylicious Apple Crisps 12+ Months', 'product_price': '£1.75', 'product_additionals': 'No weight data'}, {'shop': 'asda', 'url': 'https://groceries.asda.com/product/910001707250', 'product_name': 'Kiddylicious Apple Fruit Wriggles 12+ Months', 'product_price': '£1.75', 'product_additionals': 'No weight data'}, {'shop': 'asda', 'url': 'https://groceries.asda.com/product/910000447514', 'product_name': 'Kiddylicious Apple Fruit Wriggles 12+ Months', 'product_price': '£0.50', 'product_additionals': '(£4.17/100g)'}, {'shop': 'tesco', 'url': 'https://www.tesco.com/groceries/en-GB/products/271394573', 'product_name': 'Kiddylicious Apple Fruit Wriggles 12G', 'product_price': '£ 0.55', 'product_additionals': '£45.84/kg'}, {'shop': 'asda', 'url': 'https://groceries.asda.com/product/910003257677', 'product_name': 'Kiddylicious Apple Fruity Bakes 12+ Months', 'product_price': '£2.00', 'product_additionals': 'No weight data'}, {'shop': 'tesco', 'url': 'https://www.tesco.com/groceries/en-GB/products/301892709', 'product_name': 'Kiddylicious Apple Soft Biscotti 6X20g', 'product_price': '£ 2.20', 'product_additionals': '£18.34/kg'}, {'shop': 'tesco', 'url': 'https://www.tesco.com/groceries/en-GB/products/305253176', 'product_name': 'Kiddylicious Juicy Fruit Bars Pineapple & Coconut 100G', 'product_price': '£ 2.35', 'product_additionals': '£23.50/kg'}, {'shop': 'asda', 'url': 'https://groceries.asda.com/product/1000195178876', 'product_name': 'Kiddylicious Pineapple, Coconut & Mango Juicy Fruit Bars 12+ Months', 'product_price': '£1.75', 'product_additionals': 'No weight data'}, {'shop': 'asda', 'url': 'https://groceries.asda.com/product/1000140301798', 'product_name': "Kirsty's Luxury Apple Pie", 'product_price': '£2.60', 'product_additionals': 'No weight data'}, {'shop': 'tesco', 'url': 'https://www.tesco.com/groceries/en-GB/products/304799764', 'product_name': "Kirsty's Luxury Apple Pie 322G", 'product_price': '£ 3.00', 'product_additionals': '£9.32/kg'}, {'shop': 'tesco', 'url': 'https://www.tesco.com/groceries/en-GB/products/280823888', 'product_name': 'Kubus Apple & Banana Mousse 100G', 'product_price': '£ 0.55', 'product_additionals': '£0.55/100g'}, {'shop': 'tesco', 'url': 'https://www.tesco.com/groceries/en-GB/products/279842342', 'product_name': 'Kubus Apple Banana Carrot & Strawberry Mousse 100G', 'product_price': '£ 0.55', 'product_additionals': '£0.55/100g'}, {'shop': 'tesco', 'url': 'https://www.tesco.com/groceries/en-GB/products/300413139', 'product_name': 'Kubus Carrot Banana & Apple 100% Juice 900Ml', 'product_price': '£ 1.20', 'product_additionals': '£0.13/100ml'}, {'shop': 'tesco', 'url': 'https://www.tesco.com/groceries/en-GB/products/300413174', 'product_name': 'Kubus Carrot Raspberry & Apple 100% Juice 900Ml', 'product_price': '£ 1.20', 'product_additionals': '£0.13/100ml'}, {'shop': 'asda', 'url': 'https://groceries.asda.com/product/910000332961', 'product_name': 'Kubus Carrot, Apple & Raspberry Multifruit Juice Drink', 'product_price': '£1.10', 'product_additionals': '(12.2p/100ml)'}, {'shop': 'asda', 'url': 'https://groceries.asda.com/product/910000332521', 'product_name': 'Kubus Carrot, Banana, Apple Multifruit Juice Drink', 'product_price': '£1.10', 'product_additionals': '(12.2p/100ml)'}, {'shop': 'tesco', 'url': 'https://www.tesco.com/groceries/en-GB/products/305247063', 'product_name': 'Kubus Still Water Apple Flavoured Drink 1.5L', 'product_price': '£ 1.35', 'product_additionals': '£0.09/100ml'}, {'shop': 'tesco', 'url': 'https://www.tesco.com/groceries/en-GB/products/306952597', 'product_name': "Libby's Pineapple Chunks In Juice 425G", 'product_price': '£ 0.80', 'product_additionals': '£3.08/kg DR.WT'}, {'shop': 'asda', 'url': 'https://groceries.asda.com/product/18995', 'product_name': 'Lilt Pineapple & Grapefruit', 'product_price': '£1.00', 'product_additionals': '(5.0p/100ml)'}, {'shop': 'asda', 'url': 'https://groceries.asda.com/product/6391525', 'product_name': 'Lilt Zero Pineapple & Grapefruit', 'product_price': '£1.00', 'product_additionals': '(5.0p/100ml)'}, {'shop': 'tesco', 'url': 'https://www.tesco.com/groceries/en-GB/products/306943971', 'product_name': 'Limehouse Apple And Cinnamon Gin 70Cl', 'product_price': '£ 15.00', 'product_additionals': '£21.43/litre'}, {'shop': 'sains', 'url': 'https://www.sainsburys.co.uk/shop/gb/groceries/product/details/special-offers-454372-44/linwoods-milled-chia-apple---cinnamon-200g', 'product_name': 'Linwoods Milled Chia Apple & Cinnamon 200g', 'product_price': '£4.00', 'product_additionals': '£2.00 / 100g'}, {'shop': 'sains', 'url': 'https://www.sainsburys.co.uk/shop/gb/groceries/product/details/all-organic-/little-freddie-organic-simply-pink-lady-apples-stage-1-4m-smooth-70g', 'product_name': 'Little Freddie Organic Simply Pink Lady Apples Stage 1 4m+ Smooth 70g', 'product_price': '£1.00', 'product_additionals': '£1.43 / 100g'}, {'shop': 'tesco', 'url': 'https://www.tesco.com/groceries/en-GB/products/306498944', 'product_name': 'Little Yeos Organic Apple & Pear Yogurt 90G', 'product_price': '£ 0.75', 'product_additionals': '£0.83/100g'}, {'shop': 'asda', 'url': 'https://groceries.asda.com/product/1000189643969', 'product_name': 'Longley Farm Apple Yogurt', 'product_price': '£0.42', 'product_additionals': '(28.0p/100g)'}, {'shop': 'tesco', 'url': 'https://www.tesco.com/groceries/en-GB/products/286212064', 'product_name': 'Loyd Grossman Creamy Cider & Apple 330G', 'product_price': '£ 2.00', 'product_additionals': '£0.61/100g'}, {'shop': 'asda', 'url': 'https://groceries.asda.com/product/1000121205646', 'product_name': 'Lucozade Energy Apple Blast', 'product_price': '£0.99', 'product_additionals': '(99.0p/lt)'}, {'shop': 'tesco', 'url': 'https://www.tesco.com/groceries/en-GB/products/302012311', 'product_name': 'Lucozade Energy Apple Blast 1 Litre', 'product_price': '£ 0.99', 'product_additionals': '£0.10/100ml'}, {'shop': 'coop', 'url': 'https://www.coop.co.uk/products/lucozade-energy-apple-blast-1-ltr', 'product_name': 'Lucozade Energy Apple Blast 1ltr', 'product_price': '£1.60', 'product_additionals': '1 Litre (10p per 100ml)'}, {'shop': 'tesco', 'url': 'https://www.tesco.com/groceries/en-GB/products/302012271', 'product_name': 'Lucozade Energy Apple Blast 500Ml', 'product_price': '£ 1.50', 'product_additionals': '£0.30/100ml'}, {'shop': 'tesco', 'url': 'https://www.tesco.com/groceries/en-GB/products/302012294', 'product_name': 'Lucozade Energy Apple Blast 6X380ml', 'product_price': '£ 3.00', 'product_additionals': '£0.13/100ml'}, {'shop': 'asda', 'url': 'https://groceries.asda.com/product/1000121205579', 'product_name': 'Lucozade Energy Croft Apple', 'product_price': '£2.50', 'product_additionals': '(11.0p/100ml)'}, {'shop': 'sains', 'url': 'https://www.sainsburys.co.uk/shop/gb/groceries/product/details/price-lock-drinks/lucozade-energy-croft-apple-1l-7966594-p', 'product_name': 'Lucozade Energy Croft Apple 1L', 'product_price': '£1.00', 'product_additionals': '10p / 100ml'}, {'shop': 'tesco', 'url': 'https://www.tesco.com/groceries/en-GB/products/304416723', 'product_name': 'Lucozade Sport Apple Vs Raspberry Fruit Punch 500Ml', 'product_price': '£ 1.45', 'product_additionals': '£0.29/100ml'}, {'shop': 'tesco', 'url': 'https://www.tesco.com/groceries/en-GB/products/271013490', 'product_name': 'Magners Apple Cider 10X440ml Can', 'product_price': '£ 8.00', 'product_additionals': '£1.82/litre'}, {'shop': 'tesco', 'url': 'https://www.tesco.com/groceries/en-GB/products/265213509', 'product_name': 'Magners Apple Cider 4X440ml Can', 'product_price': '£ 3.75', 'product_additionals': '£2.14/litre'}, {'shop': 'tesco', 'url': 'https://www.tesco.com/groceries/en-GB/products/274821041', 'product_name': 'Magners Apple Cider 8X500ml Bottle', 'product_price': '£ 9.00', 'product_additionals': '£2.25/litre'}, {'shop': 'asda', 'url': 'https://groceries.asda.com/product/910001186993', 'product_name': 'Magners Irish Cider Original Apple', 'product_price': '£3.47', 'product_additionals': '(£1.97/lt)'}, {'shop': 'asda', 'url': 'https://groceries.asda.com/product/910000994862', 'product_name': 'Magners Original Apple Irish Cider', 'product_price': '£7.00', 'product_additionals': '(£1.75/lt)'}, {'shop': 'asda', 'url': 'https://groceries.asda.com/product/79491465', 'product_name': 'Magners Original Apple Irish Cider', 'product_price': '£2.00', 'product_additionals': '(£3.52/lt)'}, {'shop': 'asda', 'url': 'https://groceries.asda.com/product/910001501520', 'product_name': 'Magners Original Apple Irish Cider Cans', 'product_price': '£13.00', 'product_additionals': '(£1.64/lt)'}, {'shop': 'asda', 'url': 'https://groceries.asda.com/product/910001270035', 'product_name': 'Magners Original Apple Irish Cider Cans', 'product_price': '£8.00', 'product_additionals': '(£1.82/lt)'}, {'shop': 'coop', 'url': 'https://www.coop.co.uk/products/magners-original-cans-10x440ml', 'product_name': 'Magners Original Apple Irish Cider Cans 10x440ml', 'product_price': '£9.75', 'product_additionals': '10x440ml (£2.22 per litre)\n10 pack'}, {'shop': 'asda', 'url': 'https://groceries.asda.com/product/910001170470', 'product_name': 'Malibu Caribbean Rum with Coconut & Pineapple Sparkling Pre-Mixed Drink', 'product_price': '£1.80', 'product_additionals': '(£7.20/lt)'}, {'shop': 'tesco', 'url': 'https://www.tesco.com/groceries/en-GB/products/278654860', 'product_name': 'Malibu Coconut Rum & Pineapple 250Ml Can', 'product_price': '£ 1.80', 'product_additionals': '£7.20/litre'}, {'shop': 'sains', 'url': 'https://www.sainsburys.co.uk/shop/gb/groceries/product/details/big-night-in/walls-twister-ice-cream-lolly-mini-8x50ml', 'product_name': 'Max Twister Mini Ice Cream Lolly Pineapple, Strawberry & Lemon 8x50ml', 'product_price': '£2.20', 'product_additionals': '55p / 100ml'}, {'shop': 'asda', 'url': 'https://groceries.asda.com/product/1000199388624', 'product_name': "McVitie's 10 Pineapple Jaffa Cakes", 'product_price': '£0.60', 'product_additionals': '(49.2p/100g)'}, {'shop': 'tesco', 'url': 'https://www.tesco.com/groceries/en-GB/products/305734834', 'product_name': "Mcvitie's Jaffa Cakes Pineapple Flavour 10 Pack", 'product_price': '£ 0.75', 'product_additionals': '£0.08/each'}, {'shop': 'tesco', 'url': 'https://www.tesco.com/groceries/en-GB/products/274983482', 'product_name': 'Melon & Pineapple Finger 300G', 'product_price': '£ 2.00', 'product_additionals': '£6.67/kg'}, {'shop': 'asda', 'url': 'https://groceries.asda.com/product/1000136352450', 'product_name': 'Merrydown Original Vintage Apple Cider', 'product_price': '£2.00', 'product_additionals': '(£2.67/lt)'}, {'shop': 'asda', 'url': 'https://groceries.asda.com/product/1000203425026', 'product_name': "Metcalfe's Jumbles Popcorn Toffee Apple Sharing Bag", 'product_price': '£1.25', 'product_additionals': 'No weight data'}, {'shop': 'asda', 'url': 'https://groceries.asda.com/product/1000109748125', 'product_name': 'Method Granite & Marble Cleaner Apple Orchard', 'product_price': '£4.00', 'product_additionals': '(£11.30/lt)'}, {'shop': 'sains', 'url': 'https://www.sainsburys.co.uk/shop/gb/groceries/product/details/all-yogurt/mia-ben-banana-mango-organic-100g', 'product_name': 'Mia & Ben Super Food for Kids Banana, Mango & Pineapple 6+ Months 100g', 'product_price': '£1.20', 'product_additionals': '£1.20 / 100g'}, {'shop': 'sains', 'url': 'https://www.sainsburys.co.uk/shop/gb/groceries/product/details/about-future-brands/mia-ben-banana-mango-organic-100g', 'product_name': 'Mia & Ben Super Food for Kids Banana, Mango & Pineapple 6+ Months 100g', 'product_price': '£1.20', 'product_additionals': '£1.20 / 100g'}, {'shop': 'sains', 'url': 'https://www.sainsburys.co.uk/shop/gb/groceries/product/details/organic-dairy-products/mia-ben-banana-mango-organic-100g', 'product_name': 'Mia & Ben Super Food for Kids Banana, Mango & Pineapple 6+ Months 100g', 'product_price': '£1.20', 'product_additionals': '£1.20 / 100g'}, {'shop': 'sains', 'url': 'https://www.sainsburys.co.uk/shop/gb/groceries/product/details/gluten-free-cereal/moma-apple-almond-cinnamon-65g', 'product_name': 'MOMA Apple, Almond & Cinnamon Porridge Pot 65g', 'product_price': '£1.15', 'product_additionals': '£1.77 / 100g'}, {'shop': 'tesco', 'url': 'https://www.tesco.com/groceries/en-GB/products/305988061', 'product_name': 'Moma Jumbo Oat Porridge Apple Date & Caramel 7 X 35G', 'product_price': '£ 2.90', 'product_additionals': '£1.19/100g'}, {'shop': 'tesco', 'url': 'https://www.tesco.com/groceries/en-GB/products/304380821', 'product_name': 'Mr Kipling 6Pack Apple Pear& Custard Crumble Tarts', 'product_price': '£ 2.25', 'product_additionals': '£0.38/each'}, {'shop': 'asda', 'url': 'https://groceries.asda.com/product/21009', 'product_name': 'Mr Kipling Apple & Blackcurrant Pies', 'product_price': '£1.80', 'product_additionals': '(30.0p/each)'}, {'shop': 'tesco', 'url': 'https://www.tesco.com/groceries/en-GB/products/254948250', 'product_name': 'Mr Kipling Apple & Blackcurrant Pies 6 Pack', 'product_price': '£ 1.80', 'product_additionals': '£0.30/each'}, {'shop': 'sains', 'url': 'https://www.sainsburys.co.uk/shop/gb/groceries/product/details/big-night-in/mr-kipling-apple---blackcurrant-pies-x6', 'product_name': 'Mr Kipling Apple & Blackcurrant Pies x6', 'product_price': '£1.00', 'product_additionals': '17p / ea'}, {'shop': 'asda', 'url': 'https://groceries.asda.com/product/21010', 'product_name': 'Mr Kipling Bramley Apple Pies', 'product_price': '£1.80', 'product_additionals': '(30.0p/each)'}, {'shop': 'tesco', 'url': 'https://www.tesco.com/groceries/en-GB/products/254948273', 'product_name': 'Mr Kipling Bramley Apple Pies 6 Pack', 'product_price': '£ 1.80', 'product_additionals': '£0.30/each'}, {'shop': 'sains', 'url': 'https://www.sainsburys.co.uk/shop/gb/groceries/product/details/easter-special-offers/mr-kipling-apple-pies-x6-432g', 'product_name': 'Mr Kipling Bramley Apple Pies x6', 'product_price': '£1.00', 'product_additionals': '17p / ea'}, {'shop': 'sains', 'url': 'https://www.sainsburys.co.uk/shop/gb/groceries/product/details/big-night-in/mr-kipling-apple-pies-x6-432g', 'product_name': 'Mr Kipling Bramley Apple Pies x6', 'product_price': '£1.00', 'product_additionals': '17p / ea'}, {'shop': 'sains', 'url': 'https://www.sainsburys.co.uk/shop/gb/groceries/product/details/all-easter-/mr-kipling-fruit-pie-selection-x6-432g', 'product_name': 'Mr Kipling Fruit Pies Selection Bramley Apple & Blackcurrant, Apple, Cherry x6', 'product_price': '£1.00', 'product_additionals': '17p / ea'}, {'shop': 'sains', 'url': 'https://www.sainsburys.co.uk/shop/gb/groceries/product/details/easterlunch/mr-kipling-fruit-pie-selection-x6-432g', 'product_name': 'Mr Kipling Fruit Pies Selection Bramley Apple & Blackcurrant, Apple, Cherry x6', 'product_price': '£1.00', 'product_additionals': '17p / ea'}, {'shop': 'sains', 'url': 'https://www.sainsburys.co.uk/shop/gb/groceries/product/details/all-yogurt/muller-rice-raspberry---apple-6x180g', 'product_name': 'Müller Rice Apple & Raspberry Low Fat Pudding Dessert 6x180g', 'product_price': '£3.50', 'product_additionals': '32p / 100g'}, {'shop': 'sains', 'url': 'https://www.sainsburys.co.uk/shop/gb/groceries/product/details/multipack-yogurt/muller-rice-raspberry---apple-6x180g', 'product_name': 'Müller Rice Apple & Raspberry Low Fat Pudding Dessert 6x180g', 'product_price': '£3.50', 'product_additionals': '32p / 100g'}, {'shop': 'tesco', 'url': 'https://www.tesco.com/groceries/en-GB/products/285048749', 'product_name': 'Muller Rice Apple 180G', 'product_price': '£ 0.60', 'product_additionals': '£0.33/100g'}, {'shop': 'sains', 'url': 'https://www.sainsburys.co.uk/shop/gb/groceries/product/details/muller-yogurt/muller-rice-apple-190g', 'product_name': 'Müller Rice Apple Low Fat Pudding Dessert 180g', 'product_price': '50p', 'product_additionals': '28p / 100g'}, {'shop': 'tesco', 'url': 'https://www.tesco.com/groceries/en-GB/products/285060273', 'product_name': 'Muller Rice Raspberry & Apple 6X180g', 'product_price': '£ 3.00', 'product_additionals': '£0.28/100g'}, {'shop': 'asda', 'url': 'https://groceries.asda.com/product/910001390131', 'product_name': 'Muller Rice Raspberry & Apple Low Fat Desserts', 'product_price': '£3.00', 'product_additionals': '(27.8p/100g)'}, {'shop': 'asda', 'url': 'https://groceries.asda.com/product/910002053933', 'product_name': "Munchkin 3 Lil' Apple Plates 6m+", 'product_price': '£4.70', 'product_additionals': '(£1.57/each)'}, {'shop': 'tesco', 'url': 'https://www.tesco.com/groceries/en-GB/products/294781120', 'product_name': 'Munchkin Lil Apple Plates 3 Pack', 'product_price': '£ 6.00', 'product_additionals': '£2.00/each'}, {'shop': 'asda', 'url': 'https://groceries.asda.com/product/1000044106899', 'product_name': 'myblu Green Apple Liquidpods 9mg', 'product_price': '£5.99', 'product_additionals': '(£5.99/each)'}, {'shop': 'asda', 'url': 'https://groceries.asda.com/product/1000211461232', 'product_name': "Nairn's Gluten Free Biscuit Breaks Chunky Oats, Apple & Cinnamon", 'product_price': '£1.80', 'product_additionals': 'No weight data'}, {'shop': 'tesco', 'url': 'https://www.tesco.com/groceries/en-GB/products/304399270', 'product_name': 'Nairns Gluten Free Oat Bar Apple & Cinnamon 160G', 'product_price': '£ 2.50', 'product_additionals': '£1.57/100g'}, {'shop': 'tesco', 'url': 'https://www.tesco.com/groceries/en-GB/products/300113039', 'product_name': 'Naked Green Machine Apple Banana Smoothie 360Ml', 'product_price': '£ 2.36', 'product_additionals': '£0.66/100ml'}, {'shop': 'asda', 'url': 'https://groceries.asda.com/product/910002828848', 'product_name': 'Naked Green Machine Apple, Pineapple & Kiwi Smoothie', 'product_price': '£3.60', 'product_additionals': 'No weight data'}, {'shop': 'asda', 'url': 'https://groceries.asda.com/product/1000211259436', 'product_name': 'Naked Tropical Zing Pineapple, Passion Fruit, Kiwi & Lime Smoothie', 'product_price': '£2.00', 'product_additionals': 'No weight data'}, {'shop': 'tesco', 'url': 'https://www.tesco.com/groceries/en-GB/products/274709486', 'product_name': "Nature's Finest Pineapple In Juice 400G", 'product_price': '£ 1.70', 'product_additionals': '£7.40/kg'}, {'shop': 'aldi', 'url': 'https://www.aldi.co.uk/nature%27s-pick-apple-snack-pack-80g/p/701880322000200', 'product_name': "Nature's Pick Apple Snack Pack 80g", 'product_price': '0.30', 'product_additionals': '£3.75 per kg'}, {'shop': 'aldi', 'url': 'https://www.aldi.co.uk/nature%27s-pick-mini-apples-6-pack/p/087775252532800', 'product_name': "Nature's Pick Mini Apples 6 Pack", 'product_price': '0.59', 'product_additionals': '9.9p Each'}, {'shop': 'tesco', 'url': 'https://www.tesco.com/groceries/en-GB/products/305042731', 'product_name': 'Nestle Pure Life Mango Pineapple Sparkling Water 1L', 'product_price': '£ 0.50', 'product_additionals': '£0.05/100ml'}, {'shop': 'tesco', 'url': 'https://www.tesco.com/groceries/en-GB/products/300274913', 'product_name': "Nim's Air Dried Apple Crisps 20G", 'product_price': '£ 0.85', 'product_additionals': '£4.25/100g'}, {'shop': 'tesco', 'url': 'https://www.tesco.com/groceries/en-GB/products/304792472', 'product_name': 'Ocean Spray Apple Sauce 210G', 'product_price': '£ 1.30', 'product_additionals': '£0.62/100g'}, {'shop': 'tesco', 'url': 'https://www.tesco.com/groceries/en-GB/products/308111708', 'product_name': 'Oceansaver Apple Multi Purpose Cleaner Ecodrops 10Ml', 'product_price': '£ 1.50', 'product_additionals': '£150.00/litre'}, {'shop': 'tesco', 'url': 'https://www.tesco.com/groceries/en-GB/products/308086524', 'product_name': 'Oceansaver Kit Multi Purpose Cleaner Apple Breezer 10Ml', 'product_price': '£ 2.35', 'product_additionals': '£235.00/litre'}, {'shop': 'asda', 'url': 'https://groceries.asda.com/product/910000882894', 'product_name': 'Old Jamaica Pineapple Soda', 'product_price': '£0.39', 'product_additionals': '(11.8p/100ml)'}, {'shop': 'tesco', 'url': 'https://www.tesco.com/groceries/en-GB/products/274769638', 'product_name': 'Old Jamaica Sparkling Pineapple Soda Drink 330Ml', 'product_price': '£ 0.37', 'product_additionals': '£0.11/100ml'}, {'shop': 'tesco', 'url': 'https://www.tesco.com/groceries/en-GB/products/303191793', 'product_name': 'Old Mout Cider Pineapple & Raspberry 500Ml Bottle', 'product_price': '£ 2.20', 'product_additionals': '£0.44/100ml'}, {'shop': 'asda', 'url': 'https://groceries.asda.com/product/1000130309039', 'product_name': 'Old Mout Cider Pineapple & Raspberry Cider Bottle', 'product_price': '£2.20', 'product_additionals': '(£4.40/lt)'}, {'shop': 'asda', 'url': 'https://groceries.asda.com/product/1000130309071', 'product_name': 'Old Mout Cider Pineapple & Raspberry Cider Cans', 'product_price': '£10.00', 'product_additionals': '(£3.00/lt)'}, {'shop': 'tesco', 'url': 'https://www.tesco.com/groceries/en-GB/products/302275949', 'product_name': 'Old Mout Cider Pineapple Raspberry 10 X 330Ml', 'product_price': '£ 11.00', 'product_additionals': '£3.34/litre'}, {'shop': 'tesco', 'url': 'https://www.tesco.com/groceries/en-GB/products/306500129', 'product_name': 'One Gin Sage & Apple 70Cl', 'product_price': '£ 36.00', 'product_additionals': '£51.43/litre'}, {'shop': 'tesco', 'url': 'https://www.tesco.com/groceries/en-GB/products/255945384', 'product_name': 'Organix 12 Month Apple & Orange Fruit & Cereal Bar 6X30g', 'product_price': '£ 2.50', 'product_additionals': '£1.39/100g'}, {'shop': 'tesco', 'url': 'https://www.tesco.com/groceries/en-GB/products/255126023', 'product_name': 'Organix 12 Month Apple & Raspberry Fruit & Cereal Bar 6X30g', 'product_price': '£ 2.50', 'product_additionals': '£1.39/100g'}, {'shop': 'tesco', 'url': 'https://www.tesco.com/groceries/en-GB/products/255125099', 'product_name': 'Organix 7 Month Rice Cakes Apple 50G', 'product_price': '£ 1.20', 'product_additionals': '£24.00/kg'}, {'shop': 'tesco', 'url': 'https://www.tesco.com/groceries/en-GB/products/287001266', 'product_name': 'Organix Apple & Date 6 X 17G', 'product_price': '£ 2.00', 'product_additionals': '£1.97/100g'}, {'shop': 'asda', 'url': 'https://groceries.asda.com/product/8873057', 'product_name': 'Organix Apple & Orange Soft Oaty Bars 12+ Months', 'product_price': '£2.00', 'product_additionals': 'No weight data'}, {'shop': 'sains', 'url': 'https://www.sainsburys.co.uk/shop/gb/groceries/product/details/top-rated-44/organix-12m-goodies-apple---orange-soft-oaty-bars-6x30g', 'product_name': 'Organix Apple & Orange Soft Oaty Bars 6x30g', 'product_price': '£2.20', 'product_additionals': '£1.22 / 100g'}, {'shop': 'tesco', 'url': 'https://www.tesco.com/groceries/en-GB/products/298648808', 'product_name': 'Organix Apple Rice Cakes Multipack 4X28g', 'product_price': '£ 2.50', 'product_additionals': '£22.33/kg'}, {'shop': 'asda', 'url': 'https://groceries.asda.com/product/910000524007', 'product_name': 'Organix Finger Food Apple Rice Cake 7+ Months', 'product_price': '£1.00', 'product_additionals': 'No weight data'}, {'shop': 'asda', 'url': 'https://groceries.asda.com/product/910003258044', 'product_name': 'Organix Finger Foods Apple Rice Cakes 7+ Months', 'product_price': '£2.50', 'product_additionals': 'No weight data'}, {'shop': 'tesco', 'url': 'https://www.tesco.com/groceries/en-GB/products/298648843', 'product_name': 'Organix Goodies Raspberry & Apple Bars 12X30g', 'product_price': '£ 4.50', 'product_additionals': '£12.50/kg'}, {'shop': 'tesco', 'url': 'https://www.tesco.com/groceries/en-GB/products/302285373', 'product_name': 'Organix Just Apple Oats & Cinnamon 120G', 'product_price': '£ 1.10', 'product_additionals': '£9.17/kg'}, {'shop': 'tesco', 'url': 'https://www.tesco.com/groceries/en-GB/products/302291181', 'product_name': 'Organix Just Apple Strawberry & Blueberry 120G', 'product_price': '£ 1.10', 'product_additionals': '£9.17/kg'}, {'shop': 'asda', 'url': 'https://groceries.asda.com/product/8873058', 'product_name': 'Organix Raspberry & Apple Soft Oaty Bars 12+ Months', 'product_price': '£2.00', 'product_additionals': 'No weight data'}, {'shop': 'sains', 'url': 'https://www.sainsburys.co.uk/shop/gb/groceries/product/details/top-rated-44/organix-12m-goodies-raspberry---apple-soft-oaty-bars-6x30g', 'product_name': 'Organix Raspberry & Apple Soft Oaty Bars 6x30g', 'product_price': '£2.20', 'product_additionals': '£1.22 / 100g'}, {'shop': 'tesco', 'url': 'https://www.tesco.com/groceries/en-GB/products/306804065', 'product_name': 'Osu Apple Cider Vinegar Blueberry & Pomegranate Juice 500Ml', 'product_price': '£ 7.00', 'product_additionals': '£1.40/100ml'}, {'shop': 'tesco', 'url': 'https://www.tesco.com/groceries/en-GB/products/306814099', 'product_name': 'Osu Apple Cider Vinegar With Mother Lemon & Ginger 500Ml', 'product_price': '£ 7.00', 'product_additionals': '£1.40/100ml'}, {'shop': 'asda', 'url': 'https://groceries.asda.com/product/1000045143540', 'product_name': 'Oykos Apple & Cinnamon Greek Style Yogurts', 'product_price': '£2.10', 'product_additionals': 'No weight data'}, {'shop': 'sains', 'url': 'https://www.sainsburys.co.uk/shop/gb/groceries/product/details/all-fruit/parrs-retro-milk-chocolate-coated-apple', 'product_name': 'Parrs Retro Milk Chocolate Coated Apple', 'product_price': '75p', 'product_additionals': '75p / ea'}, {'shop': 'sains', 'url': 'https://www.sainsburys.co.uk/shop/gb/groceries/product/details/all-fruit/parrs-toffee-apple-single', 'product_name': 'Parrs Toffee Apple Single', 'product_price': '75p', 'product_additionals': '£5.00 / kg'}, {'shop': 'asda', 'url': 'https://groceries.asda.com/product/1000187931262', 'product_name': 'Pen & Gear Pineapple Print Pencil Case', 'product_price': '£3.00', 'product_additionals': '(£3.00/each)'}, {'shop': 'tesco', 'url': 'https://www.tesco.com/groceries/en-GB/products/304398714', 'product_name': 'Petits Filous No Added Sugar Apple Pear & Banana Fromage Frais 6 X 47G', 'product_price': '£ 1.50', 'product_additionals': '£0.53/100g'}, {'shop': 'sains', 'url': 'https://www.sainsburys.co.uk/shop/gb/groceries/product/details/vitamins-and-supplements-/phizz-multivitamin-hydration-apple-blackcurrant-tablets-x20', 'product_name': 'Phizz Multivitamin Hydration Apple & Blackcurrant Tablets x20', 'product_price': '£5.00', 'product_additionals': '£5.00 / ea'}, {'shop': 'sains', 'url': 'https://www.sainsburys.co.uk/shop/gb/groceries/product/details/new-355373-44/phizz-multivitamin-hydration-apple-blackcurrant-tablets-x20', 'product_name': 'Phizz Multivitamin Hydration Apple & Blackcurrant Tablets x20', 'product_price': '£5.00', 'product_additionals': '£5.00 / ea'}, {'shop': 'tesco', 'url': 'https://www.tesco.com/groceries/en-GB/products/299583859', 'product_name': 'Piccolo Organic Banana Blueberry & Apple Baby Food 100G', 'product_price': '£ 1.10', 'product_additionals': '£11.00/kg'}, {'shop': 'asda', 'url': 'https://groceries.asda.com/product/910002685057', 'product_name': 'Piccolo Organic Banana, Blueberry & Apple from 4+ Months', 'product_price': '£1.10', 'product_additionals': 'No weight data'}, {'shop': 'tesco', 'url': 'https://www.tesco.com/groceries/en-GB/products/299583894', 'product_name': 'Piccolo Organic Pear Apple & Spring Greens 100G', 'product_price': '£ 1.10', 'product_additionals': '£1.10/100g'}, {'shop': 'aldi', 'url': 'https://www.aldi.co.uk/pineapple/p/051213225821200', 'product_name': 'Pineapple', 'product_price': '0.59', 'product_additionals': '59.0p Each'}, {'shop': 'aldi', 'url': 'https://www.aldi.co.uk/pineapple-tarts/p/084242306903501', 'product_name': 'Pineapple Tarts', 'product_price': '0.99', 'product_additionals': '24.8p each'}, {'shop': 'asda', 'url': 'https://groceries.asda.com/product/910001037283', 'product_name': 'Pink Lady Apples', 'product_price': '£1.69', 'product_additionals': '(42.2p/each)'}, {'shop': 'asda', 'url': 'https://groceries.asda.com/product/1000040467777', 'product_name': 'Polar Gear Pineapple Bottle', 'product_price': '£2.50', 'product_additionals': '(£2.50/each)'}, {'shop': 'asda', 'url': 'https://groceries.asda.com/product/1000040467690', 'product_name': 'Polar Gear Pineapple Lunch Bag', 'product_price': '£5.00', 'product_additionals': '(£5.00/each)'}, {'shop': 'tesco', 'url': 'https://www.tesco.com/groceries/en-GB/products/289724853', 'product_name': 'Princes Apple Fruit Filling 395G', 'product_price': '£ 1.25', 'product_additionals': '£3.43/kg'}, {'shop': 'tesco', 'url': 'https://www.tesco.com/groceries/en-GB/products/305835611', 'product_name': 'Princes Apple Slices 385G', 'product_price': '£ 1.00', 'product_additionals': '£0.26/100g'}, {'shop': 'asda', 'url': 'https://groceries.asda.com/product/910001000985', 'product_name': 'Princes Fruit Filling Apple', 'product_price': '£1.00', 'product_additionals': '(£2.53/kg)'}, {'shop': 'tesco', 'url': 'https://www.tesco.com/groceries/en-GB/products/273446786', 'product_name': 'Princes Pitted Prunes In Apple Juice 290G', 'product_price': '£ 0.85', 'product_additionals': '£4.86/kg DR.WT'}, {'shop': 'tesco', 'url': 'https://www.tesco.com/groceries/en-GB/products/279526774', 'product_name': 'Pukka Organic Spiced Apple Cinnamon Plus Ginger 20 Tea Bags 40G', 'product_price': '£ 2.80', 'product_additionals': '£7.00/100g'}, {'shop': 'asda', 'url': 'https://groceries.asda.com/product/77297209', 'product_name': 'Quaker Oat So Simple Apple & Blueberry Porridge 10 Pack', 'product_price': '£2.75', 'product_additionals': '(76.4p/100g)'}, {'shop': 'tesco', 'url': 'https://www.tesco.com/groceries/en-GB/products/268060828', 'product_name': 'Quaker Oat So Simple Apple & Blueberry Porridge 57G', 'product_price': '£ 0.90', 'product_additionals': '£1.58/100g'}, {'shop': 'asda', 'url': 'https://groceries.asda.com/product/910000395900', 'product_name': 'Quaker Oat So Simple Apple & Blueberry Porridge Pot', 'product_price': '£0.97', 'product_additionals': '(£1.70/100g)'}, {'shop': 'sains', 'url': 'https://www.sainsburys.co.uk/shop/gb/groceries/product/details/rednoseday-/quaker-oat-so-simple-apple---blueberry-flavour-porridge-x10-36g', 'product_name': 'Quaker Oat So Simple Apple & Blueberry Porridge Sachets 10x36g', 'product_price': '£2.75', 'product_additionals': '76p / 100g'}, {'shop': 'tesco', 'url': 'https://www.tesco.com/groceries/en-GB/products/263894926', 'product_name': 'Quaker Oat So Simple Apple Blueberry Porridge 10X36g', 'product_price': '£ 2.00', 'product_additionals': '£0.56/100g'}, {'shop': 'asda', 'url': 'https://groceries.asda.com/product/1000194606864', 'product_name': 'Quaker Perfect Blends Apple, Raisin & Cinnamon Porridge 8 Pack', 'product_price': '£2.00', 'product_additionals': '(72.0p/100g)'}, {'shop': 'asda', 'url': 'https://groceries.asda.com/product/1000194606778', 'product_name': 'Quaker Perfect Blends Raspberry, Apple & Acai Porridge 8 Pack', 'product_price': '£2.00', 'product_additionals': '(71.0p/100g)'}, {'shop': 'asda', 'url': 'https://groceries.asda.com/product/1000193273146', 'product_name': 'Quaker Porridge To Go Blueberry & Apple Breakfast Bars 2 Pack', 'product_price': '£1.30', 'product_additionals': '(£1.18/100g)'}, {'shop': 'sains', 'url': 'https://www.sainsburys.co.uk/shop/gb/groceries/product/details/rednoseday-/quaker-porridge-to-go-app-b-duo-2x55g', 'product_name': 'Quaker Porridge To Go Blueberry & Apple Breakfast Bars 2x55g', 'product_price': '70p', 'product_additionals': '64p / 100g'}, {'shop': 'tesco', 'url': 'https://www.tesco.com/groceries/en-GB/products/304795797', 'product_name': 'Quaker Raspberry Apple & Acai Porridge 8 Pack 281G', 'product_price': '£ 3.00', 'product_additionals': '£1.07/100g'}, {'shop': 'aldi', 'url': 'https://www.aldi.co.uk/raspberry-%26-apple-soft-oaty-bars/p/086202410420801', 'product_name': 'Raspberry & Apple Soft Oaty Bars', 'product_price': '1.39', 'product_additionals': '92.7p per 100g'}, {'shop': 'tesco', 'url': 'https://www.tesco.com/groceries/en-GB/products/306933015', 'product_name': 'Red Leg Pineapple Rum With Original Ginger Ale 250Ml', 'product_price': '£ 2.00', 'product_additionals': '£8.00/litre'}, {'shop': 'tesco', 'url': 'https://www.tesco.com/groceries/en-GB/products/302318140', 'product_name': 'Red Leg Vanilla Ginger & Pineapple Spiced Rum 70Cl', 'product_price': '£ 20.50', 'product_additionals': '£29.29/litre'}, {'shop': 'tesco', 'url': 'https://www.tesco.com/groceries/en-GB/products/307151276', 'product_name': 'Remedy Kombucha Apple Crisp Drink 4X330ml', 'product_price': '£ 5.00', 'product_additionals': '£0.38/100ml'}, {'shop': 'sains', 'url': 'https://www.sainsburys.co.uk/shop/gb/groceries/product/details/new-355373-44/ribena-pineapple-passion-fruit-squash-no-added-sugar-850ml', 'product_name': 'Ribena Pineapple & Passion Fruit Squash No Added Sugar 850ml', 'product_price': '£2.00', 'product_additionals': '24p / 100ml'}, {'shop': 'tesco', 'url': 'https://www.tesco.com/groceries/en-GB/products/304147344', 'product_name': 'Rob Refreshd Still Applel/ Kiwi 500Ml Pet', 'product_price': '£ 1.25', 'product_additionals': '£2.50/litre'}, {'shop': 'tesco', 'url': 'https://www.tesco.com/groceries/en-GB/products/296447773', 'product_name': "Robinson's Refreshd Raspberry Apple 500Ml", 'product_price': '£ 1.25', 'product_additionals': '£0.25/100ml'}, {'shop': 'tesco', 'url': 'https://www.tesco.com/groceries/en-GB/products/294422949', 'product_name': 'Robinsons Apple & Blackcurrant No Added Sugar Squash 2L', 'product_price': '£ 2.00', 'product_additionals': '£0.10/100ml'}, {'shop': 'asda', 'url': 'https://groceries.asda.com/product/35187', 'product_name': 'Robinsons Apple & Blackcurrant Squash No Added Sugar', 'product_price': '£1.25', 'product_additionals': '(12.5p/100ml)'}, {'shop': 'coop', 'url': 'https://www.coop.co.uk/products/robinsons-apple-and-blackcurrant-no-added-sugar-fruit-squash-1-ltr', 'product_name': 'Robinsons Apple and Blackcurrant No Added Sugar Fruit Squash 1 Ltr', 'product_price': '£1.80', 'product_additionals': '1 Ltr (12.5p per 100ml)'}, {'shop': 'tesco', 'url': 'https://www.tesco.com/groceries/en-GB/products/254854677', 'product_name': 'Robinsons Apple Blackcurrant No Added Sugar 1L', 'product_price': '£ 1.50', 'product_additionals': '£0.15/100ml'}, {'shop': 'tesco', 'url': 'https://www.tesco.com/groceries/en-GB/products/298025745', 'product_name': 'Robinsons Creations Mango Pineapple Drink 1L', 'product_price': '£ 2.00', 'product_additionals': '£0.20/100ml'}, {'shop': 'asda', 'url': 'https://groceries.asda.com/product/910000399487', 'product_name': 'Robinsons Double Concentrate Apple & Blackcurrant Squash No Added Sugar', 'product_price': '£1.75', 'product_additionals': '(10.0p/100ml)'}, {'shop': 'sains', 'url': 'https://www.sainsburys.co.uk/shop/gb/groceries/product/details/rednoseday-/robinsons-double-concentrate-apple---blackcurrant-squash--no-added-sugar-175l', 'product_name': 'Robinsons Double Concentrate Apple & Blackcurrant Squash, No Added Sugar 1.75L', 'product_price': '£2.50', 'product_additionals': '14p / 100ml'}, {'shop': 'tesco', 'url': 'https://www.tesco.com/groceries/en-GB/products/268345446', 'product_name': 'Robinsons Double Concentrate Blackcurrant & Apple No Added Sugar 1.75L', 'product_price': '£ 3.00', 'product_additionals': '£0.17/100ml'}, {'shop': 'tesco', 'url': 'https://www.tesco.com/groceries/en-GB/products/260074243', 'product_name': 'Robinsons Fruit & Barley Apple & Pear 1L', 'product_price': '£ 1.65', 'product_additionals': '£0.16/100ml'}, {'shop': 'asda', 'url': 'https://groceries.asda.com/product/18448182', 'product_name': 'Robinsons Fruit & Barley Apple & Pear Squash No Added Sugar', 'product_price': '£1.25', 'product_additionals': '(12.5p/100ml)'}, {'shop': 'tesco', 'url': 'https://www.tesco.com/groceries/en-GB/products/256682600', 'product_name': 'Robinsons Fruit Apple & Blackcurrant No Added Sugar 8X200ml', 'product_price': '£ 2.00', 'product_additionals': '£0.12/100ml'}, {'shop': 'asda', 'url': 'https://groceries.asda.com/product/1000000582420', 'product_name': 'Robinsons Fruit Creations Exotic Pineapple Mango & Passion Fruit Squash', 'product_price': '£2.00', 'product_additionals': '(20.0p/100ml)'}, {'shop': 'asda', 'url': 'https://groceries.asda.com/product/1000146865753', 'product_name': 'Robinsons Fruit Shoot Apple & Blackcurrant Bottles', 'product_price': '£3.50', 'product_additionals': '(11.7p/100ml)'}, {'shop': 'tesco', 'url': 'https://www.tesco.com/groceries/en-GB/products/256691606', 'product_name': 'Robinsons Fruit Shoot Apple No Added Sugar 8X200ml', 'product_price': '£ 2.00', 'product_additionals': '£0.12/100ml'}, {'shop': 'tesco', 'url': 'https://www.tesco.com/groceries/en-GB/products/256660315', 'product_name': 'Robinsons Fruit Shoots Blackcurrant & Apple No Added Sugar 4X200ml', 'product_price': '£ 1.00', 'product_additionals': '£0.12/100ml'}, {'shop': 'tesco', 'url': 'https://www.tesco.com/groceries/en-GB/products/272691801', 'product_name': 'Robinsons Hydro Orange & Pineapple 8X200ml', 'product_price': '£ 2.00', 'product_additionals': '£0.12/100ml'}, {'shop': 'asda', 'url': 'https://groceries.asda.com/product/19049', 'product_name': 'Robinsons No Added Sugar Orange & Pineapple Squash', 'product_price': '£1.00', 'product_additionals': '(10.0p/100ml)'}, {'shop': 'tesco', 'url': 'https://www.tesco.com/groceries/en-GB/products/268345043', 'product_name': 'Robinsons Orange & Pineapple Concentrate Double No Added Sugar 1.75L', 'product_price': '£ 3.00', 'product_additionals': '£0.17/100ml'}, {'shop': 'tesco', 'url': 'https://www.tesco.com/groceries/en-GB/products/255599833', 'product_name': 'Robinsons Orange Pineapple No Added Sugar 1L', 'product_price': '£ 1.50', 'product_additionals': '£0.15/100ml'}, {'shop': 'tesco', 'url': 'https://www.tesco.com/groceries/en-GB/products/282138037', 'product_name': "Robinsons Squash'd 66Ml Apple & Blackcurrant", 'product_price': '£ 2.00', 'product_additionals': '£3.04/100ml'}, {'shop': 'asda', 'url': 'https://groceries.asda.com/product/910001291026', 'product_name': "Robinsons Squash'd Apple & Blackcurrant On-The-Go Squash", 'product_price': '£1.50', 'product_additionals': '(£2.27/100ml)'}, {'shop': 'tesco', 'url': 'https://www.tesco.com/groceries/en-GB/products/305042760', 'product_name': 'Rockstar Power Apple 500Ml', 'product_price': '£ 1.29', 'product_additionals': '£0.26/100ml'}, {'shop': 'tesco', 'url': 'https://www.tesco.com/groceries/en-GB/products/305832741', 'product_name': 'Rosedene Farms Braeburn Apples 6 Pack', 'product_price': '£ 0.93', 'product_additionals': '£0.16/each'}, {'shop': 'tesco', 'url': 'https://www.tesco.com/groceries/en-GB/products/305831903', 'product_name': 'Rosedene Farms Gala Apples 6 Pack', 'product_price': '£ 0.93', 'product_additionals': '£0.16/each'}, {'shop': 'tesco', 'url': 'https://www.tesco.com/groceries/en-GB/products/292249576', 'product_name': 'Rosedene Farms Small Apple 6 Pack', 'product_price': '£ 0.79', 'product_additionals': '£0.13/each'}, {'shop': 'aldi', 'url': 'https://www.aldi.co.uk/rowan-glen-apple-crumble-yogurt/p/056818306840301', 'product_name': 'Rowan Glen Apple Crumble Yogurt', 'product_price': '0.40', 'product_additionals': '26.7p per 100g'}, {'shop': 'sains', 'url': 'https://www.sainsburys.co.uk/shop/gb/groceries/product/details/egg-free-food/sainsburys-apple---blackcurrant-pies-x6-355g', 'product_name': "Sainsbury's Apple & Blackcurrant Pies x6 355g", 'product_price': '81p', 'product_additionals': '14p / ea'}, {'shop': 'sains', 'url': 'https://www.sainsburys.co.uk/shop/gb/groceries/product/details/vegan-food/sainsburys-apple---blackcurrant-pies-x6-355g', 'product_name': "Sainsbury's Apple & Blackcurrant Pies x6 355g", 'product_price': '81p', 'product_additionals': '14p / ea'}, {'shop': 'sains', 'url': 'https://www.sainsburys.co.uk/shop/gb/groceries/product/details/all-price-lock/sainsburys-double-concentrate-apple---blackcurrant-squash--no-added-sugar-15l', 'product_name': "Sainsbury's Apple & Blackcurrant Squash, No Added Sugar 1.5L", 'product_price': '£1.00', 'product_additionals': '7p / 100ml'}, {'shop': 'sains', 'url': 'https://www.sainsburys.co.uk/shop/gb/groceries/product/details/breakfastbrunch/sainsburys-apple-cinnamon-hot-cross-buns-taste-the-difference-x4', 'product_name': "Sainsbury's Apple & Cinnamon Hot Cross Buns, Taste the Difference x4", 'product_price': '£1.25', 'product_additionals': '31p / ea'}, {'shop': 'sains', 'url': 'https://www.sainsburys.co.uk/shop/gb/groceries/product/details/easter-special-offers/sainsburys-apple-cinnamon-hot-cross-buns-taste-the-difference-x4', 'product_name': "Sainsbury's Apple & Cinnamon Hot Cross Buns, Taste the Difference x4", 'product_price': '£1.25', 'product_additionals': '31p / ea'}, {'shop': 'sains', 'url': 'https://www.sainsburys.co.uk/shop/gb/groceries/product/details/discover-build-a-roast/sainsburys-apple---herb-stuffing-mix-130g', 'product_name': "Sainsbury's Apple & Herb Stuffing Mix 130g", 'product_price': '75p', 'product_additionals': '£5.77 / kg'}, {'shop': 'sains', 'url': 'https://www.sainsburys.co.uk/shop/gb/groceries/product/details/special-offers-/sainsburys-apple---oat-crumble--taste-the-difference-600g', 'product_name': "Sainsbury's Apple & Oat Crumble Dessert, Taste the Difference 600g", 'product_price': '£4.00', 'product_additionals': '67p / 100g'}, {'shop': 'sains', 'url': 'https://www.sainsburys.co.uk/shop/gb/groceries/product/details/easter-special-offers/sainsburys-apple---oat-crumble--taste-the-difference-600g', 'product_name': "Sainsbury's Apple & Oat Crumble Dessert, Taste the Difference 600g", 'product_price': '£4.00', 'product_additionals': '67p / 100g'}, {'shop': 'sains', 'url': 'https://www.sainsburys.co.uk/shop/gb/groceries/product/details/all-price-lock/sainsburys-apple-raspberry-juice-drink-no-added-sugar-1l', 'product_name': "Sainsbury's Apple & Raspberry Juice Drink, No Added Sugar 1L", 'product_price': '90p', 'product_additionals': '9p / 100ml'}, {'shop': 'sains', 'url': 'https://www.sainsburys.co.uk/shop/gb/groceries/product/details/easterlunch/sainsburys-apple-pie-550g', 'product_name': "Sainsbury's Apple Pie Dessert 550g", 'product_price': '£2.80', 'product_additionals': '51p / 100g'}, {'shop': 'sains', 'url': 'https://www.sainsburys.co.uk/shop/gb/groceries/product/details/all-easter-/sainsburys-apple-pie-550g', 'product_name': "Sainsbury's Apple Pie Dessert 550g", 'product_price': '£2.80', 'product_additionals': '51p / 100g'}, {'shop': 'sains', 'url': 'https://www.sainsburys.co.uk/shop/gb/groceries/product/details/special-offers-454372-44/sainsburys-apple-pie-550g', 'product_name': "Sainsbury's Apple Pie Dessert 550g", 'product_price': '£2.80', 'product_additionals': '51p / 100g'}, {'shop': 'sains', 'url': 'https://www.sainsburys.co.uk/shop/gb/groceries/product/details/200-calories-or-less/sainsburys-pink-lady-apple-snack-pack-80g', 'product_name': "Sainsbury's Apple Slices 80g", 'product_price': '40p', 'product_additionals': '£5.00 / kg'}, {'shop': 'sains', 'url': 'https://www.sainsburys.co.uk/shop/gb/groceries/product/details/200-calories-or-less/sainsburys-pink-lady-apple---grape-snack-pack-80g', 'product_name': "Sainsbury's Apple Slices and Grapes 80g", 'product_price': '40p', 'product_additionals': '£5.00 / kg'}, {'shop': 'sains', 'url': 'https://www.sainsburys.co.uk/shop/gb/groceries/product/details/easterlunch/sainsburys-apple-strudel-x2-600g-serves-6-', 'product_name': "Sainsbury's Apple Strudel x2 600g (Serves 6)", 'product_price': '£1.60', 'product_additionals': '27p / 100g'}, {'shop': 'sains', 'url': 'https://www.sainsburys.co.uk/shop/gb/groceries/product/details/easter-special-offers/sainsburys-apple-strudel-x2-600g-serves-6-', 'product_name': "Sainsbury's Apple Strudel x2 600g (Serves 6)", 'product_price': '£1.60', 'product_additionals': '27p / 100g'}, {'shop': 'sains', 'url': 'https://www.sainsburys.co.uk/shop/gb/groceries/product/details/all-fruit/sainsburys-apple--kiwi---strawberry-160g', 'product_name': "Sainsbury's Apple, Kiwi & Strawberry 160g", 'product_price': '£1.25', 'product_additionals': '£7.81 / kg'}, {'shop': 'sains', 'url': 'https://www.sainsburys.co.uk/shop/gb/groceries/product/details/ready-to-eat-fruit/sainsburys-apple-mango-strawberry-raspberry-220g', 'product_name': "Sainsbury's Apple, Mango, Strawberry & Raspberry 220g", 'product_price': '£2.00', 'product_additionals': '£9.09 / kg'}, {'shop': 'sains', 'url': 'https://www.sainsburys.co.uk/shop/gb/groceries/product/details/all-prepared-fruit--veg---salad/sainsburys-apple--pineapple---grape-160g', 'product_name': "Sainsbury's Apple, Pineapple & Grape 160g", 'product_price': '£1.00', 'product_additionals': '£6.25 / kg'}, {'shop': 'sains', 'url': 'https://www.sainsburys.co.uk/shop/gb/groceries/product/details/price-lock-drinks/sainsburys-apple--pomegranate---raspberry-high-juice-squash-1l', 'product_name': "Sainsbury's Apple, Pomegranate & Raspberry High Juice Squash, No Added Sugar 1L", 'product_price': '£1.35', 'product_additionals': '14p / 100ml'}, {'shop': 'sains', 'url': 'https://www.sainsburys.co.uk/shop/gb/groceries/product/details/salads-and-coleslaw-/sainsburys-apple--raisin---walnut-coleslaw--taste-the-difference-275g', 'product_name': "Sainsbury's Apple, Raisin & Walnut Coleslaw, Taste the Difference 300g", 'product_price': '£1.80', 'product_additionals': '60p / 100g'}, {'shop': 'sains', 'url': 'https://www.sainsburys.co.uk/shop/gb/groceries/product/details/all-prepared-fruit--veg---salad/sainsburys-apple--strawb--grape---blueberry-240g', 'product_name': "Sainsbury's Apple, Strawberry, Grape & Blueberry 240g", 'product_price': '£2.00', 'product_additionals': '£8.33 / kg'}, {'shop': 'sains', 'url': 'https://www.sainsburys.co.uk/shop/gb/groceries/product/details/bigger-packs-/sainsburys-apples-1kg', 'product_name': "Sainsbury's Apples 1kg", 'product_price': '£1.95', 'product_additionals': '£1.95 / kg'}, {'shop': 'sains', 'url': 'https://www.sainsburys.co.uk/shop/gb/groceries/product/details/loose-produce/sainsburys-braeburn-apple-single', 'product_name': "Sainsbury's Braeburn Apple Single", 'product_price': '30p', 'product_additionals': '30p / ea'}, {'shop': 'sains', 'url': 'https://www.sainsburys.co.uk/shop/gb/groceries/product/details/all-fruit/sainsburys-braeburn-apple-single', 'product_name': "Sainsbury's Braeburn Apple Single", 'product_price': '30p', 'product_additionals': '30p / ea'}, {'shop': 'sains', 'url': 'https://www.sainsburys.co.uk/shop/gb/groceries/product/details/all-fruit/sainsburys-braeburn-apples-x4', 'product_name': "Sainsbury's Braeburn Apples x4", 'product_price': '£1.50', 'product_additionals': '38p / ea'}, {'shop': 'sains', 'url': 'https://www.sainsburys.co.uk/shop/gb/groceries/product/details/eat-the-rainbow/sainsburys-braeburn-apples-x6', 'product_name': "Sainsbury's Braeburn Apples x6", 'product_price': '£1.60', 'product_additionals': '27p / ea'}, {'shop': 'sains', 'url': 'https://www.sainsburys.co.uk/shop/gb/groceries/product/details/easter-special-offers/sainsburys-bramley-apple-crumble-500g', 'product_name': "Sainsbury's Bramley Apple Crumble Dessert 500g", 'product_price': '£2.80', 'product_additionals': '56p / 100g'}, {'shop': 'sains', 'url': 'https://www.sainsburys.co.uk/shop/gb/groceries/product/details/special-offers-/sainsburys-tarte-aux-pommes--taste-the-difference-470g', 'product_name': "Sainsbury's Bramley Apple Frangipane Tart , Taste the Difference 430g", 'product_price': '£4.00', 'product_additionals': '93p / 100g'}, {'shop': 'sains', 'url': 'https://www.sainsburys.co.uk/shop/gb/groceries/product/details/easter-special-offers/sainsburys-bramley-apple-pies-x6-355g', 'product_name': "Sainsbury's Bramley Apple Pies x6 355g", 'product_price': '81p', 'product_additionals': '14p / ea'}, {'shop': 'sains', 'url': 'https://www.sainsburys.co.uk/shop/gb/groceries/product/details/first-shop-essentials/sainsburys-british-bramley-cooking-apples-loose', 'product_name': "Sainsbury's British Bramley Cooking Apples Loose", 'product_price': '£1.76 / kg', 'product_additionals': '£1.76 / kg'}, {'shop': 'sains', 'url': 'https://www.sainsburys.co.uk/shop/gb/groceries/product/details/all-fruit/sainsburys-cox-apple-single', 'product_name': "Sainsbury's Cox Apple Single", 'product_price': '30p', 'product_additionals': '30p / ea'}, {'shop': 'sains', 'url': 'https://www.sainsburys.co.uk/shop/gb/groceries/product/details/loose-produce/sainsburys-cox-apples-loose', 'product_name': "Sainsbury's Cox Apples Loose", 'product_price': '£1.85 / kg', 'product_additionals': '£1.85 / kg'}, {'shop': 'sains', 'url': 'https://www.sainsburys.co.uk/shop/gb/groceries/product/details/coffee-shop/sainsburys-danish-apple-trellis-x2', 'product_name': "Sainsbury's Danish Pastry Bramley Apple Lattices x2", 'product_price': '£1.30', 'product_additionals': '65p / ea'}, {'shop': 'sains', 'url': 'https://www.sainsburys.co.uk/shop/gb/groceries/product/details/all-price-lock/sainsburys-double-strength-apple-squash--no-added-sugar-15l', 'product_name': "Sainsbury's Double Strength Apple Squash, No Added Sugar 1.5L", 'product_price': '£1.00', 'product_additionals': '7p / 100ml'}, {'shop': 'sains', 'url': 'https://www.sainsburys.co.uk/shop/gb/groceries/product/details/price-lock-drinks/sainsburys-double-strength-apple-squash--no-added-sugar-15l', 'product_name': "Sainsbury's Double Strength Apple Squash, No Added Sugar 1.5L", 'product_price': '£1.00', 'product_additionals': '7p / 100ml'}, {'shop': 'sains', 'url': 'https://www.sainsburys.co.uk/shop/gb/groceries/product/details/price-lock-drinks/sainsburys-double-strength-orange--lemon---pineapple-squash--no-added-sugar-15l', 'product_name': "Sainsbury's Double Strength Orange, Lemon & Pineapple Squash, No Added Sugar 1.5L", 'product_price': '£1.00', 'product_additionals': '7p / 100ml'}, {'shop': 'sains', 'url': 'https://www.sainsburys.co.uk/shop/gb/groceries/product/details/smoothie-mixes-294304-44/sainsburys-frozen-pineapple-chunks-500g', 'product_name': "Sainsbury's Frozen Pineapple Chunks 500g", 'product_price': '£2.00', 'product_additionals': '40p / 100g'}, {'shop': 'sains', 'url': 'https://www.sainsburys.co.uk/shop/gb/groceries/product/details/fruit-294303-44/sainsburys-frozen-pineapple-chunks-500g', 'product_name': "Sainsbury's Frozen Pineapple Chunks 500g", 'product_price': '£2.00', 'product_additionals': '40p / 100g'}, {'shop': 'sains', 'url': 'https://www.sainsburys.co.uk/shop/gb/groceries/product/details/ready-to-eat-fruit/sainsburys-ftg-pink-lady-apple-bag-80g', 'product_name': "Sainsbury's Ftg Pink Lady Apple Bag 80g", 'product_price': '60p', 'product_additionals': '£7.50 / kg'}, {'shop': 'sains', 'url': 'https://www.sainsburys.co.uk/shop/gb/groceries/product/details/loose-produce/sainsburys-golden-delicious-apples-loose', 'product_name': "Sainsbury's Golden Delicious Apples Loose", 'product_price': '£1.85 / kg', 'product_additionals': '£1.85 / kg'}, {'shop': 'sains', 'url': 'https://www.sainsburys.co.uk/shop/gb/groceries/product/details/eat-the-rainbow/sainsburys-golden-delicious-apples-x6', 'product_name': "Sainsbury's Golden Delicious Apples x6", 'product_price': '£1.60', 'product_additionals': '27p / ea'}, {'shop': 'sains', 'url': 'https://www.sainsburys.co.uk/shop/gb/groceries/product/details/loose-produce/sainsburys-granny-smith-apple-loose', 'product_name': "Sainsbury's Granny Smith Apple Loose", 'product_price': '£1.85 / kg', 'product_additionals': '£1.85 / kg'}, {'shop': 'sains', 'url': 'https://www.sainsburys.co.uk/shop/gb/groceries/product/details/all-fruit/sainsburys-granny-smith-apples-x6', 'product_name': "Sainsbury's Granny Smith Apples x6", 'product_price': '£1.60', 'product_additionals': '27p / ea'}, {'shop': 'sains', 'url': 'https://www.sainsburys.co.uk/shop/gb/groceries/product/details/eat-the-rainbow/sainsburys-granny-smith-apples-x6', 'product_name': "Sainsbury's Granny Smith Apples x6", 'product_price': '£1.60', 'product_additionals': '27p / ea'}, {'shop': 'sains', 'url': 'https://www.sainsburys.co.uk/shop/gb/groceries/product/details/all-gifting/sainsburys-home-boxed-candle-jasmine-pineapple-flower', 'product_name': "Sainsbury's Home Boxed Candle Jasmine & Pineapple Flower", 'product_price': '£4.00', 'product_additionals': '£4.00 / ea'}, {'shop': 'sains', 'url': 'https://www.sainsburys.co.uk/shop/gb/groceries/product/details/home-and-toys/sainsburys-home-jar-candle-jasmine-pineapple-flower', 'product_name': "Sainsbury's Home Jar Candle Jasmine & Pineapple Flower", 'product_price': '£5.00', 'product_additionals': '£5.00 / ea'}, {'shop': 'sains', 'url': 'https://www.sainsburys.co.uk/shop/gb/groceries/product/details/home-and-toys/sainsburys-home-large-pillar-jasmine-pineapple-flower', 'product_name': "Sainsbury's Home Large Pillar Jasmine & Pineapple Flower", 'product_price': '£4.50', 'product_additionals': '£4.50 / ea'}, {'shop': 'sains', 'url': 'https://www.sainsburys.co.uk/shop/gb/groceries/product/details/all-gifting/sainsburys-home-large-pillar-jasmine-pineapple-flower', 'product_name': "Sainsbury's Home Large Pillar Jasmine & Pineapple Flower", 'product_price': '£4.50', 'product_additionals': '£4.50 / ea'}, {'shop': 'sains', 'url': 'https://www.sainsburys.co.uk/shop/gb/groceries/product/details/home-and-toys/sainsburys-home-multi-wick-candle-jasmine-pineapple-flower', 'product_name': "Sainsbury's Home Multi Wick Candle Jasmine & Pineapple Flower", 'product_price': '£7.00', 'product_additionals': '£7.00 / ea'}, {'shop': 'sains', 'url': 'https://www.sainsburys.co.uk/shop/gb/groceries/product/details/pork-joints/sainsburys-just-cook-british-gammon-joint-with-apple-blackberry-glaze-470g-serves-3-', 'product_name': "Sainsbury's Just Cook British Gammon Joint With Apple & Blackberry Glaze 470g (Serves 3)", 'product_price': '£3.75', 'product_additionals': '£7.98 / kg'}, {'shop': 'sains', 'url': 'https://www.sainsburys.co.uk/shop/gb/groceries/product/details/just-cook-ready-meals/just-cook-gammon-steaks-pineapple-345g', 'product_name': "Sainsbury's Just Cook Gammon Steaks with Pineapple 345g (Serves 2)", 'product_price': '£3.00', 'product_additionals': '£8.70 / kg'}, {'shop': 'sains', 'url': 'https://www.sainsburys.co.uk/shop/gb/groceries/product/details/all-fruit/sainsburys-large-pineapple', 'product_name': "Sainsbury's Large Pineapple", 'product_price': '£1.50', 'product_additionals': '£1.50 / ea'}, {'shop': 'sains', 'url': 'https://www.sainsburys.co.uk/shop/gb/groceries/product/details/mango-exotic-fruit-dates-nuts/sainsburys-large-pineapple', 'product_name': "Sainsbury's Large Pineapple", 'product_price': '£1.50', 'product_additionals': '£1.50 / ea'}, {'shop': 'sains', 'url': 'https://www.sainsburys.co.uk/shop/gb/groceries/product/details/ready-to-eat-fruit/sainsburys-limited-edition-mango-red-grape-speciality-apple-210g', 'product_name': "Sainsbury's Limited Edition Mango, Red Grape & Speciality Apple 210g", 'product_price': '£2.00', 'product_additionals': '77p / kg'}, {'shop': 'sains', 'url': 'https://www.sainsburys.co.uk/shop/gb/groceries/product/details/fruit-294303-44/sainsburys-mango-papaya--pineapple-smoothie-480g', 'product_name': "Sainsbury's Mango, Papaya & Pineapple Smoothie Mix 480g", 'product_price': '£2.00', 'product_additionals': '42p / 100g'}, {'shop': 'sains', 'url': 'https://www.sainsburys.co.uk/shop/gb/groceries/product/details/make-a-smoothie/sainsburys-mango-papaya--pineapple-smoothie-480g', 'product_name': "Sainsbury's Mango, Papaya & Pineapple Smoothie Mix 480g", 'product_price': '£2.00', 'product_additionals': '42p / 100g'}, {'shop': 'sains', 'url': 'https://www.sainsburys.co.uk/shop/gb/groceries/product/details/smoothie-mixes-294304-44/sainsburys-mango-papaya--pineapple-smoothie-480g', 'product_name': "Sainsbury's Mango, Papaya & Pineapple Smoothie Mix 480g", 'product_price': '£2.00', 'product_additionals': '42p / 100g'}, {'shop': 'sains', 'url': 'https://www.sainsburys.co.uk/shop/gb/groceries/product/details/mango-exotic-fruit-dates-nuts/sainsburys-medium-pineapple', 'product_name': "Sainsbury's Medium Pineapple", 'product_price': '£1.00', 'product_additionals': '£1.00 / ea'}, {'shop': 'sains', 'url': 'https://www.sainsburys.co.uk/shop/gb/groceries/product/details/all-prepared-fruit--veg---salad/sainsburys-melon---pineapple-fingers-240g', 'product_name': "Sainsbury's Melon & Pineapple Fingers 260g", 'product_price': '£2.00', 'product_additionals': '£7.69 / kg'}, {'shop': 'sains', 'url': 'https://www.sainsburys.co.uk/shop/gb/groceries/product/details/ready-to-eat-fruit/sainsburys-melon---pineapple-fingers-240g', 'product_name': "Sainsbury's Melon & Pineapple Fingers 260g", 'product_price': '£2.00', 'product_additionals': '£7.69 / kg'}, {'shop': 'sains', 'url': 'https://www.sainsburys.co.uk/shop/gb/groceries/product/details/new-ready-meals/sainsburys-my-goodness!-pulled-pork-apple-380g', 'product_name': "Sainsbury's My Goodness! Pulled Pork & Apple 380g", 'product_price': '£3.00', 'product_additionals': '£7.89 / kg'}, {'shop': 'sains', 'url': 'https://www.sainsburys.co.uk/shop/gb/groceries/product/details/all-price-lock/sainsburys-no-added-sugar-fruit-slurps-orange-pineapple-flavoured-6x250ml', 'product_name': "Sainsbury's No Added Sugar Fruit Slurps Orange & Pineapple Flavoured 6x250ml", 'product_price': '£1.50', 'product_additionals': '10p / 100ml'}, {'shop': 'sains', 'url': 'https://www.sainsburys.co.uk/shop/gb/groceries/product/details/ready-to-eat-fruit/sainsburys-ftg-apple-grape-strawberry-135g', 'product_name': "Sainsbury's On the Go Apple, Grape & Strawberry 135g", 'product_price': '£1.00', 'product_additionals': '£7.41 / kg'}, {'shop': 'sains', 'url': 'https://www.sainsburys.co.uk/shop/gb/groceries/product/details/ready-to-eat-fruit/sainsburys-ftg-pink-lady-apple-grape-bag', 'product_name': "Sainsbury's On the Go Pink Lady Apple Slices & Grapes Meal Deal 80g", 'product_price': '60p', 'product_additionals': '£7.50 / kg'}, {'shop': 'sains', 'url': 'https://www.sainsburys.co.uk/shop/gb/groceries/product/details/single-pots-and-corner-yogurt/sainsburys-pineapple---coconut-yogurt--taste-the-difference-150g', 'product_name': "Sainsbury's Pineapple & Coconut Yogurt, Taste the Difference 150g", 'product_price': '70p', 'product_additionals': '47p / 100g'}, {'shop': 'sains', 'url': 'https://www.sainsburys.co.uk/shop/gb/groceries/product/details/top-rated-44/sainsburys-pineapple---grapefruit-juice-drink--zero-added-sugar-2l', 'product_name': "Sainsbury's Pineapple & Grapefruit Juice Drink, Zero Added Sugar 2L", 'product_price': '70p', 'product_additionals': '4p / 100ml'}, {'shop': 'sains', 'url': 'https://www.sainsburys.co.uk/shop/gb/groceries/product/details/200-calories-or-less/sainsburys-pineapple-160g', 'product_name': "Sainsbury's Pineapple 160g", 'product_price': '£1.00', 'product_additionals': '£6.25 / kg'}, {'shop': 'sains', 'url': 'https://www.sainsburys.co.uk/shop/gb/groceries/product/details/all-prepared-fruit--veg---salad/sainsburys-pineapple-fridge-bag-500g', 'product_name': "Sainsbury's Pineapple Fridge Bag 500g", 'product_price': '£2.75', 'product_additionals': '£5.50 / kg'}, {'shop': 'sains', 'url': 'https://www.sainsburys.co.uk/shop/gb/groceries/product/details/price-lock-drinks/sainsburys-pineapple-juice-1l', 'product_name': "Sainsbury's Pineapple Juice 1L", 'product_price': '90p', 'product_additionals': '9p / 100ml'}, {'shop': 'sains', 'url': 'https://www.sainsburys.co.uk/shop/gb/groceries/product/details/ready-to-eat-fruit/sainsburys-pineapple-lolly-80g', 'product_name': "Sainsbury's Pineapple Lolly 80g", 'product_price': '40p', 'product_additionals': '£5.00 / kg'}, {'shop': 'sains', 'url': 'https://www.sainsburys.co.uk/shop/gb/groceries/product/details/all-prepared-fruit--veg---salad/sainsburys-pineapple-lolly-80g', 'product_name': "Sainsbury's Pineapple Lolly 80g", 'product_price': '40p', 'product_additionals': '£5.00 / kg'}, {'shop': 'sains', 'url': 'https://www.sainsburys.co.uk/shop/gb/groceries/product/details/all-price-lock/sainsburys-no-added-sugar-pineapple--mango---passionfruit-juice-1l', 'product_name': "Sainsbury's Pineapple Mango & Passionfruit Juice Drink, No Added Sugar 1L", 'product_price': '90p', 'product_additionals': '9p / 100ml'}, {'shop': 'sains', 'url': 'https://www.sainsburys.co.uk/shop/gb/groceries/product/details/price-lock-drinks/sainsburys-no-added-sugar-pineapple--mango---passionfruit-juice-1l', 'product_name': "Sainsbury's Pineapple Mango & Passionfruit Juice Drink, No Added Sugar 1L", 'product_price': '90p', 'product_additionals': '9p / 100ml'}, {'shop': 'sains', 'url': 'https://www.sainsburys.co.uk/shop/gb/groceries/product/details/all-fruit/sainsburys-pineapple-pieces-400g', 'product_name': "Sainsbury's Pineapple Pieces 400g", 'product_price': '£2.00', 'product_additionals': '£5.00 / kg'}, {'shop': 'sains', 'url': 'https://www.sainsburys.co.uk/shop/gb/groceries/product/details/all-mothers-day/sainsburys-pineapple-pieces-400g', 'product_name': "Sainsbury's Pineapple Pieces 400g", 'product_price': '£2.00', 'product_additionals': '£5.00 / kg'}, {'shop': 'sains', 'url': 'https://www.sainsburys.co.uk/shop/gb/groceries/product/details/breakfast-in-bed/sainsburys-pineapple-pieces-400g', 'product_name': "Sainsbury's Pineapple Pieces 400g", 'product_price': '£2.00', 'product_additionals': '£5.00 / kg'}, {'shop': 'sains', 'url': 'https://www.sainsburys.co.uk/shop/gb/groceries/product/details/ready-to-eat-fruit/sainsburys-pineapple-pieces-400g', 'product_name': "Sainsbury's Pineapple Pieces 400g", 'product_price': '£2.00', 'product_additionals': '£5.00 / kg'}, {'shop': 'sains', 'url': 'https://www.sainsburys.co.uk/shop/gb/groceries/product/details/ready-to-eat-fruit/sainsburys-pineapple-slices-350g', 'product_name': "Sainsbury's Pineapple Slices 350g", 'product_price': '£2.00', 'product_additionals': '£5.71 / kg'}, {'shop': 'sains', 'url': 'https://www.sainsburys.co.uk/shop/gb/groceries/product/details/all-prepared-fruit--veg---salad/sainsburys-pineapple-slices-350g', 'product_name': "Sainsbury's Pineapple Slices 350g", 'product_price': '£2.00', 'product_additionals': '£5.71 / kg'}, {'shop': 'sains', 'url': 'https://www.sainsburys.co.uk/shop/gb/groceries/product/details/all-fruit/sainsburys-pineapple-grape-blueberries-210g', 'product_name': "Sainsbury's Pineapple, Grape & Blueberries 210g", 'product_price': '£2.00', 'product_additionals': '£9.52 / kg'}, {'shop': 'sains', 'url': 'https://www.sainsburys.co.uk/shop/gb/groceries/product/details/fruit-veg-bigger-packs/sainsburys-pink-lady-apple-bag-350g', 'product_name': "Sainsbury's Pink Lady Apple Bag 350g", 'product_price': '£2.50', 'product_additionals': '£7.14 / kg'}, {'shop': 'sains', 'url': 'https://www.sainsburys.co.uk/shop/gb/groceries/product/details/ready-to-eat-fruit/sainsburys-pink-lady-apple-bag-350g', 'product_name': "Sainsbury's Pink Lady Apple Bag 350g", 'product_price': '£2.50', 'product_additionals': '£7.14 / kg'}, {'shop': 'sains', 'url': 'https://www.sainsburys.co.uk/shop/gb/groceries/product/details/200-calories-or-less/sainsburys-pink-lady-apple-single-c', 'product_name': "Sainsbury's Pink Lady Apple Single", 'product_price': '50p', 'product_additionals': '50p / ea'}, {'shop': 'sains', 'url': 'https://www.sainsburys.co.uk/shop/gb/groceries/product/details/eat-the-rainbow/sainsburys-pink-lady-apples-so-organic-x6', 'product_name': "Sainsbury's Pink Lady Apples, SO Organic x6", 'product_price': '£3.00', 'product_additionals': '50p / ea'}, {'shop': 'sains', 'url': 'https://www.sainsburys.co.uk/shop/gb/groceries/product/details/discover-bbq/sainsburys-pork-bramley-apple-sausages-taste-the-difference-x6-400g', 'product_name': "Sainsbury's Pork & Bramley Apple Sausages, Taste the Difference x6 400g", 'product_price': '£2.75', 'product_additionals': '£6.88 / kg'}, {'shop': 'sains', 'url': 'https://www.sainsburys.co.uk/shop/gb/groceries/product/details/pub-food-and-drink/sainsburys-pork-bramley-apple-sausages-taste-the-difference-x6-400g', 'product_name': "Sainsbury's Pork & Bramley Apple Sausages, Taste the Difference x6 400g", 'product_price': '£2.75', 'product_additionals': '£6.88 / kg'}, {'shop': 'sains', 'url': 'https://www.sainsburys.co.uk/shop/gb/groceries/product/details/all-price-lock/sainsburys-pure-apple-juice-3x200ml', 'product_name': "Sainsbury's Pure Apple Juice 3x200ml", 'product_price': '80p', 'product_additionals': '13p / 100ml'}, {'shop': 'sains', 'url': 'https://www.sainsburys.co.uk/shop/gb/groceries/product/details/all-ready-meals-/sainsburys-red-cabbage-300g', 'product_name': "Sainsbury's Red Cabbage with Apple and Redcurrant Jelly 300g", 'product_price': '£2.00', 'product_additionals': '£6.67 / kg'}, {'shop': 'sains', 'url': 'https://www.sainsburys.co.uk/shop/gb/groceries/product/details/baby-vegetables/sainsburys-red-cabbage--taste-the-difference-400g', 'product_name': "Sainsbury's Red Cabbage with Sweet Apple & Cranberries 400g", 'product_price': '£2.75', 'product_additionals': '£9.17 / kg'}, {'shop': 'sains', 'url': 'https://www.sainsburys.co.uk/shop/gb/groceries/product/details/all-fruit/sainsburys-red-dessert-apples-x4', 'product_name': "Sainsbury's Red Dessert Apples x4", 'product_price': '£2.00', 'product_additionals': '£2.00 / ea'}, {'shop': 'sains', 'url': 'https://www.sainsburys.co.uk/shop/gb/groceries/product/details/loose-produce/sainsburys-british-royal-gala-apple-single-c', 'product_name': "Sainsbury's Royal Gala Apple Single", 'product_price': '30p', 'product_additionals': '30p / ea'}, {'shop': 'sains', 'url': 'https://www.sainsburys.co.uk/shop/gb/groceries/product/details/special-offers-279819-44/sainsburys-royal-gala-apples-x6', 'product_name': "Sainsbury's Royal Gala Apples x6", 'product_price': '£1.20', 'product_additionals': '20p / ea'}, {'shop': 'sains', 'url': 'https://www.sainsburys.co.uk/shop/gb/groceries/product/details/first-shop-essentials/sainsburys-royal-gala-apples-x6', 'product_name': "Sainsbury's Royal Gala Apples x6", 'product_price': '£1.20', 'product_additionals': '20p / ea'}, {'shop': 'sains', 'url': 'https://www.sainsburys.co.uk/shop/gb/groceries/product/details/all-fruit/sainsburys-rubens-apples-x5', 'product_name': "Sainsbury's Rubens Apples x5", 'product_price': '£1.50', 'product_additionals': '£1.50 / ea'}, {'shop': 'sains', 'url': 'https://www.sainsburys.co.uk/shop/gb/groceries/product/details/just-cook-ready-meals/sainsburys-just-cook-pork-belly-with-apple-sauce-470g', 'product_name': "Sainsbury's Slow Cooked British Pork Belly with Crackling Crumb & Apple Sauce 470g (Serves 2)", 'product_price': '£4.75', 'product_additionals': '£10.11 / kg'}, {'shop': 'sains', 'url': 'https://www.sainsburys.co.uk/shop/gb/groceries/product/details/taste-the-difference-meat-fish/sainsburys-smoked-applewood-s-cure-bcn--taste-the-difference-220g', 'product_name': "Sainsbury's Smoked Applewood Sweet Cure Bacon, Taste the Difference x6 220g", 'product_price': '£2.75', 'product_additionals': '£12.50 / kg'}, {'shop': 'sains', 'url': 'https://www.sainsburys.co.uk/shop/gb/groceries/product/details/simple-meals/sainsburys-stonebaked-ham---pineapple-pizza-10', 'product_name': "Sainsbury's Stonebaked Ham & Pineapple Hand Stretched Pizza 295g", 'product_price': '£3.00', 'product_additionals': '£10.17 / kg'}, {'shop': 'sains', 'url': 'https://www.sainsburys.co.uk/shop/gb/groceries/product/details/big-night-in/sainsburys-stonebaked-ham---pineapple-pizza-10', 'product_name': "Sainsbury's Stonebaked Ham & Pineapple Hand Stretched Pizza 295g", 'product_price': '£3.00', 'product_additionals': '£10.17 / kg'}, {'shop': 'sains', 'url': 'https://www.sainsburys.co.uk/shop/gb/groceries/product/details/meals-for-tonight/sainsburys-stonebaked-ham---pineapple-pizza-10', 'product_name': "Sainsbury's Stonebaked Ham & Pineapple Hand Stretched Pizza 295g", 'product_price': '£3.00', 'product_additionals': '£10.17 / kg'}, {'shop': 'sains', 'url': 'https://www.sainsburys.co.uk/shop/gb/groceries/product/details/all-fruit/sainsburys-toffee-apples-each-', 'product_name': "Sainsbury's Toffee Apples (each)", 'product_price': '60p', 'product_additionals': '60p / ea'}, {'shop': 'asda', 'url': 'https://groceries.asda.com/product/1000222808988', 'product_name': 'Sally Hansen Insta-Dri Nail Polish Asap Apple', 'product_price': '£4.95', 'product_additionals': '(£5.50/10ml)'}, {'shop': 'asda', 'url': 'https://groceries.asda.com/product/1000227127183', 'product_name': 'ScentSationals Pumpkin Apple Muffins Wax Cubes', 'product_price': '£2.00', 'product_additionals': '(£2.00/each)'}, {'shop': 'asda', 'url': 'https://groceries.asda.com/product/1000103026346', 'product_name': 'Schwartz Christmas Limited Edition Braised Red Cabbage with Apple & Cider Recipe Mix', 'product_price': '£0.85', 'product_additionals': '(£2.43/100g)'}, {'shop': 'tesco', 'url': 'https://www.tesco.com/groceries/en-GB/products/276688264', 'product_name': 'Scrumpy Jack Apple Cider 4X440ml Can', 'product_price': '£ 4.00', 'product_additionals': '£2.28/litre'}, {'shop': 'tesco', 'url': 'https://www.tesco.com/groceries/en-GB/products/259808535', 'product_name': 'Shloer White Grape And Apple Juice Drink 750Ml', 'product_price': '£ 2.20', 'product_additionals': '£0.29/100ml'}, {'shop': 'tesco', 'url': 'https://www.tesco.com/groceries/en-GB/products/279842814', 'product_name': 'Sis. Go Isotonic Gel Apple 60Ml', 'product_price': '£ 6.00', 'product_additionals': '£10.00/100ml'}, {'shop': 'sains', 'url': 'https://www.sainsburys.co.uk/shop/gb/groceries/product/details/new-355373-44/small-apple-plush-134412220-p', 'product_name': 'Small Apple Plush', 'product_price': '£4.50', 'product_additionals': '£4.50 / ea'}, {'shop': 'asda', 'url': 'https://groceries.asda.com/product/1000000460812', 'product_name': 'Smirnoff Premium Green Apple Vodka', 'product_price': '£17.00', 'product_additionals': '(£24.29/lt)'}, {'shop': 'asda', 'url': 'https://groceries.asda.com/product/910003192237', 'product_name': 'Snapple Blushing Apple Juice Drink', 'product_price': '£1.50', 'product_additionals': '(31.7p/100ml)'}, {'shop': 'asda', 'url': 'https://groceries.asda.com/product/910003007348', 'product_name': 'Snapple Fruit Punch Juice Drink', 'product_price': '£1.50', 'product_additionals': '(31.7p/100ml)'}, {'shop': 'asda', 'url': 'https://groceries.asda.com/product/910003007161', 'product_name': 'Snapple Pink Lemonade Still Juice Drink', 'product_price': '£1.50', 'product_additionals': '(31.7p/100ml)'}, {'shop': 'tesco', 'url': 'https://www.tesco.com/groceries/en-GB/products/292561044', 'product_name': 'Snapple Pink Lemonade Still Juice Drink 473Ml', 'product_price': '£ 1.50', 'product_additionals': '£0.32/100ml'}, {'shop': 'asda', 'url': 'https://groceries.asda.com/product/1000018541652', 'product_name': 'Soreen 5 Apple Lunchbox Loaves', 'product_price': '£1.40', 'product_additionals': '(28.0p/each)'}, {'shop': 'tesco', 'url': 'https://www.tesco.com/groceries/en-GB/products/297385855', 'product_name': 'Soreen 5 Apple Lunchbox Loaves 150G', 'product_price': '£ 1.40', 'product_additionals': '£0.93/100g'}, {'shop': 'coop', 'url': 'https://www.coop.co.uk/products/soreen-apple-lunchbox-loaves-5x30g', 'product_name': 'Soreen Apple Lunchbox Loaves 5x30g', 'product_price': '£1', 'product_additionals': '5x30g (66.6p per 100g)\n5 pack'}, {'shop': 'asda', 'url': 'https://groceries.asda.com/product/1000177860926', 'product_name': 'Soreen Scream Toffee Apple 5 Mini Loaves', 'product_price': '£1.00', 'product_additionals': '(20.0p/each)'}, {'shop': 'asda', 'url': 'https://groceries.asda.com/product/507315', 'product_name': 'Sourz Apple', 'product_price': '£7.50', 'product_additionals': '(£10.71/lt)'}, {'shop': 'tesco', 'url': 'https://www.tesco.com/groceries/en-GB/products/253146098', 'product_name': 'Sourz Apple 70Cl', 'product_price': '£ 11.00', 'product_additionals': '£15.72/litre'}, {'shop': 'tesco', 'url': 'https://www.tesco.com/groceries/en-GB/products/301107437', 'product_name': 'Stockwell & Co Apple & Blackcurrant No Added Sugar Squash 750Ml', 'product_price': '£ 0.40', 'product_additionals': '£0.05/100ml'}, {'shop': 'asda', 'url': 'https://groceries.asda.com/product/910001266849', 'product_name': 'Stowford Press Apple Cider', 'product_price': '£1.80', 'product_additionals': 'No weight data'}, {'shop': 'tesco', 'url': 'https://www.tesco.com/groceries/en-GB/products/303261526', 'product_name': 'Stowford Press Apple Cider 4 X 440Ml Can', 'product_price': '£ 3.00', 'product_additionals': '£1.71/litre'}, {'shop': 'tesco', 'url': 'https://www.tesco.com/groceries/en-GB/products/306951886', 'product_name': 'Stowford Press Apple Cider Low Alcohol 500Ml', 'product_price': '£ 1.30', 'product_additionals': '£2.60/litre'}, {'shop': 'tesco', 'url': 'https://www.tesco.com/groceries/en-GB/products/305988821', 'product_name': 'Strongbow Cloudy Apple Cider 10 X 440Ml', 'product_price': '£ 9.00', 'product_additionals': '£2.05/litre'}, {'shop': 'tesco', 'url': 'https://www.tesco.com/groceries/en-GB/products/305735689', 'product_name': 'Strongbow Cloudy Apple Cider 4 X 440Ml', 'product_price': '£ 3.75', 'product_additionals': '£2.14/litre'}, {'shop': 'asda', 'url': 'https://groceries.asda.com/product/1000150900154', 'product_name': 'Strongbow Cloudy Apple Cider Cans', 'product_price': '£8.00', 'product_additionals': '(£1.82/lt)'}, {'shop': 'asda', 'url': 'https://groceries.asda.com/product/1000150899830', 'product_name': 'Strongbow Cloudy Apple Cider Cans', 'product_price': '£3.75', 'product_additionals': '(£2.13/lt)'}, {'shop': 'coop', 'url': 'https://www.coop.co.uk/products/strongbow-cloudy-apple-cider-cans-4x440ml', 'product_name': 'Strongbow Cloudy Apple Cider Cans 4x440ml', 'product_price': '£4.15', 'product_additionals': '4x440ml (£2.36 per litre)\n4 pack'}, {'shop': 'tesco', 'url': 'https://www.tesco.com/groceries/en-GB/products/256607708', 'product_name': 'Sun Exotic Pineapple & Coconut Juice Drink 1Ltr', 'product_price': '£ 1.50', 'product_additionals': '£0.15/100ml'}, {'shop': 'asda', 'url': 'https://groceries.asda.com/product/1000038368834', 'product_name': 'Sun Exotic Pineapple & Coconut Still Drink', 'product_price': '£1.00', 'product_additionals': '(10.0p/100ml)'}, {'shop': 'tesco', 'url': 'https://www.tesco.com/groceries/en-GB/products/307132299', 'product_name': 'Sunkist No Added Sugar Apple & Blackcurrant Squash 1 Litre', 'product_price': '£ 1.00', 'product_additionals': '£0.10/100ml'}, {'shop': 'asda', 'url': 'https://groceries.asda.com/product/1000143100235', 'product_name': 'Swizzels 5 Pack Push-UP! Blackcurrant Cherry & Apple Strawberry', 'product_price': '£1.24', 'product_additionals': '(44.3p/100ml)'}, {'shop': 'sains', 'url': 'https://www.sainsburys.co.uk/shop/gb/groceries/product/details/all-easter-eggs-and-chocolate-/swizzels-squashies-drumchick-orange-pineapple-foam-gums-160g', 'product_name': 'Swizzels Drumchick Squashies Orange & Pineapple Foam Gums', 'product_price': '£1.00', 'product_additionals': '63p / 100g'}, {'shop': 'asda', 'url': 'https://groceries.asda.com/product/1000039942528', 'product_name': 'Swizzels Drumstick Squashies Sour Cherry & Apple Flavour', 'product_price': '£0.90', 'product_additionals': '(56.2p/100g)'}, {'shop': 'sains', 'url': 'https://www.sainsburys.co.uk/shop/gb/groceries/product/details/all-gluten-free-food-and-drink/swizzels-push-up!-blackcurrant-cherry-apple-strawberry-ice-lollies-5x56ml', 'product_name': 'Swizzels Push-UP! Blackcurrant Cherry & Apple Strawberry Ice Lollies 5x56ml', 'product_price': '£1.00', 'product_additionals': '36p / 100g'}, {'shop': 'tesco', 'url': 'https://www.tesco.com/groceries/en-GB/products/276956212', 'product_name': 'T.100% Pure Pressed Pineapple Juicenfc 1 Litre', 'product_price': '£ 1.25', 'product_additionals': '£0.12/100ml'}, {'shop': 'tesco', 'url': 'https://www.tesco.com/groceries/en-GB/products/278994762', 'product_name': 'Tesco 100% Pure Pressed Apple & Raspberry Juice 1L', 'product_price': '£ 1.25', 'product_additionals': '£0.12/100ml'}, {'shop': 'tesco', 'url': 'https://www.tesco.com/groceries/en-GB/products/307811982', 'product_name': 'Tesco 11Oz Scented Candle - Mango & Pineapple', 'product_price': '£ 3.50', 'product_additionals': '£3.50/each'}, {'shop': 'tesco', 'url': 'https://www.tesco.com/groceries/en-GB/products/299919429', 'product_name': 'Tesco 2 Apple & Blackberry Puddings 220G', 'product_price': '£ 2.00', 'product_additionals': '£0.91/100g'}, {'shop': 'tesco', 'url': 'https://www.tesco.com/groceries/en-GB/products/260881071', 'product_name': 'Tesco 2 Apple Crumble 270G', 'product_price': '£ 2.00', 'product_additionals': '£0.74/100g'}, {'shop': 'tesco', 'url': 'https://www.tesco.com/groceries/en-GB/products/297297274', 'product_name': 'Tesco 2 Fresh Cream Bramley Apple Turnovers 160G', 'product_price': '£ 1.60', 'product_additionals': '£1.00/100g'}, {'shop': 'tesco', 'url': 'https://www.tesco.com/groceries/en-GB/products/307811999', 'product_name': 'Tesco 20Oz Scented Candle - Mango & Pineapple', 'product_price': '£ 5.00', 'product_additionals': '£5.00/each'}, {'shop': 'tesco', 'url': 'https://www.tesco.com/groceries/en-GB/products/307812007', 'product_name': 'Tesco 27Pk Scented Tealights Mango & Pineapple', 'product_price': '£ 1.75', 'product_additionals': '£0.06/each'}, {'shop': 'tesco', 'url': 'https://www.tesco.com/groceries/en-GB/products/307812013', 'product_name': 'Tesco 30Ml Reed Diffuser - Mango & Pineapple', 'product_price': '£ 1.00', 'product_additionals': '£33.34/litre'}, {'shop': 'tesco', 'url': 'https://www.tesco.com/groceries/en-GB/products/275712998', 'product_name': 'Tesco 6 Apple Fruity Bakes 222G', 'product_price': '£ 0.95', 'product_additionals': '£0.43/100g'}, {'shop': 'tesco', 'url': 'https://www.tesco.com/groceries/en-GB/products/268849340', 'product_name': 'Tesco 8 British Pork & Apple Sausages 454G', 'product_price': '£ 1.70', 'product_additionals': '£3.75/kg'}, {'shop': 'tesco', 'url': 'https://www.tesco.com/groceries/en-GB/products/270887556', 'product_name': 'Tesco Antibacterial Floor Wipes Apple 15Pack', 'product_price': '£ 1.00', 'product_additionals': '£0.07/each'}, {'shop': 'tesco', 'url': 'https://www.tesco.com/groceries/en-GB/products/270887734', 'product_name': 'Tesco Antibacterial Multi Surface Wipes Apple 40 Pack', 'product_price': '£ 1.00', 'product_additionals': '£0.02/each'}, {'shop': 'tesco', 'url': 'https://www.tesco.com/groceries/en-GB/products/252905391', 'product_name': 'Tesco Apple & Blackcurrant Juice Drink No Added Sugar 3X250ml', 'product_price': '£ 0.70', 'product_additionals': '£0.09/100ml'}, {'shop': 'tesco', 'url': 'https://www.tesco.com/groceries/en-GB/products/288178256', 'product_name': 'Tesco Apple & Elderflower Not From Concentrated Juice 1L', 'product_price': '£ 1.25', 'product_additionals': '£0.12/100ml'}, {'shop': 'tesco', 'url': 'https://www.tesco.com/groceries/en-GB/products/284738142', 'product_name': 'Tesco Apple & Elderflower Sparkling Water 1 Litre', 'product_price': '£ 0.45', 'product_additionals': '£0.04/100ml'}, {'shop': 'tesco', 'url': 'https://www.tesco.com/groceries/en-GB/products/286681740', 'product_name': 'Tesco Apple & Grape Snack Pack 80G', 'product_price': '£ 0.50', 'product_additionals': '£6.25/kg'}, {'shop': 'tesco', 'url': 'https://www.tesco.com/groceries/en-GB/products/280823531', 'product_name': 'Tesco Apple & Mango High Juice 1Ltr', 'product_price': '£ 1.35', 'product_additionals': '£0.14/100ml'}, {'shop': 'tesco', 'url': 'https://www.tesco.com/groceries/en-GB/products/276956454', 'product_name': 'Tesco Apple & Mango Juice Not From Concentrate 1 Litre', 'product_price': '£ 1.25', 'product_additionals': '£0.12/100ml'}, {'shop': 'tesco', 'url': 'https://www.tesco.com/groceries/en-GB/products/301269129', 'product_name': 'Tesco Apple & Mango Pouch 70G', 'product_price': '£ 0.45', 'product_additionals': '£0.64/100g'}, {'shop': 'tesco', 'url': 'https://www.tesco.com/groceries/en-GB/products/292718079', 'product_name': 'Tesco Apple & Raspberry No Added Sugar Sparkling Water 4X500ml', 'product_price': '£ 1.29', 'product_additionals': '£0.06/100ml'}, {'shop': 'tesco', 'url': 'https://www.tesco.com/groceries/en-GB/products/289510599', 'product_name': 'Tesco Apple And Mango From Concentrate 1 Litre', 'product_price': '£ 0.90', 'product_additionals': '£0.09/100ml'}, {'shop': 'tesco', 'url': 'https://www.tesco.com/groceries/en-GB/products/301269439', 'product_name': 'Tesco Apple Anti-Dandruff Shampoo 300Ml', 'product_price': '£ 1.00', 'product_additionals': '£0.33/100ml'}, {'shop': 'tesco', 'url': 'https://www.tesco.com/groceries/en-GB/products/256595496', 'product_name': 'Tesco Apple Cider 4X440ml Can', 'product_price': '£ 2.20', 'product_additionals': '£1.25/litre'}, {'shop': 'tesco', 'url': 'https://www.tesco.com/groceries/en-GB/products/307136220', 'product_name': 'Tesco Apple Crumble 500G', 'product_price': '£ 2.80', 'product_additionals': '£0.56/100g'}, {'shop': 'tesco', 'url': 'https://www.tesco.com/groceries/en-GB/products/263450571', 'product_name': 'Tesco Apple Mango Passion Fruit & Peach Juice Not From Concentrate 1L', 'product_price': '£ 1.25', 'product_additionals': '£0.12/100ml'}, {'shop': 'tesco', 'url': 'https://www.tesco.com/groceries/en-GB/products/302000792', 'product_name': 'Tesco Apple Rice Cakes 4 X 20G', 'product_price': '£ 1.80', 'product_additionals': '£0.22/10g'}, {'shop': 'tesco', 'url': 'https://www.tesco.com/groceries/en-GB/products/302000832', 'product_name': 'Tesco Apple Rice Cakes 40G', 'product_price': '£ 0.80', 'product_additionals': '£0.20/10g'}, {'shop': 'tesco', 'url': 'https://www.tesco.com/groceries/en-GB/products/262290526', 'product_name': 'Tesco Apple Slices 300G', 'product_price': '£ 2.30', 'product_additionals': '£7.67/kg'}, {'shop': 'tesco', 'url': 'https://www.tesco.com/groceries/en-GB/products/254752129', 'product_name': 'Tesco Apple Strudel 600G', 'product_price': '£ 1.35', 'product_additionals': '£0.22/100g'}, {'shop': 'tesco', 'url': 'https://www.tesco.com/groceries/en-GB/products/306801166', 'product_name': 'Tesco Apple, Lemon & Ginger Juice 1L', 'product_price': '£ 1.25', 'product_additionals': '£0.12/100ml'}, {'shop': 'tesco', 'url': 'https://www.tesco.com/groceries/en-GB/products/256045013', 'product_name': 'Tesco Apple/Blackcurrant Juice (No Added Sugar) Drink 12X250ml', 'product_price': '£ 2.75', 'product_additionals': '£0.09/100ml'}, {'shop': 'tesco', 'url': 'https://www.tesco.com/groceries/en-GB/products/284475671', 'product_name': 'Tesco Braeburn Apple Minimum 5 Pack', 'product_price': '£ 1.60', 'product_additionals': '£0.32/each'}, {'shop': 'tesco', 'url': 'https://www.tesco.com/groceries/en-GB/products/257313927', 'product_name': 'Tesco Bramley Apple Pies 6 Pack', 'product_price': '£ 1.00', 'product_additionals': '£0.17/each'}, {'shop': 'tesco', 'url': 'https://www.tesco.com/groceries/en-GB/products/257471969', 'product_name': 'Tesco Bramley Apple Sauce 270G', 'product_price': '£ 0.55', 'product_additionals': '£0.20/100g'}, {'shop': 'tesco', 'url': 'https://www.tesco.com/groceries/en-GB/products/257471883', 'product_name': 'Tesco Bramley Apple Sauce 470G', 'product_price': '£ 1.15', 'product_additionals': '£0.24/100g'}, {'shop': 'tesco', 'url': 'https://www.tesco.com/groceries/en-GB/products/253558033', 'product_name': 'Tesco Bramley Cooking Apples Loose', 'product_price': '£ 0.50', 'product_additionals': '£2.00/kg'}, {'shop': 'tesco', 'url': 'https://www.tesco.com/groceries/en-GB/products/284477058', 'product_name': 'Tesco British Apple Minimum 5 Pack', 'product_price': '£ 1.60', 'product_additionals': '£0.32/each'}, {'shop': 'tesco', 'url': 'https://www.tesco.com/groceries/en-GB/products/263588172', 'product_name': 'Tesco Double Concentrate Apple & Blackcurrant No Added Sugar Squash 1.5L', 'product_price': '£ 1.00', 'product_additionals': '£0.07/100ml'}, {'shop': 'tesco', 'url': 'https://www.tesco.com/groceries/en-GB/products/263588926', 'product_name': 'Tesco Double Concentrate Apple & Strawberry Squash N/As 1.5L', 'product_price': '£ 1.00', 'product_additionals': '£0.07/100ml'}, {'shop': 'tesco', 'url': 'https://www.tesco.com/groceries/en-GB/products/263588362', 'product_name': 'Tesco Double Concentrate Lemon Orange & Pineapple No Added Sugar Squash 1.5L', 'product_price': '£ 1.00', 'product_additionals': '£0.07/100ml'}, {'shop': 'tesco', 'url': 'https://www.tesco.com/groceries/en-GB/products/263588621', 'product_name': 'Tesco Double Strength Apple Squash No Added Sugar 1.5L', 'product_price': '£ 1.00', 'product_additionals': '£0.07/100ml'}, {'shop': 'tesco', 'url': 'https://www.tesco.com/groceries/en-GB/products/275945100', 'product_name': 'Tesco Easy Oats Apple & Blueberry 360G', 'product_price': '£ 1.00', 'product_additionals': '£0.28/100g'}, {'shop': 'tesco', 'url': 'https://www.tesco.com/groceries/en-GB/products/301281338', 'product_name': 'Tesco Extracts Apple Shampoo 500Ml', 'product_price': '£ 0.80', 'product_additionals': '£0.16/100ml'}, {'shop': 'tesco', 'url': 'https://www.tesco.com/groceries/en-GB/products/286671239', 'product_name': 'Tesco Finest 4 Apple & Cinnamon Hot Cross Buns', 'product_price': '£ 1.50', 'product_additionals': '£0.38/each'}, {'shop': 'tesco', 'url': 'https://www.tesco.com/groceries/en-GB/products/305959453', 'product_name': 'Tesco Finest Apple & Blackcurrant Crumble Cake', 'product_price': '£ 12.00', 'product_additionals': '£12.00/each'}, {'shop': 'tesco', 'url': 'https://www.tesco.com/groceries/en-GB/products/288805713', 'product_name': 'Tesco Finest Apple & Cranberry Stuffing Mix 130G', 'product_price': '£ 1.40', 'product_additionals': '£10.77/kg'}, {'shop': 'tesco', 'url': 'https://www.tesco.com/groceries/en-GB/products/284477317', 'product_name': 'Tesco Finest Best Of British Apple 4 Pack 590G', 'product_price': '£ 1.80', 'product_additionals': '£3.06/kg'}, {'shop': 'tesco', 'url': 'https://www.tesco.com/groceries/en-GB/products/279232684', 'product_name': 'Tesco Finest British Bramley Apple Sauce With Cider 200G', 'product_price': '£ 1.50', 'product_additionals': '£0.75/100g'}, {'shop': 'tesco', 'url': 'https://www.tesco.com/groceries/en-GB/products/280520935', 'product_name': "Tesco Finest Cox's Apple & Elder Presse 750Ml", 'product_price': '£ 2.00', 'product_additionals': '£0.27/100ml'}, {'shop': 'tesco', 'url': 'https://www.tesco.com/groceries/en-GB/products/306658669', 'product_name': 'Tesco Finest Pnk/Ldy 2 Pack Apple Juice & Lemonade 750Ml', 'product_price': '£ 5.00', 'product_additionals': '£0.33/100ml'}, {'shop': 'tesco', 'url': 'https://www.tesco.com/groceries/en-GB/products/306651439', 'product_name': 'Tesco Finest Pressed Pink Lady Apple Juice 1L', 'product_price': '£ 2.50', 'product_additionals': '£0.25/100ml'}, {'shop': 'tesco', 'url': 'https://www.tesco.com/groceries/en-GB/products/297673445', 'product_name': 'Tesco Finest Slow Cooked Gammon Shank In Pineapple 550G', 'product_price': '£ 6.00', 'product_additionals': '£10.91/kg'}, {'shop': 'tesco', 'url': 'https://www.tesco.com/groceries/en-GB/products/296070895', 'product_name': 'Tesco Finest Smoked Applewood Ham 125G', 'product_price': '£ 2.50', 'product_additionals': '£2.00/100g'}, {'shop': 'tesco', 'url': 'https://www.tesco.com/groceries/en-GB/products/256682675', 'product_name': 'Tesco Free From Bramley Apple Pies 4 Pack', 'product_price': '£ 2.00', 'product_additionals': '£0.50/each'}, {'shop': 'tesco', 'url': 'https://www.tesco.com/groceries/en-GB/products/257819433', 'product_name': 'Tesco Fruit Splash Apple Juice Drink No Added Sugar 3X250ml', 'product_price': '£ 0.70', 'product_additionals': '£0.09/100ml'}, {'shop': 'tesco', 'url': 'https://www.tesco.com/groceries/en-GB/products/284475550', 'product_name': 'Tesco Gala Apple Minimum 5 Pack', 'product_price': '£ 1.60', 'product_additionals': '£0.27/each'}, {'shop': 'tesco', 'url': 'https://www.tesco.com/groceries/en-GB/products/289599764', 'product_name': 'Tesco Gammon Steak With Cheese & Pineapple 345G', 'product_price': '£ 3.00', 'product_additionals': '£8.70/kg'}, {'shop': 'tesco', 'url': 'https://www.tesco.com/groceries/en-GB/products/284475890', 'product_name': 'Tesco Golden Delicious Apple Minimum 5', 'product_price': '£ 1.60', 'product_additionals': '£0.32/each'}, {'shop': 'tesco', 'url': 'https://www.tesco.com/groceries/en-GB/products/284475832', 'product_name': 'Tesco Granny Smith Apple Minimum 5 Pack', 'product_price': '£ 1.60', 'product_additionals': '£0.27/each'}, {'shop': 'tesco', 'url': 'https://www.tesco.com/groceries/en-GB/products/302219827', 'product_name': 'Tesco Ham & Pineapple Pizza 316G', 'product_price': '£ 1.65', 'product_additionals': '£0.52/100g'}, {'shop': 'tesco', 'url': 'https://www.tesco.com/groceries/en-GB/products/301218916', 'product_name': 'Tesco High Juice Apple & Elderflower 1L', 'product_price': '£ 1.35', 'product_additionals': '£0.14/100ml'}, {'shop': 'tesco', 'url': 'https://www.tesco.com/groceries/en-GB/products/255185891', 'product_name': 'Tesco High Juice Apple Squash 1L', 'product_price': '£ 1.35', 'product_additionals': '£0.14/100ml'}, {'shop': 'tesco', 'url': 'https://www.tesco.com/groceries/en-GB/products/292991312', 'product_name': 'Tesco Instant Oats Porridge Pot Apple & Blueberry 55G', 'product_price': '£ 0.35', 'product_additionals': '£0.64/100g'}, {'shop': 'tesco', 'url': 'https://www.tesco.com/groceries/en-GB/products/284477628', 'product_name': 'Tesco Jazz Apple', 'product_price': '£ 2.40', 'product_additionals': '£0.40/each'}, {'shop': 'tesco', 'url': 'https://www.tesco.com/groceries/en-GB/products/301219472', 'product_name': 'Tesco Juice Drink Apple & Raspberry 1 Litre', 'product_price': '£ 0.90', 'product_additionals': '£0.09/100ml'}, {'shop': 'tesco', 'url': 'https://www.tesco.com/groceries/en-GB/products/276116625', 'product_name': 'Tesco Kids Apple & Melon 2 In 1 Shampoo 250Ml', 'product_price': '£ 1.00', 'product_additionals': '£0.40/100ml'}, {'shop': 'tesco', 'url': 'https://www.tesco.com/groceries/en-GB/products/260905678', 'product_name': 'Tesco Large Pineapple Each', 'product_price': '£ 1.70', 'product_additionals': '£1.70/each'}, {'shop': 'tesco', 'url': 'https://www.tesco.com/groceries/en-GB/products/250398900', 'product_name': 'Tesco Organic Apple Juice 3X200ml', 'product_price': '£ 1.10', 'product_additionals': '£0.18/100ml'}, {'shop': 'tesco', 'url': 'https://www.tesco.com/groceries/en-GB/products/287023171', 'product_name': 'Tesco Organic Gala Apples 630G', 'product_price': '£ 2.25', 'product_additionals': '£3.58/kg'}, {'shop': 'tesco', 'url': 'https://www.tesco.com/groceries/en-GB/products/293171580', 'product_name': 'Tesco Organic Pink Lady Apples 440G', 'product_price': '£ 2.50', 'product_additionals': '£5.69/kg'}, {'shop': 'tesco', 'url': 'https://www.tesco.com/groceries/en-GB/products/301269141', 'product_name': 'Tesco Pear & Apple Pouch 70G', 'product_price': '£ 0.45', 'product_additionals': '£0.64/100g'}, {'shop': 'tesco', 'url': 'https://www.tesco.com/groceries/en-GB/products/294770041', 'product_name': 'Tesco Pineapple 0% Fat Cottage Cheese 300G', 'product_price': '£ 1.00', 'product_additionals': '£3.34/kg'}, {'shop': 'tesco', 'url': 'https://www.tesco.com/groceries/en-GB/products/302971678', 'product_name': 'Tesco Pineapple Chunks 145G', 'product_price': '£ 1.00', 'product_additionals': '£6.90/kg'}, {'shop': 'tesco', 'url': 'https://www.tesco.com/groceries/en-GB/products/302971655', 'product_name': 'Tesco Pineapple Chunks 270G', 'product_price': '£ 2.00', 'product_additionals': '£7.41/kg'}, {'shop': 'tesco', 'url': 'https://www.tesco.com/groceries/en-GB/products/279054497', 'product_name': 'Tesco Pineapple Chunks 450G', 'product_price': '£ 2.00', 'product_additionals': '£4.45/kg'}, {'shop': 'tesco', 'url': 'https://www.tesco.com/groceries/en-GB/products/255230763', 'product_name': 'Tesco Pineapple Each', 'product_price': '£ 0.75', 'product_additionals': '£0.75/each'}, {'shop': 'tesco', 'url': 'https://www.tesco.com/groceries/en-GB/products/287872392', 'product_name': 'Tesco Pineapple Fingers 500G', 'product_price': '£ 2.60', 'product_additionals': '£5.20/kg'}, {'shop': 'tesco', 'url': 'https://www.tesco.com/groceries/en-GB/products/285347418', 'product_name': 'Tesco Pineapple Fingers 80G', 'product_price': '£ 0.60', 'product_additionals': '£7.50/kg'}, {'shop': 'tesco', 'url': 'https://www.tesco.com/groceries/en-GB/products/259336315', 'product_name': 'Tesco Pineapple Juice 1 Litre', 'product_price': '£ 0.90', 'product_additionals': '£0.09/100ml'}, {'shop': 'tesco', 'url': 'https://www.tesco.com/groceries/en-GB/products/258298194', 'product_name': 'Tesco Pineapple Juice 3X200ml', 'product_price': '£ 0.80', 'product_additionals': '£0.13/100ml'}, {'shop': 'tesco', 'url': 'https://www.tesco.com/groceries/en-GB/products/254900335', 'product_name': 'Tesco Pineapple Slices In Juice 432G', 'product_price': '£ 0.80', 'product_additionals': '£3.09/kg DR.WT'}, {'shop': 'tesco', 'url': 'https://www.tesco.com/groceries/en-GB/products/255605263', 'product_name': 'Tesco Pineapple Slices In Natural Juice 227G', 'product_price': '£ 0.50', 'product_additionals': '£3.68/kg DR.WT'}, {'shop': 'tesco', 'url': 'https://www.tesco.com/groceries/en-GB/products/301513359', 'product_name': 'Tesco Pink Lady Apple & Grape Pot 100G', 'product_price': '£ 1.00', 'product_additionals': '£1.00/100g'}, {'shop': 'tesco', 'url': 'https://www.tesco.com/groceries/en-GB/products/302947950', 'product_name': 'Tesco Pink Lady Apple And Grape Snack Pot 100G', 'product_price': '£ 1.00', 'product_additionals': '£10.00/kg'}, {'shop': 'tesco', 'url': 'https://www.tesco.com/groceries/en-GB/products/302947875', 'product_name': 'Tesco Pink Lady Apple Doy Bag 350G', 'product_price': '£ 2.40', 'product_additionals': '£6.86/kg'}, {'shop': 'tesco', 'url': 'https://www.tesco.com/groceries/en-GB/products/284477542', 'product_name': 'Tesco Pink Lady Apple Minimum 5 Pack', 'product_price': '£ 2.75', 'product_additionals': '£0.55/each'}, {'shop': 'tesco', 'url': 'https://www.tesco.com/groceries/en-GB/products/301513394', 'product_name': 'Tesco Pink Lady Apple Pot 80G', 'product_price': '£ 1.00', 'product_additionals': '£1.25/100g'}, {'shop': 'tesco', 'url': 'https://www.tesco.com/groceries/en-GB/products/305941600', 'product_name': 'Tesco Pork & Apple Casserole 580G', 'product_price': '£ 5.00', 'product_additionals': '£8.63/kg'}, {'shop': 'tesco', 'url': 'https://www.tesco.com/groceries/en-GB/products/305522048', 'product_name': 'Tesco Pork Belly With Apple Sauce 370G', 'product_price': '£ 3.50', 'product_additionals': '£9.46/kg'}, {'shop': 'tesco', 'url': 'https://www.tesco.com/groceries/en-GB/products/276956270', 'product_name': 'Tesco Pressed Apple Juice Not From Concentrate 1 Litre', 'product_price': '£ 1.25', 'product_additionals': '£0.12/100ml'}, {'shop': 'tesco', 'url': 'https://www.tesco.com/groceries/en-GB/products/254859580', 'product_name': 'Tesco Pure Apple Juice 1 Litre', 'product_price': '£ 0.90', 'product_additionals': '£0.09/100ml'}, {'shop': 'tesco', 'url': 'https://www.tesco.com/groceries/en-GB/products/254858137', 'product_name': 'Tesco Pure Apple Juice 3X200ml', 'product_price': '£ 0.80', 'product_additionals': '£0.13/100ml'}, {'shop': 'tesco', 'url': 'https://www.tesco.com/groceries/en-GB/products/254859608', 'product_name': 'Tesco Pure Apple Juice 4 X 1 Litre', 'product_price': '£ 3.30', 'product_additionals': '£0.08/100ml'}, {'shop': 'tesco', 'url': 'https://www.tesco.com/groceries/en-GB/products/287258739', 'product_name': 'Tesco Pure Apple Juice 5X150ml', 'product_price': '£ 1.00', 'product_additionals': '£0.13/100ml'}, {'shop': 'tesco', 'url': 'https://www.tesco.com/groceries/en-GB/products/294083203', 'product_name': 'Tesco Red Cabbage & Apple 300G', 'product_price': '£ 2.25', 'product_additionals': '£7.50/kg'}, {'shop': 'tesco', 'url': 'https://www.tesco.com/groceries/en-GB/products/307811976', 'product_name': 'Tesco Scented Candle Mango & Pineapple', 'product_price': '£ 1.00', 'product_additionals': '£1.00/each'}, {'shop': 'tesco', 'url': 'https://www.tesco.com/groceries/en-GB/products/307812042', 'product_name': 'Tesco Scented Pot Pourri - Mango & Pineapple', 'product_price': '£ 4.00', 'product_additionals': '£4.00/each'}, {'shop': 'tesco', 'url': 'https://www.tesco.com/groceries/en-GB/products/307812036', 'product_name': 'Tesco Scented Wax Melt - Mango & Pineapple', 'product_price': '£ 0.60', 'product_additionals': '£0.60/each'}, {'shop': 'tesco', 'url': 'https://www.tesco.com/groceries/en-GB/products/252895619', 'product_name': 'Tesco Sparkling Water Apple & Raspberry 1L', 'product_price': '£ 0.45', 'product_additionals': '£0.04/100ml'}, {'shop': 'tesco', 'url': 'https://www.tesco.com/groceries/en-GB/products/296206863', 'product_name': 'Tesco Spiced Berries & Apple 11Oz Candle Jar', 'product_price': '£ 3.50', 'product_additionals': '£3.50/each'}, {'shop': 'tesco', 'url': 'https://www.tesco.com/groceries/en-GB/products/296206870', 'product_name': 'Tesco Spiced Berries & Apple 20Oz Candle Jar', 'product_price': '£ 5.00', 'product_additionals': '£5.00/each'}, {'shop': 'tesco', 'url': 'https://www.tesco.com/groceries/en-GB/products/296206949', 'product_name': 'Tesco Spiced Berries & Apple 27Pk Tealights', 'product_price': '£ 1.75', 'product_additionals': '£1.75/each'}, {'shop': 'tesco', 'url': 'https://www.tesco.com/groceries/en-GB/products/302158242', 'product_name': 'Tesco Spiced Berries & Apple 90Ml Diffuser', 'product_price': '£ 4.00', 'product_additionals': '£4.00/each'}, {'shop': 'tesco', 'url': 'https://www.tesco.com/groceries/en-GB/products/296206886', 'product_name': 'Tesco Spiced Berries & Apple Melt', 'product_price': '£ 0.60', 'product_additionals': '£0.60/each'}, {'shop': 'tesco', 'url': 'https://www.tesco.com/groceries/en-GB/products/299644150', 'product_name': 'Tesco Spiced Berries & Apple Pot Pourri', 'product_price': '£ 4.00', 'product_additionals': '£4.00/each'}, {'shop': 'tesco', 'url': 'https://www.tesco.com/groceries/en-GB/products/274209778', 'product_name': 'Tesco Still Water Apple & Raspberry No Added Sugar 4 X 300Ml', 'product_price': '£ 1.20', 'product_additionals': '£0.10/100ml'}, {'shop': 'tesco', 'url': 'https://www.tesco.com/groceries/en-GB/products/274209830', 'product_name': 'Tesco Still Water Orange & Pineapple Flavoured 4 X 300Ml', 'product_price': '£ 1.20', 'product_additionals': '£0.10/100ml'}, {'shop': 'tesco', 'url': 'https://www.tesco.com/groceries/en-GB/products/285098159', 'product_name': 'Tesco Tesco Apple & Mango Juice Fc 3 X 200Ml', 'product_price': '£ 0.80', 'product_additionals': '£0.13/100ml'}, {'shop': 'tesco', 'url': 'https://www.tesco.com/groceries/en-GB/products/303183669', 'product_name': 'Thatchers Apple Rose Cider 4X440ml Can', 'product_price': '£ 5.50', 'product_additionals': '£3.13/litre'}, {'shop': 'tesco', 'url': 'https://www.tesco.com/groceries/en-GB/products/305986662', 'product_name': 'The Collective Suckies Apple & Blackcurrant 100G', 'product_price': '£ 0.70', 'product_additionals': '£0.70/100g'}, {'shop': 'asda', 'url': 'https://groceries.asda.com/product/1000203231981', 'product_name': 'The Fruit Factory Fruit Stars Strawberry, Apple and Orange 5 Pack', 'product_price': '£2.00', 'product_additionals': '(£2.00/100g)'}, {'shop': 'asda', 'url': 'https://groceries.asda.com/product/1000203231909', 'product_name': 'The Fruit Factory Fruit Strings Strawberry, Apple and Orange 5 Pack', 'product_price': '£2.00', 'product_additionals': '(£2.00/100g)'}, {'shop': 'sains', 'url': 'https://www.sainsburys.co.uk/shop/gb/groceries/product/details/soya-free-food-and-drink/the-gluten-free-kitchen-apple-crumble-180g', 'product_name': 'The Gluten Free Kitchen Apple Crumble 180g', 'product_price': '£2.30', 'product_additionals': '£12.78 / kg'}, {'shop': 'sains', 'url': 'https://www.sainsburys.co.uk/shop/gb/groceries/product/details/frozen-milk-free/the-gluten-free-kitchen-apple-crumble-180g', 'product_name': 'The Gluten Free Kitchen Apple Crumble 180g', 'product_price': '£2.30', 'product_additionals': '£12.78 / kg'}, {'shop': 'asda', 'url': 'https://groceries.asda.com/product/1000204391367', 'product_name': 'Totally Wicked E-Liquid Apple & Blackcurrant 10mg', 'product_price': '£4.00', 'product_additionals': '(£4.00/each)'}, {'shop': 'asda', 'url': 'https://groceries.asda.com/product/1000204391286', 'product_name': 'Totally Wicked E-Liquid Apple & Blackcurrant 6mg', 'product_price': '£4.00', 'product_additionals': '(£4.00/each)'}, {'shop': 'asda', 'url': 'https://groceries.asda.com/product/1000204390998', 'product_name': 'Totally Wicked Nic Salt E-Liquid Apple & Rasp Sour 3mg', 'product_price': '£4.00', 'product_additionals': '(£4.00/each)'}, {'shop': 'asda', 'url': 'https://groceries.asda.com/product/1000204391142', 'product_name': 'Totally Wicked Nic Salt E-Liquid Apple & Rasp Sour 6mg', 'product_price': '£4.00', 'product_additionals': '(£4.00/each)'}, {'shop': 'asda', 'url': 'https://groceries.asda.com/product/1000056007627', 'product_name': 'Tree of Life Organic Apple Cider Vinegar with the Mother', 'product_price': '£3.79', 'product_additionals': '(£3.79/lt)'}, {'shop': 'asda', 'url': 'https://groceries.asda.com/product/1000056008017', 'product_name': 'Tree of Life Organic Apple Cider Vinegar with the Mother', 'product_price': '£2.29', 'product_additionals': '(£4.58/lt)'}, {'shop': 'coop', 'url': 'https://www.coop.co.uk/products/tropicana-apple-1-4l', 'product_name': 'Tropicana Apple 1.4L', 'product_price': '£4', 'product_additionals': '1.4ltr (14.3p per 100ml)'}, {'shop': 'asda', 'url': 'https://groceries.asda.com/product/910002999872', 'product_name': 'Tropicana Apple Juice', 'product_price': '£2.63', 'product_additionals': 'No weight data'}, {'shop': 'asda', 'url': 'https://groceries.asda.com/product/1000114125297', 'product_name': 'Tropicana Apple Juice', 'product_price': '£3.30', 'product_additionals': 'No weight data'}, {'shop': 'tesco', 'url': 'https://www.tesco.com/groceries/en-GB/products/296050585', 'product_name': 'Tropicana Apple Juice 950Ml', 'product_price': '£ 2.48', 'product_additionals': '£0.26/100ml'}, {'shop': 'asda', 'url': 'https://groceries.asda.com/product/910001811525', 'product_name': 'Tropicana Exotic Creations Pineapple Juice', 'product_price': '£2.63', 'product_additionals': 'No weight data'}, {'shop': 'tesco', 'url': 'https://www.tesco.com/groceries/en-GB/products/305969084', 'product_name': 'Tropicana Lean Strawberry Raspberry & Apple Juice 900Ml', 'product_price': '£ 2.75', 'product_additionals': '£0.31/100ml'}, {'shop': 'tesco', 'url': 'https://www.tesco.com/groceries/en-GB/products/287294534', 'product_name': 'Tropicana Pineapple Juice 850Ml', 'product_price': '£ 2.48', 'product_additionals': '£0.29/100ml'}, {'shop': 'tesco', 'url': 'https://www.tesco.com/groceries/en-GB/products/305838078', 'product_name': 'Tropicana Pressed Apple Juice 1.4L', 'product_price': '£ 3.30', 'product_additionals': '£0.24/100ml'}, {'shop': 'asda', 'url': 'https://groceries.asda.com/product/1000053469148', 'product_name': "Twinings Cold In'fuse Blueberry, Apple & Blackcurrant", 'product_price': '£3.79', 'product_additionals': '(£12.63/100g)'}, {'shop': 'tesco', 'url': 'https://www.tesco.com/groceries/en-GB/products/304555172', 'product_name': 'Twinings Cold Infuse Apple Cucumber & Mint 30G', 'product_price': '£ 3.79', 'product_additionals': '£12.64/100g'}, {'shop': 'tesco', 'url': 'https://www.tesco.com/groceries/en-GB/products/301175129', 'product_name': 'Twinings Cold Infuse Blueberry Apple Blackcurrant 30G', 'product_price': '£ 3.79', 'product_additionals': '£12.64/100g'}, {'shop': 'tesco', 'url': 'https://www.tesco.com/groceries/en-GB/products/301176826', 'product_name': 'Twinings Cold Infuse Coconut & Pineapple 30G', 'product_price': '£ 3.79', 'product_additionals': '£12.64/100g'}, {'shop': 'tesco', 'url': 'https://www.tesco.com/groceries/en-GB/products/250293808', 'product_name': 'Twinings Green Tea And Pineapple 20S 40G', 'product_price': '£ 2.00', 'product_additionals': '£5.00/100g'}, {'shop': 'tesco', 'url': 'https://www.tesco.com/groceries/en-GB/products/250293958', 'product_name': 'Twinings Pear & Apple Green Tea Tea Bags 20S 40G', 'product_price': '£ 2.00', 'product_additionals': '£5.00/100g'}, {'shop': 'asda', 'url': 'https://groceries.asda.com/product/1000009534793', 'product_name': 'Twinings Superblends Sleep Spiced Apple & Vanilla with Camomile & Passionflowers 20 Tea Bags', 'product_price': '£2.00', 'product_additionals': '(£6.67/100g)'}, {'shop': 'asda', 'url': 'https://groceries.asda.com/product/952201', 'product_name': 'Twister 8 Mini Pineapple Strawberry & Lemon Ice Cream Lollies', 'product_price': '£1.50', 'product_additionals': 'No weight data'}, {'shop': 'tesco', 'url': 'https://www.tesco.com/groceries/en-GB/products/265845700', 'product_name': 'Tymbark Apple & Cherry Drink 250Ml', 'product_price': '£ 0.45', 'product_additionals': '£0.18/100ml'}, {'shop': 'tesco', 'url': 'https://www.tesco.com/groceries/en-GB/products/263201953', 'product_name': 'Tymbark Apple & Mint Drink 250Ml', 'product_price': '£ 0.45', 'product_additionals': '£0.18/100ml'}, {'shop': 'tesco', 'url': 'https://www.tesco.com/groceries/en-GB/products/260861469', 'product_name': 'Tymbark Apple & Mint Nectar Drink 2L', 'product_price': '£ 1.55', 'product_additionals': '£0.08/100ml'}, {'shop': 'tesco', 'url': 'https://www.tesco.com/groceries/en-GB/products/285984090', 'product_name': 'Tymbark Apple & Peach Drink 2 Litres', 'product_price': '£ 1.50', 'product_additionals': '£0.75/litre'}, {'shop': 'tesco', 'url': 'https://www.tesco.com/groceries/en-GB/products/300112737', 'product_name': 'Tymbark Apple Watermelon Drink 2 Litre', 'product_price': '£ 1.50', 'product_additionals': '£0.08/100ml'}, {'shop': 'tesco', 'url': 'https://www.tesco.com/groceries/en-GB/products/260861515', 'product_name': 'Tymbark Cherry & Apple Nectar Drink 2L', 'product_price': '£ 1.55', 'product_additionals': '£0.08/100ml'}, {'shop': 'asda', 'url': 'https://groceries.asda.com/product/39185498', 'product_name': 'Tymbark Cherry Apple Drink', 'product_price': '£1.80', 'product_additionals': '(9.0p/100ml)'}, {'shop': 'asda', 'url': 'https://groceries.asda.com/product/1000063438285', 'product_name': 'Tymbark Mango, Apple, Orange Multifruit Drink', 'product_price': '£1.00', 'product_additionals': '(10.0p/100ml)'}, {'shop': 'tesco', 'url': 'https://www.tesco.com/groceries/en-GB/products/296688412', 'product_name': 'Volvic Apple And Elderflower Water S/Free1.5L', 'product_price': '£ 0.79', 'product_additionals': '£0.05/100ml'}, {'shop': 'asda', 'url': 'https://groceries.asda.com/product/1000191362456', 'product_name': 'Volvic Touch of Fruit Limited Edition Apple & Blackcurrant Natural Flavoured Sugar Free Water', 'product_price': '£0.85', 'product_additionals': '(5.7p/100ml)'}, {'shop': 'asda', 'url': 'https://groceries.asda.com/product/910003028586', 'product_name': 'Volvic Touch of Fruit Sugar Free Apple & Elderflower Flavoured Water', 'product_price': '£0.85', 'product_additionals': '(5.7p/100ml)'}, {'shop': 'asda', 'url': 'https://groceries.asda.com/product/1000192700033', 'product_name': 'W.K Kellogg Kids No Added Sugar Blueberry, Apple & Beetroot Multigrain Shapes Cereal', 'product_price': '£2.99', 'product_additionals': '(85.4p/100g)'}, {'shop': 'asda', 'url': 'https://groceries.asda.com/product/1000192700063', 'product_name': 'W.K Kellogg Kids Strawberry, Apple & Carrot Multigrain Shapes Cereal', 'product_price': '£2.99', 'product_additionals': '(85.4p/100g)'}, {'shop': 'asda', 'url': 'https://groceries.asda.com/product/910000770853', 'product_name': "Welch's Grape Boost White Grape Pear & Apple Juice Drink", 'product_price': '£1.00', 'product_additionals': '(10.0p/100ml)'}, {'shop': 'tesco', 'url': 'https://www.tesco.com/groceries/en-GB/products/257850112', 'product_name': "Welch's White Grape Pear & Apple Juice Drink 1L", 'product_price': '£ 1.30', 'product_additionals': '£0.13/100ml'}, {'shop': 'asda', 'url': 'https://groceries.asda.com/product/12047250', 'product_name': "White's Apple & Cinnamon Toasted Oats", 'product_price': '£2.90', 'product_additionals': '(58.0p/100g)'}, {'shop': 'asda', 'url': 'https://groceries.asda.com/product/1000203424931', 'product_name': 'Whitworths White Chocolate & Apple With Cinnamon & Raisins', 'product_price': '£1.50', 'product_additionals': '(£1.15/100g)'}, {'shop': 'sains', 'url': 'https://www.sainsburys.co.uk/shop/gb/groceries/product/details/all-future-brands/willys-apple-cider-vinegar-50ml', 'product_name': "Willy's Apple Cider Vinegar 50ml", 'product_price': '£2.50', 'product_additionals': '£50.00 / ltr'}, {'shop': 'asda', 'url': 'https://groceries.asda.com/product/1000003249536', 'product_name': 'Yankee Candle Home Inspiration Apple Cinnamon Cider Large Jar', 'product_price': '£13.48', 'product_additionals': '(£13.48/each)'}, {'shop': 'asda', 'url': 'https://groceries.asda.com/product/1000003250284', 'product_name': 'Yankee Candle Home Inspiration Apple Cinnamon Cider Medium Jar', 'product_price': '£9.47', 'product_additionals': '(£9.47/each)'}, {'shop': 'asda', 'url': 'https://groceries.asda.com/product/1000003249608', 'product_name': 'Yankee Candle Home Inspiration Apple Cinnamon Cider Votive', 'product_price': '£1.00', 'product_additionals': '(£1.00/each)'}, {'shop': 'sains', 'url': 'https://www.sainsburys.co.uk/shop/gb/groceries/product/details/new-355373-44/yeo-valley-organic-fruit-compote-apple-berry-220g', 'product_name': 'Yeo Valley Organic Fruit Compote Apple & Berry 220g', 'product_price': '£1.75', 'product_additionals': '80p / 100g'}, {'shop': 'sains', 'url': 'https://www.sainsburys.co.uk/shop/gb/groceries/product/details/all-price-lock/zozole-apple-cherry-strawberry-75g', 'product_name': 'Zozole Apple, Cherry & Strawberry Sweets 75g', 'product_price': '60p', 'product_additionals': '80p / 100g'}, {'shop': 'sains', 'url': 'https://www.sainsburys.co.uk/shop/gb/groceries/product/details/price-lock-food-cupboard/zozole-apple-cherry-strawberry-75g', 'product_name': 'Zozole Apple, Cherry & Strawberry Sweets 75g', 'product_price': '60p', 'product_additionals': '80p / 100g'}]

grouped
([({'shop': 'tesco', 'url': 'https://www.tesco.com/groceries/en-GB/products/254654263', 'product_name': 'Apple Turnover 2 Pack', 'product_price': '£ 1.20', 'product_additionals': '£0.60/each'}, 1.9499999999999997, 0.3076923076923077), ({'shop': 'asda', 'url': 'https://groceries.asda.com/product/1000207494897', 'product_name': 'Armitage Pet Care Wild Bird 8 Blackcurrant & Apple Flavoured Fat Balls', 'product_price': '£1.50', 'product_additionals': '(18.8p/each)'}, 141.00000000000003, 0.1333333333333333), ({'shop': 'asda', 'url': 'https://groceries.asda.com/product/1000086123540', 'product_name': 'ASDA 2 Apple Tarts', 'product_price': '£1.75', 'product_additionals': '(87.5p/each)'}, 251.5625, 0.34782608695652173), ({'shop': 'asda', 'url': 'https://groceries.asda.com/product/1000110474745', 'product_name': 'ASDA Apple & Blackberry Pie', 'product_price': '£3.00', 'product_additionals': '(£3.00/each)'}, 12.0, 0.25), ({'shop': 'asda', 'url': 'https://groceries.asda.com/product/910003034051', 'product_name': 'ASDA Apple Crumbles', 'product_price': '£1.79', 'product_additionals': '(89.5p/each)'}, 268.50000000000006, 0.33333333333333326), ({'shop': 'asda', 'url': 'https://groceries.asda.com/product/35450', 'product_name': 'ASDA Apple Turnovers', 'product_price': '£1.40', 'product_additionals': '(70.0p/each)'}, 218.74999999999997, 0.32000000000000006), ({'shop': 'asda', 'url': 'https://groceries.asda.com/product/910001183317', 'product_name': "ASDA Baker's Selection Apple Pie", 'product_price': '£1.10', 'product_additionals': '(£1.10/each)'}, 4.07, 0.2702702702702703), ({'shop': 'asda', 'url': 'https://groceries.asda.com/product/9197420', 'product_name': 'ASDA Bramley Apple & Blackcurrant Pies', 'product_price': '£1.00', 'product_additionals': '(16.7p/each)'}, 71.81, 0.2325581395348837), ({'shop': 'asda', 'url': 'https://groceries.asda.com/product/910002754242', 'product_name': 'ASDA Bramley Apple Pie', 'product_price': '£2.75', 'product_additionals': '(£2.75/each)'}, 7.425000000000001, 0.37037037037037035), ({'shop': 'asda', 'url': 'https://groceries.asda.com/product/35268', 'product_name': 'ASDA Bramley Apple Pies', 'product_price': '£0.85', 'product_additionals': '(14.2p/each)'}, 39.75999999999999, 0.3571428571428572), ({'shop': 'asda', 'url': 'https://groceries.asda.com/product/910000908196', 'product_name': 'ASDA Candy Apple', 'product_price': '£0.60', 'product_additionals': '(60.0p/each)'}, 126.0, 0.47619047619047616), ({'shop': 'asda', 'url': 'https://groceries.asda.com/product/1000144509295', 'product_name': 'ASDA Garden Gang Apples (Colour may vary)', 'product_price': '£0.90', 'product_additionals': '(15.0p/each)'}, 69.00000000000001, 0.21739130434782605), ({'shop': 'asda', 'url': 'https://groceries.asda.com/product/910002849510', 'product_name': "ASDA Grower's Selection Gala Apples", 'product_price': '£1.20', 'product_additionals': '(20.0p/each)'}, 80.0, 0.25), ({'shop': 'asda', 'url': 'https://groceries.asda.com/product/20326', 'product_name': "ASDA Grower's Selection Giant Pineapple", 'product_price': '£1.50', 'product_additionals': '(£1.50/each)'}, 6.6, 0.2272727272727273), ({'shop': 'asda', 'url': 'https://groceries.asda.com/product/910002849529', 'product_name': "ASDA Grower's Selection Golden Delicious Apples", 'product_price': '£1.20', 'product_additionals': '(20.0p/each)'}, 130.0, 0.15384615384615385), ({'shop': 'asda', 'url': 'https://groceries.asda.com/product/910002849538', 'product_name': "ASDA Grower's Selection Granny Smith Apples", 'product_price': '£1.20', 'product_additionals': '(20.0p/each)'}, 95.99999999999999, 0.20833333333333337), ({'shop': 'asda', 'url': 'https://groceries.asda.com/product/910000059733', 'product_name': "ASDA Grower's Selection Honey Crunch Apples", 'product_price': '£2.00', 'product_additionals': '(50.0p/each)'}, 300.00000000000006, 0.16666666666666663), ({'shop': 'asda', 'url': 'https://groceries.asda.com/product/1000183742527', 'product_name': "ASDA Grower's Selection Jazz Apples", 'product_price': '£2.00', 'product_additionals': '(33.3p/each)'}, 133.2, 0.25), ({'shop': 'asda', 'url': 'https://groceries.asda.com/product/910001512881', 'product_name': "ASDA Grower's Selection Pineapple", 'product_price': '£0.95', 'product_additionals': '(95.0p/each)'}, 361.0000000000001, 0.26315789473684204), ({'shop': 'asda', 'url': 'https://groceries.asda.com/product/1000186981310', 'product_name': 'ASDA Pineapple Rose Gold Fashion Pen', 'product_price': '£1.50', 'product_additionals': '(£1.50/each)'}, 6.15, 0.24390243902439024), ({'shop': 'asda', 'url': 'https://groceries.asda.com/product/910000908762', 'product_name': 'ASDA Toffee Apple', 'product_price': '£0.49', 'product_additionals': '(49.0p/each)'}, 134.75, 0.36363636363636365), ({'shop': 'asda', 'url': 'https://groceries.asda.com/product/910002068823', 'product_name': 'Bassetts Vitamins Vitamins Multivitamins Blackcurrant & Apple Flavour 3-6 Years Soft & Chewies', 'product_price': '£4.00', 'product_additionals': '(13.3p/each)'}, 131.67000000000002, 0.101010101010101), ({'shop': 'tesco', 'url': 'https://www.tesco.com/groceries/en-GB/products/295684395', 'product_name': 'Bear Yoyo Sours Mango & Apple 10 Rolls 5 Pack', 'product_price': '£ 2.40', 'product_additionals': '£0.48/each'}, 2.4000000000000004, 0.19999999999999996), ({'shop': 'tesco', 'url': 'https://www.tesco.com/groceries/en-GB/products/295684372', 'product_name': 'Bear Yoyo Sours Strawberry & Apple 10 Rolls 5 Pack', 'product_price': '£ 2.40', 'product_additionals': '£0.48/each'}, 2.6399999999999992, 0.18181818181818188), ({'shop': 'asda', 'url': 'https://groceries.asda.com/product/910000271963', 'product_name': 'Bloo Flowers In-Cistern Blocks Rose & Apple Blossom Pink Water', 'product_price': '£1.80', 'product_additionals': '(90.0p/each)'}, 753.7499999999999, 0.11940298507462688), ({'shop': 'asda', 'url': 'https://groceries.asda.com/product/1000142866255', 'product_name': 'Blu Green Apple E-Liquid 8mg', 'product_price': '£3.99', 'product_additionals': '(£3.99/each)'}, 16.458750000000002, 0.24242424242424243), ({'shop': 'tesco', 'url': 'https://www.tesco.com/groceries/en-GB/products/256859922', 'product_name': 'Bramley Apple Pie Each', 'product_price': '£ 1.25', 'product_additionals': '£1.25/each'}, 3.375, 0.37037037037037035), ({'shop': 'asda', 'url': 'https://groceries.asda.com/product/1000015062703', 'product_name': 'Brompton House Apple Puffs', 'product_price': '£2.50', 'product_additionals': '(20.8p/each)'}, 80.60000000000001, 0.25806451612903225), ({'shop': 'tesco', 'url': 'https://www.tesco.com/groceries/en-GB/products/256385065', 'product_name': 'Chewits Xtreme Sour Apple Stick 31G', 'product_price': '£ 0.20', 'product_additionals': '£0.20/each'}, 1.0000000000000002, 0.19999999999999996), ({'shop': 'asda', 'url': 'https://groceries.asda.com/product/1000199580496', 'product_name': 'Eco Wix Apple and Cinnamon Large Candle', 'product_price': '£8.00', 'product_additionals': '(£8.00/each)'}, 43.999999999999986, 0.18181818181818188), ({'shop': 'asda', 'url': 'https://groceries.asda.com/product/1000199580430', 'product_name': 'Eco Wix Apple and Cinnamon Small Candle', 'product_price': '£5.00', 'product_additionals': '(£5.00/each)'}, 27.49999999999999, 0.18181818181818188), ({'shop': 'tesco', 'url': 'https://www.tesco.com/groceries/en-GB/products/270094808', 'product_name': 'Epson Apple T1291 Black Printer Ink', 'product_price': '£ 17.50', 'product_additionals': '£17.50/each'}, 87.50000000000001, 0.19999999999999996), ({'shop': 'asda', 'url': 'https://groceries.asda.com/product/1000136584419', 'product_name': 'George Home Pineapple Marble Geo Pot', 'product_price': '£4.00', 'product_additionals': '(£4.00/each)'}, 16.400000000000002, 0.24390243902439024), ({'shop': 'asda', 'url': 'https://groceries.asda.com/product/1000230965309', 'product_name': 'George Home Spiced Apple Tealights', 'product_price': '£1.00', 'product_additionals': '(4.2p/each)'}, 20.47500000000001, 0.20512820512820507), ({'shop': 'asda', 'url': 'https://groceries.asda.com/product/1000157817693', 'product_name': 'Glow Scented Pineapple Hair Hoops', 'product_price': '£4.00', 'product_additionals': '(£1.00/each)'}, 3.800000000000001, 0.26315789473684204), ({'shop': 'tesco', 'url': 'https://www.tesco.com/groceries/en-GB/products/303717392', 'product_name': 'Juice Apple Lightning - Type C 2m Charging Cable White', 'product_price': '£ 18.00', 'product_additionals': '£18.00/each'}, 132.75000000000003, 0.13559322033898302), ({'shop': 'tesco', 'url': 'https://www.tesco.com/groceries/en-GB/products/306758706', 'product_name': 'Juice Apple Lightning 15cm Charging Cable Coral', 'product_price': '£ 11.00', 'product_additionals': '£11.00/each'}, 71.5, 0.15384615384615385), ({'shop': 'tesco', 'url': 'https://www.tesco.com/groceries/en-GB/products/306782106', 'product_name': 'Juice Apple Lightning 1m Charging Cable Aqua', 'product_price': '£ 15.00', 'product_additionals': '£15.00/each'}, 91.87500000000003, 0.16326530612244894), ({'shop': 'tesco', 'url': 'https://www.tesco.com/groceries/en-GB/products/306782112', 'product_name': 'Juice Apple Lightning 1m Charging Cable Coral', 'product_price': '£ 15.00', 'product_additionals': '£15.00/each'}, 93.74999999999999, 0.16000000000000003), ({'shop': 'tesco', 'url': 'https://www.tesco.com/groceries/en-GB/products/294102482', 'product_name': 'Juice Apple Lightning 2m Charging Cable Aqua', 'product_price': '£ 16.00', 'product_additionals': '£16.00/each'}, 98.00000000000003, 0.16326530612244894), ({'shop': 'tesco', 'url': 'https://www.tesco.com/groceries/en-GB/products/294102499', 'product_name': 'Juice Apple Lightning 2m Charging Cable Coral', 'product_price': '£ 16.00', 'product_additionals': '£16.00/each'}, 99.99999999999999, 0.16000000000000003), ({'shop': 'tesco', 'url': 'https://www.tesco.com/groceries/en-GB/products/303717363', 'product_name': 'Juice Apple Lightning 3m Braided Charging Cable Rose Gold', 'product_price': '£ 20.00', 'product_additionals': '£20.00/each'}, 155.0, 0.12903225806451613), ({'shop': 'tesco', 'url': 'https://www.tesco.com/groceries/en-GB/products/296004140', 'product_name': 'Juice Apple Lightning 3m Charging Cable Aqua', 'product_price': '£ 18.00', 'product_additionals': '£18.00/each'}, 110.25000000000003, 0.16326530612244894), ({'shop': 'tesco', 'url': 'https://www.tesco.com/groceries/en-GB/products/294102516', 'product_name': 'Juice Apple Lightning 3m Charging Cable Black', 'product_price': '£ 18.00', 'product_additionals': '£18.00/each'}, 112.49999999999997, 0.16000000000000003), ({'shop': 'tesco', 'url': 'https://www.tesco.com/groceries/en-GB/products/305734834', 'product_name': "Mcvitie's Jaffa Cakes Pineapple Flavour 10 Pack", 'product_price': '£ 0.75', 'product_additionals': '£0.08/each'}, 0.41600000000000004, 0.1923076923076923), ({'shop': 'tesco', 'url': 'https://www.tesco.com/groceries/en-GB/products/304380821', 'product_name': 'Mr Kipling 6Pack Apple Pear& Custard Crumble Tarts', 'product_price': '£ 2.25', 'product_additionals': '£0.38/each'}, 2.0899999999999994, 0.18181818181818188), ({'shop': 'asda', 'url': 'https://groceries.asda.com/product/21009', 'product_name': 'Mr Kipling Apple & Blackcurrant Pies', 'product_price': '£1.80', 'product_additionals': '(30.0p/each)'}, 153.75000000000003, 0.19512195121951215), ({'shop': 'tesco', 'url': 'https://www.tesco.com/groceries/en-GB/products/254948250', 'product_name': 'Mr Kipling Apple & Blackcurrant Pies 6 Pack', 'product_price': '£ 1.80', 'product_additionals': '£0.30/each'}, 1.8000000000000003, 0.16666666666666663), ({'shop': 'asda', 'url': 'https://groceries.asda.com/product/21010', 'product_name': 'Mr Kipling Bramley Apple Pies', 'product_price': '£1.80', 'product_additionals': '(30.0p/each)'}, 101.99999999999997, 0.2941176470588236), ({'shop': 'tesco', 'url': 'https://www.tesco.com/groceries/en-GB/products/254948273', 'product_name': 'Mr Kipling Bramley Apple Pies 6 Pack', 'product_price': '£ 1.80', 'product_additionals': '£0.30/each'}, 1.23, 0.24390243902439024), ({'shop': 'asda', 'url': 'https://groceries.asda.com/product/910002053933', 'product_name': "Munchkin 3 Lil' Apple Plates 6m+", 'product_price': '£4.70', 'product_additionals': '(£1.57/each)'}, 7.2612499999999995, 0.21621621621621623), ({'shop': 'tesco', 'url': 'https://www.tesco.com/groceries/en-GB/products/294781120', 'product_name': 'Munchkin Lil Apple Plates 3 Pack', 'product_price': '£ 6.00', 'product_additionals': '£2.00/each'}, 9.25, 0.21621621621621623), ({'shop': 'asda', 'url': 'https://groceries.asda.com/product/1000044106899', 'product_name': 'myblu Green Apple Liquidpods 9mg', 'product_price': '£5.99', 'product_additionals': '(£5.99/each)'}, 27.70375, 0.21621621621621623), ({'shop': 'asda', 'url': 'https://groceries.asda.com/product/1000187931262', 'product_name': 'Pen & Gear Pineapple Print Pencil Case', 'product_price': '£3.00', 'product_additionals': '(£3.00/each)'}, 12.900000000000002, 0.2325581395348837), ({'shop': 'asda', 'url': 'https://groceries.asda.com/product/910001037283', 'product_name': 'Pink Lady Apples', 'product_price': '£1.69', 'product_additionals': '(42.2p/each)'}, 88.62, 0.47619047619047616), ({'shop': 'asda', 'url': 'https://groceries.asda.com/product/1000040467777', 'product_name': 'Polar Gear Pineapple Bottle', 'product_price': '£2.50', 'product_additionals': '(£2.50/each)'}, 8.0, 0.3125), ({'shop': 'asda', 'url': 'https://groceries.asda.com/product/1000040467690', 'product_name': 'Polar Gear Pineapple Lunch Bag', 'product_price': '£5.00', 'product_additionals': '(£5.00/each)'}, 17.5, 0.2857142857142857), ({'shop': 'tesco', 'url': 'https://www.tesco.com/groceries/en-GB/products/305832741', 'product_name': 'Rosedene Farms Braeburn Apples 6 Pack', 'product_price': '£ 0.93', 'product_additionals': '£0.16/each'}, 0.6719999999999999, 0.23809523809523814), ({'shop': 'tesco', 'url': 'https://www.tesco.com/groceries/en-GB/products/305831903', 'product_name': 'Rosedene Farms Gala Apples 6 Pack', 'product_price': '£ 0.93', 'product_additionals': '£0.16/each'}, 0.6080000000000002, 0.26315789473684204), ({'shop': 'tesco', 'url': 'https://www.tesco.com/groceries/en-GB/products/292249576', 'product_name': 'Rosedene Farms Small Apple 6 Pack', 'product_price': '£ 0.79', 'product_additionals': '£0.13/each'}, 0.49400000000000016, 0.26315789473684204), ({'shop': 'asda', 'url': 'https://groceries.asda.com/product/1000227127183', 'product_name': 'ScentSationals Pumpkin Apple Muffins Wax Cubes', 'product_price': '£2.00', 'product_additionals': '(£2.00/each)'}, 10.200000000000001, 0.196078431372549), ({'shop': 'asda', 'url': 'https://groceries.asda.com/product/1000018541652', 'product_name': 'Soreen 5 Apple Lunchbox Loaves', 'product_price': '£1.40', 'product_additionals': '(28.0p/each)'}, 122.50000000000001, 0.22857142857142854), ({'shop': 'asda', 'url': 'https://groceries.asda.com/product/1000177860926', 'product_name': 'Soreen Scream Toffee Apple 5 Mini Loaves', 'product_price': '£1.00', 'product_additionals': '(20.0p/each)'}, 90.0, 0.2222222222222222), ({'shop': 'tesco', 'url': 'https://www.tesco.com/groceries/en-GB/products/307811982', 'product_name': 'Tesco 11Oz Scented Candle - Mango & Pineapple', 'product_price': '£ 3.50', 'product_additionals': '£3.50/each'}, 17.500000000000004, 0.19999999999999996), ({'shop': 'tesco', 'url': 'https://www.tesco.com/groceries/en-GB/products/307811999', 'product_name': 'Tesco 20Oz Scented Candle - Mango & Pineapple', 'product_price': '£ 5.00', 'product_additionals': '£5.00/each'}, 25.000000000000007, 0.19999999999999996), ({'shop': 'tesco', 'url': 'https://www.tesco.com/groceries/en-GB/products/307812007', 'product_name': 'Tesco 27Pk Scented Tealights Mango & Pineapple', 'product_price': '£ 1.75', 'product_additionals': '£0.06/each'}, 0.30600000000000005, 0.196078431372549), ({'shop': 'tesco', 'url': 'https://www.tesco.com/groceries/en-GB/products/270887556', 'product_name': 'Tesco Antibacterial Floor Wipes Apple 15Pack', 'product_price': '£ 1.00', 'product_additionals': '£0.07/each'}, 0.343, 0.20408163265306123), ({'shop': 'tesco', 'url': 'https://www.tesco.com/groceries/en-GB/products/270887734', 'product_name': 'Tesco Antibacterial Multi Surface Wipes Apple 40 Pack', 'product_price': '£ 1.00', 'product_additionals': '£0.02/each'}, 0.11599999999999999, 0.1724137931034483), ({'shop': 'tesco', 'url': 'https://www.tesco.com/groceries/en-GB/products/284475671', 'product_name': 'Tesco Braeburn Apple Minimum 5 Pack', 'product_price': '£ 1.60', 'product_additionals': '£0.32/each'}, 1.28, 0.25), ({'shop': 'tesco', 'url': 'https://www.tesco.com/groceries/en-GB/products/257313927', 'product_name': 'Tesco Bramley Apple Pies 6 Pack', 'product_price': '£ 1.00', 'product_additionals': '£0.17/each'}, 0.612, 0.2777777777777778), ({'shop': 'tesco', 'url': 'https://www.tesco.com/groceries/en-GB/products/284477058', 'product_name': 'Tesco British Apple Minimum 5 Pack', 'product_price': '£ 1.60', 'product_additionals': '£0.32/each'}, 1.5600000000000005, 0.20512820512820507), ({'shop': 'tesco', 'url': 'https://www.tesco.com/groceries/en-GB/products/286671239', 'product_name': 'Tesco Finest 4 Apple & Cinnamon Hot Cross Buns', 'product_price': '£ 1.50', 'product_additionals': '£0.38/each'}, 2.4225, 0.1568627450980392), ({'shop': 'tesco', 'url': 'https://www.tesco.com/groceries/en-GB/products/305959453', 'product_name': 'Tesco Finest Apple & Blackcurrant Crumble Cake', 'product_price': '£ 12.00', 'product_additionals': '£12.00/each'}, 76.5, 0.1568627450980392), ({'shop': 'tesco', 'url': 'https://www.tesco.com/groceries/en-GB/products/256682675', 'product_name': 'Tesco Free From Bramley Apple Pies 4 Pack', 'product_price': '£ 2.00', 'product_additionals': '£0.50/each'}, 2.3000000000000003, 0.21739130434782605), ({'shop': 'tesco', 'url': 'https://www.tesco.com/groceries/en-GB/products/284475550', 'product_name': 'Tesco Gala Apple Minimum 5 Pack', 'product_price': '£ 1.60', 'product_additionals': '£0.27/each'}, 0.972, 0.2777777777777778), ({'shop': 'tesco', 'url': 'https://www.tesco.com/groceries/en-GB/products/284475890', 'product_name': 'Tesco Golden Delicious Apple Minimum 5', 'product_price': '£ 1.60', 'product_additionals': '£0.32/each'}, 1.72, 0.18604651162790697), ({'shop': 'tesco', 'url': 'https://www.tesco.com/groceries/en-GB/products/284475832', 'product_name': 'Tesco Granny Smith Apple Minimum 5 Pack', 'product_price': '£ 1.60', 'product_additionals': '£0.27/each'}, 1.188, 0.2272727272727273), ({'shop': 'tesco', 'url': 'https://www.tesco.com/groceries/en-GB/products/284477628', 'product_name': 'Tesco Jazz Apple', 'product_price': '£ 2.40', 'product_additionals': '£0.40/each'}, 0.8400000000000001, 0.47619047619047616), ({'shop': 'tesco', 'url': 'https://www.tesco.com/groceries/en-GB/products/260905678', 'product_name': 'Tesco Large Pineapple Each', 'product_price': '£ 1.70', 'product_additionals': '£1.70/each'}, 5.270000000000001, 0.32258064516129026), ({'shop': 'tesco', 'url': 'https://www.tesco.com/groceries/en-GB/products/255230763', 'product_name': 'Tesco Pineapple Each', 'product_price': '£ 0.75', 'product_additionals': '£0.75/each'}, 1.875, 0.4), ({'shop': 'tesco', 'url': 'https://www.tesco.com/groceries/en-GB/products/284477542', 'product_name': 'Tesco Pink Lady Apple Minimum 5 Pack', 'product_price': '£ 2.75', 'product_additionals': '£0.55/each'}, 2.2550000000000003, 0.24390243902439024), ({'shop': 'tesco', 'url': 'https://www.tesco.com/groceries/en-GB/products/307811976', 'product_name': 'Tesco Scented Candle Mango & Pineapple', 'product_price': '£ 1.00', 'product_additionals': '£1.00/each'}, 4.300000000000001, 0.2325581395348837), ({'shop': 'tesco', 'url': 'https://www.tesco.com/groceries/en-GB/products/307812042', 'product_name': 'Tesco Scented Pot Pourri - Mango & Pineapple', 'product_price': '£ 4.00', 'product_additionals': '£4.00/each'}, 19.599999999999998, 0.20408163265306123), ({'shop': 'tesco', 'url': 'https://www.tesco.com/groceries/en-GB/products/307812036', 'product_name': 'Tesco Scented Wax Melt - Mango & Pineapple', 'product_price': '£ 0.60', 'product_additionals': '£0.60/each'}, 2.8200000000000003, 0.21276595744680848), ({'shop': 'tesco', 'url': 'https://www.tesco.com/groceries/en-GB/products/296206863', 'product_name': 'Tesco Spiced Berries & Apple 11Oz Candle Jar', 'product_price': '£ 3.50', 'product_additionals': '£3.50/each'}, 21.437500000000007, 0.16326530612244894), ({'shop': 'tesco', 'url': 'https://www.tesco.com/groceries/en-GB/products/296206870', 'product_name': 'Tesco Spiced Berries & Apple 20Oz Candle Jar', 'product_price': '£ 5.00', 'product_additionals': '£5.00/each'}, 30.625000000000007, 0.16326530612244894), ({'shop': 'tesco', 'url': 'https://www.tesco.com/groceries/en-GB/products/296206949', 'product_name': 'Tesco Spiced Berries & Apple 27Pk Tealights', 'product_price': '£ 1.75', 'product_additionals': '£1.75/each'}, 10.500000000000002, 0.16666666666666663), ({'shop': 'tesco', 'url': 'https://www.tesco.com/groceries/en-GB/products/302158242', 'product_name': 'Tesco Spiced Berries & Apple 90Ml Diffuser', 'product_price': '£ 4.00', 'product_additionals': '£4.00/each'}, 23.499999999999996, 0.17021276595744683), ({'shop': 'tesco', 'url': 'https://www.tesco.com/groceries/en-GB/products/296206886', 'product_name': 'Tesco Spiced Berries & Apple Melt', 'product_price': '£ 0.60', 'product_additionals': '£0.60/each'}, 2.85, 0.21052631578947367), ({'shop': 'tesco', 'url': 'https://www.tesco.com/groceries/en-GB/products/299644150', 'product_name': 'Tesco Spiced Berries & Apple Pot Pourri', 'product_price': '£ 4.00', 'product_additionals': '£4.00/each'}, 21.999999999999993, 0.18181818181818188), ({'shop': 'asda', 'url': 'https://groceries.asda.com/product/1000204391367', 'product_name': 'Totally Wicked E-Liquid Apple & Blackcurrant 10mg', 'product_price': '£4.00', 'product_additionals': '(£4.00/each)'}, 21.60000000000001, 0.18518518518518512), ({'shop': 'asda', 'url': 'https://groceries.asda.com/product/1000204391286', 'product_name': 'Totally Wicked E-Liquid Apple & Blackcurrant 6mg', 'product_price': '£4.00', 'product_additionals': '(£4.00/each)'}, 21.200000000000006, 0.18867924528301883), ({'shop': 'asda', 'url': 'https://groceries.asda.com/product/1000204390998', 'product_name': 'Totally Wicked Nic Salt E-Liquid Apple & Rasp Sour 3mg', 'product_price': '£4.00', 'product_additionals': '(£4.00/each)'}, 23.6, 0.1694915254237288), ({'shop': 'asda', 'url': 'https://groceries.asda.com/product/1000204391142', 'product_name': 'Totally Wicked Nic Salt E-Liquid Apple & Rasp Sour 6mg', 'product_price': '£4.00', 'product_additionals': '(£4.00/each)'}, 23.6, 0.1694915254237288), ({'shop': 'asda', 'url': 'https://groceries.asda.com/product/1000003249536', 'product_name': 'Yankee Candle Home Inspiration Apple Cinnamon Cider Large Jar', 'product_price': '£13.48', 'product_additionals': '(£13.48/each)'}, 88.96800000000002, 0.1515151515151515), ({'shop': 'asda', 'url': 'https://groceries.asda.com/product/1000003250284', 'product_name': 'Yankee Candle Home Inspiration Apple Cinnamon Cider Medium Jar', 'product_price': '£9.47', 'product_additionals': '(£9.47/each)'}, 63.44900000000001, 0.14925373134328357), ({'shop': 'asda', 'url': 'https://groceries.asda.com/product/1000003249608', 'product_name': 'Yankee Candle Home Inspiration Apple Cinnamon Cider Votive', 'product_price': '£1.00', 'product_additionals': '(£1.00/each)'}, 6.300000000000001, 0.15873015873015872)], [({'shop': 'asda', 'url': 'https://groceries.asda.com/product/910003200959', 'product_name': 'Ambrosia Apple Rice Pudding Pot', 'product_price': '£0.59', 'product_additionals': '(39.3p/100g)'}, 1414.8, 0.2777777777777778), ({'shop': 'tesco', 'url': 'https://www.tesco.com/groceries/en-GB/products/266659562', 'product_name': 'Applewood Slices 160G', 'product_price': '£ 2.15', 'product_additionals': '£13.44/kg'}, 43.67999999999999, 0.3076923076923077), ({'shop': 'asda', 'url': 'https://groceries.asda.com/product/910001085696', 'product_name': 'Applewood Smoke Flavour Cheddar Cheese Snack Pack', 'product_price': '£1.00', 'product_additionals': '(£13.33/kg)'}, 89.9775, 0.14814814814814814), ({'shop': 'tesco', 'url': 'https://www.tesco.com/groceries/en-GB/products/308089256', 'product_name': 'Applewood Smoky Vegan Cheese Alternative Grated 200G', 'product_price': '£ 2.75', 'product_additionals': '£13.75/kg'}, 97.96875, 0.14035087719298245), ({'shop': 'tesco', 'url': 'https://www.tesco.com/groceries/en-GB/products/305836512', 'product_name': 'Applewood Vegan Smoky Cheese Alternative 200G', 'product_price': '£ 2.30', 'product_additionals': '£1.15/100g'}, 71.87499999999999, 0.16000000000000003), ({'shop': 'tesco', 'url': 'https://www.tesco.com/groceries/en-GB/products/283467544', 'product_name': 'Aptamil Oats Apple & Plum Muesli 275G 10 Month Plus', 'product_price': '£ 3.30', 'product_additionals': '£12.00/kg'}, 67.19999999999999, 0.1785714285714286), ({'shop': 'asda', 'url': 'https://groceries.asda.com/product/1000213879511', 'product_name': 'ASDA 6 Mini Pork & Apple Pies', 'product_price': '£1.55', 'product_additionals': '(51.7p/100g)'}, 2197.2499999999995, 0.23529411764705888), ({'shop': 'asda', 'url': 'https://groceries.asda.com/product/910003043564', 'product_name': 'ASDA Apple & Blueberry Porridge Pot', 'product_price': '£0.35', 'product_additionals': '(61.4p/100g)'}, 3070.0000000000005, 0.19999999999999996), ({'shop': 'asda', 'url': 'https://groceries.asda.com/product/1000114612689', 'product_name': 'ASDA Apple & Cinnamon Fruit & Grain Bars', 'product_price': '£0.95', 'product_additionals': '(42.8p/100g)'}, 2407.4999999999995, 0.1777777777777778), ({'shop': 'asda', 'url': 'https://groceries.asda.com/product/910003033748', 'product_name': 'ASDA Apple Crumble', 'product_price': '£2.50', 'product_additionals': '(50.0p/100g)'}, 1437.5, 0.34782608695652173), ({'shop': 'asda', 'url': 'https://groceries.asda.com/product/910000426024', 'product_name': 'ASDA Apple Grapes & Cheese', 'product_price': '£1.25', 'product_additionals': '(£8.33/kg)'}, 32.27875, 0.25806451612903225), ({'shop': 'asda', 'url': 'https://groceries.asda.com/product/910001413502', 'product_name': 'ASDA Apple Slices', 'product_price': '£0.35', 'product_additionals': '(£4.38/kg)'}, 12.045, 0.36363636363636365), ({'shop': 'asda', 'url': 'https://groceries.asda.com/product/21081', 'product_name': 'ASDA Apple Slices', 'product_price': '£0.79', 'product_additionals': '(20.5p/100g)'}, 563.75, 0.36363636363636365), ({'shop': 'asda', 'url': 'https://groceries.asda.com/product/910001413503', 'product_name': 'ASDA Apple Slices & Grapes', 'product_price': '£0.35', 'product_additionals': '(£4.38/kg)'}, 16.9725, 0.25806451612903225), ({'shop': 'asda', 'url': 'https://groceries.asda.com/product/1000133331310', 'product_name': 'ASDA Bramley Apple Sauce', 'product_price': '£0.49', 'product_additionals': '(17.5p/100g)'}, 507.49999999999994, 0.3448275862068966), ({'shop': 'asda', 'url': 'https://groceries.asda.com/product/1000004538423', 'product_name': 'ASDA Extra Special Berry & Bramley Apple Jam', 'product_price': '£1.25', 'product_additionals': '(36.8p/100g)'}, 1803.2, 0.20408163265306123), ({'shop': 'asda', 'url': 'https://groceries.asda.com/product/910002091563', 'product_name': 'ASDA Extra Special English Bramley Apple Sauce with Cider', 'product_price': '£1.65', 'product_additionals': '(75.0p/100g)'}, 4650.000000000001, 0.16129032258064513), ({'shop': 'asda', 'url': 'https://groceries.asda.com/product/910000048124', 'product_name': 'ASDA Extra Special Mango Apple & Ginger Chutney', 'product_price': '£1.98', 'product_additionals': '(68.3p/100g)'}, 3551.6000000000004, 0.1923076923076923), ({'shop': 'asda', 'url': 'https://groceries.asda.com/product/1000155195017', 'product_name': 'ASDA Extra Special Yorkshire Bred Apple & Sage Pulled Hog Roast', 'product_price': '£4.00', 'product_additionals': '(£4.00/kg)'}, 27.199999999999996, 0.1470588235294118), ({'shop': 'asda', 'url': 'https://groceries.asda.com/product/910003095036', 'product_name': 'ASDA Farm Stores Apples (Colour and Variety may vary)', 'product_price': '£0.59', 'product_additionals': '(£1.18/kg)'}, 6.843999999999999, 0.1724137931034483), ({'shop': 'asda', 'url': 'https://groceries.asda.com/product/910000899721', 'product_name': "ASDA Grower's Selection Apples (Colour and Variety may vary)", 'product_price': '£1.60', 'product_additionals': '(£1.33/kg)'}, 10.80625, 0.12307692307692308), ({'shop': 'asda', 'url': 'https://groceries.asda.com/product/20375', 'product_name': "ASDA Grower's Selection Loose Braeburn Apple (order by number of apples or select kg)", 'product_price': '£0.24', 'product_additionals': '(£1.50/kg)'}, 13.499999999999995, 0.11111111111111116), ({'shop': 'asda', 'url': 'https://groceries.asda.com/product/47285966', 'product_name': "ASDA Grower's Selection Loose Bramley Cooking Apple (order by number of apples or select kg)", 'product_price': '£0.27', 'product_additionals': '(£1.69/kg)'}, 16.393000000000004, 0.1030927835051546), ({'shop': 'asda', 'url': 'https://groceries.asda.com/product/20361', 'product_name': "ASDA Grower's Selection Loose Gala Apple (order by number of apples or select kg)", 'product_price': '£0.24', 'product_additionals': '(£1.50/kg)'}, 12.900000000000002, 0.11627906976744184), ({'shop': 'asda', 'url': 'https://groceries.asda.com/product/910000347964', 'product_name': 'ASDA Mango Melon & Pineapple Mini Platter', 'product_price': '£1.50', 'product_additionals': '(£6.25/kg)'}, 28.750000000000004, 0.21739130434782605), ({'shop': 'asda', 'url': 'https://groceries.asda.com/product/910001512390', 'product_name': 'ASDA Pineapple Chunks', 'product_price': '£1.50', 'product_additionals': '(£3.75/kg)'}, 9.75, 0.3846153846153846), ({'shop': 'asda', 'url': 'https://groceries.asda.com/product/910001505105', 'product_name': 'ASDA Pineapple Kiwi & Grape', 'product_price': '£1.00', 'product_additionals': '(£5.00/kg)'}, 16.0, 0.3125), ({'shop': 'asda', 'url': 'https://groceries.asda.com/product/910001413505', 'product_name': 'ASDA Pineapple Lolly', 'product_price': '£0.35', 'product_additionals': '(£4.38/kg)'}, 10.95, 0.4), ({'shop': 'asda', 'url': 'https://groceries.asda.com/product/1000121694551', 'product_name': 'ASDA Pineapple, Grapes & Apple', 'product_price': '£1.00', 'product_additionals': '(£4.44/kg)'}, 15.540000000000003, 0.2857142857142857), ({'shop': 'asda', 'url': 'https://groceries.asda.com/product/1000244229120', 'product_name': 'ASDA Pineapple, Grapes & Cheese', 'product_price': '£1.25', 'product_additionals': '(£7.81/kg)'}, 28.115999999999996, 0.2777777777777778), ({'shop': 'asda', 'url': 'https://groceries.asda.com/product/910002689102', 'product_name': 'ASDA Strawberry Raspberry & Apple Granola', 'product_price': '£2.00', 'product_additionals': '(20.0p/100g)'}, 920.0000000000001, 0.21739130434782605), ({'shop': 'tesco', 'url': 'https://www.tesco.com/groceries/en-GB/products/271262073', 'product_name': "Aunt Bessie's Bramley Apple Crumble 500G", 'product_price': '£ 1.35', 'product_additionals': '£0.27/100g'}, 12.150000000000002, 0.2222222222222222), ({'shop': 'tesco', 'url': 'https://www.tesco.com/groceries/en-GB/products/302462117', 'product_name': 'Babease Organic Strawberry Apple Brown Rice 100G', 'product_price': '£ 1.10', 'product_additionals': '£1.10/100g'}, 58.30000000000001, 0.18867924528301883), ({'shop': 'tesco', 'url': 'https://www.tesco.com/groceries/en-GB/products/306927708', 'product_name': 'Bear Giant Yoyo Apple & Blackcurrant 5 X 20G', 'product_price': '£ 2.40', 'product_additionals': '£24.00/kg'}, 117.6, 0.20408163265306123), ({'shop': 'tesco', 'url': 'https://www.tesco.com/groceries/en-GB/products/284983000', 'product_name': 'Bear Pure Fruit Yoyo Apple 5 X 20G', 'product_price': '£ 2.40', 'product_additionals': '£24.00/kg'}, 93.60000000000001, 0.2564102564102564), ({'shop': 'tesco', 'url': 'https://www.tesco.com/groceries/en-GB/products/297490420', 'product_name': 'Bear Yoyo Sours Blackcurrant & Apple 100G', 'product_price': '£ 2.40', 'product_additionals': '£24.00/kg'}, 110.40000000000002, 0.21739130434782605), ({'shop': 'tesco', 'url': 'https://www.tesco.com/groceries/en-GB/products/302820564', 'product_name': 'Bloo Fragrance Switch Lily & Apple Rim Block 50G', 'product_price': '£ 1.75', 'product_additionals': '£35.00/kg'}, 185.50000000000003, 0.18867924528301883), ({'shop': 'tesco', 'url': 'https://www.tesco.com/groceries/en-GB/products/305252239', 'product_name': 'Botanica Airwick Pineapple Tunisian Rosemary 205G', 'product_price': '£ 7.00', 'product_additionals': '£34.15/kg'}, 184.41000000000005, 0.18518518518518512), ({'shop': 'tesco', 'url': 'https://www.tesco.com/groceries/en-GB/products/253807413', 'product_name': 'Braeburn Apples Loose Class 1', 'product_price': '£ 0.44', 'product_additionals': '£2.20/kg'}, 7.479999999999999, 0.2941176470588236), ({'shop': 'asda', 'url': 'https://groceries.asda.com/product/1000051700064', 'product_name': 'Branston Dorset Ale & Apple Chutney', 'product_price': '£1.55', 'product_additionals': '(53.4p/100g)'}, 2136.0, 0.25), ({'shop': 'asda', 'url': 'https://groceries.asda.com/product/1000207107040', 'product_name': 'Bubble Up Pineapple Peach Sunny Side Up The Big Bath Melt Bar', 'product_price': '£3.00', 'product_additionals': '(£1.43/100g)'}, 94.38000000000002, 0.1515151515151515), ({'shop': 'tesco', 'url': 'https://www.tesco.com/groceries/en-GB/products/251888083', 'product_name': 'Castello Pineapple Halo 125G', 'product_price': '£ 1.30', 'product_additionals': '£10.40/kg'}, 34.32000000000001, 0.303030303030303), ({'shop': 'tesco', 'url': 'https://www.tesco.com/groceries/en-GB/products/275038051', 'product_name': 'Chicago Town Ham & Pineapple Twin Pack Mini Pizza 330G', 'product_price': '£ 1.50', 'product_additionals': '£0.46/100g'}, 27.14, 0.1694915254237288), ({'shop': 'asda', 'url': 'https://groceries.asda.com/product/910003020651', 'product_name': "Colman's Bramley Apple Sauce", 'product_price': '£1.00', 'product_additionals': '(64.5p/100g)'}, 2128.5000000000005, 0.303030303030303), ({'shop': 'tesco', 'url': 'https://www.tesco.com/groceries/en-GB/products/296186827', 'product_name': "Colman's Bramley Apple Sauce 155G", 'product_price': '£ 1.00', 'product_additionals': '£0.65/100g'}, 24.700000000000006, 0.26315789473684204), ({'shop': 'tesco', 'url': 'https://www.tesco.com/groceries/en-GB/products/253052928', 'product_name': 'Cow & Gate Apple & Banana Fruit Pot 4X100g 4 Mth+', 'product_price': '£ 1.45', 'product_additionals': '£3.63/kg'}, 19.602000000000007, 0.18518518518518512), ({'shop': 'tesco', 'url': 'https://www.tesco.com/groceries/en-GB/products/253052208', 'product_name': 'Cow & Gate Apple & Pear Fruit Pot 4X100g 4 Mth+', 'product_price': '£ 1.45', 'product_additionals': '£3.63/kg'}, 18.876, 0.1923076923076923), ({'shop': 'tesco', 'url': 'https://www.tesco.com/groceries/en-GB/products/253052358', 'product_name': 'Cow & Gate Apple Apricot & Strawberry Fruit Pot 4X100g 4 Mth+', 'product_price': '£ 1.45', 'product_additionals': '£3.63/kg'}, 23.958000000000002, 0.1515151515151515), ({'shop': 'tesco', 'url': 'https://www.tesco.com/groceries/en-GB/products/305248540', 'product_name': 'Cow & Gate Apple Banana & Strawberry Pouches 4 X 100G', 'product_price': '£ 2.60', 'product_additionals': '£0.65/100g'}, 37.699999999999996, 0.1724137931034483), ({'shop': 'tesco', 'url': 'https://www.tesco.com/groceries/en-GB/products/264226336', 'product_name': 'Cow & Gate Apple Crumble Jar 200G 7 Mth+', 'product_price': '£ 0.70', 'product_additionals': '£3.50/kg'}, 15.75, 0.2222222222222222), ({'shop': 'tesco', 'url': 'https://www.tesco.com/groceries/en-GB/products/296715393', 'product_name': 'Cow & Gate Fruit Pouch Apple & Banana 4 X 100G', 'product_price': '£ 2.60', 'product_additionals': '£0.65/100g'}, 33.150000000000006, 0.196078431372549), ({'shop': 'tesco', 'url': 'https://www.tesco.com/groceries/en-GB/products/258899992', 'product_name': 'Cow & Gate Plum & Apple Fruit Pot 4X100g 4 Mth+', 'product_price': '£ 1.45', 'product_additionals': '£3.63/kg'}, 18.876, 0.1923076923076923), ({'shop': 'tesco', 'url': 'https://www.tesco.com/groceries/en-GB/products/292718420', 'product_name': 'Cow & Gate Stage 2 Peach Apple & Kiwi 200G', 'product_price': '£ 0.70', 'product_additionals': '£3.50/kg'}, 16.450000000000003, 0.21276595744680848), ({'shop': 'asda', 'url': 'https://groceries.asda.com/product/466253', 'product_name': 'Del Monte Crushed Pineapple in Own Juice', 'product_price': '£1.10', 'product_additionals': '(39.6p/100g)'}, 1782.0, 0.2222222222222222), ({'shop': 'asda', 'url': 'https://groceries.asda.com/product/1000052962645', 'product_name': 'Del Monte Gold Pineapple Chunks in Juice', 'product_price': '£1.20', 'product_additionals': '(46.2p/100g)'}, 2079.0, 0.2222222222222222), ({'shop': 'asda', 'url': 'https://groceries.asda.com/product/1000052962713', 'product_name': 'Del Monte Gold Pineapple Slices in Juice', 'product_price': '£1.20', 'product_additionals': '(46.2p/100g)'}, 2079.0, 0.2222222222222222), ({'shop': 'asda', 'url': 'https://groceries.asda.com/product/37638', 'product_name': 'Del Monte Pineapple Chunks in Juice', 'product_price': '£1.10', 'product_additionals': '(42.3p/100g)'}, 1692.0, 0.25), ({'shop': 'tesco', 'url': 'https://www.tesco.com/groceries/en-GB/products/254900560', 'product_name': 'Del Monte Pineapple Chunks In Juice 230G', 'product_price': '£ 0.80', 'product_additionals': '£0.57/100g'}, 25.650000000000002, 0.2222222222222222), ({'shop': 'asda', 'url': 'https://groceries.asda.com/product/910001068902', 'product_name': 'Del Monte Quality Pineapple Chunks in Own Juice', 'product_price': '£0.80', 'product_additionals': '(57.1p/100g)'}, 2969.2000000000003, 0.1923076923076923), ({'shop': 'asda', 'url': 'https://groceries.asda.com/product/23397', 'product_name': 'Del Monte Sliced Pineapple in Juice', 'product_price': '£1.10', 'product_additionals': '(42.3p/100g)'}, 1692.0, 0.25), ({'shop': 'asda', 'url': 'https://groceries.asda.com/product/37805', 'product_name': 'Del Monte Sliced Pineapple in Juice', 'product_price': '£0.80', 'product_additionals': '(57.1p/100g)'}, 2284.0, 0.25), ({'shop': 'asda', 'url': 'https://groceries.asda.com/product/910002522972', 'product_name': 'Del Monte Squeezie Apple & Mango', 'product_price': '£0.50', 'product_additionals': '(50.0p/100g)'}, 2312.5, 0.21621621621621623), ({'shop': 'asda', 'url': 'https://groceries.asda.com/product/910002523074', 'product_name': 'Del Monte Squeezie Apple Strawberry & Banana', 'product_price': '£0.50', 'product_additionals': '(50.0p/100g)'}, 3062.500000000001, 0.16326530612244894), ({'shop': 'asda', 'url': 'https://groceries.asda.com/product/910002522987', 'product_name': 'Del Monte Squeezie Apple Strawberry & Blueberry', 'product_price': '£0.50', 'product_additionals': '(50.0p/100g)'}, 3250.0, 0.15384615384615385), ({'shop': 'tesco', 'url': 'https://www.tesco.com/groceries/en-GB/products/304784637', 'product_name': 'Deliciously Ella Apple & Blackberry Crumble 275G', 'product_price': '£ 3.00', 'product_additionals': '£10.91/kg'}, 57.823000000000015, 0.18867924528301883), ({'shop': 'asda', 'url': 'https://groceries.asda.com/product/910000953620', 'product_name': 'Dole Fruit in Jelly Pineapple in Raspberry Flavour Jelly', 'product_price': '£0.50', 'product_additionals': '(44.2p/100g)'}, 2696.2000000000007, 0.16393442622950816), ({'shop': 'asda', 'url': 'https://groceries.asda.com/product/37354', 'product_name': 'Dole Fruit in Juice Pineapple', 'product_price': '£0.50', 'product_additionals': '(44.2p/100g)'}, 1502.7999999999997, 0.2941176470588236), ({'shop': 'asda', 'url': 'https://groceries.asda.com/product/910000953796', 'product_name': 'Dole Fruit in Juice Pineapple & Mandarins', 'product_price': '£0.50', 'product_additionals': '(44.2p/100g)'}, 2033.2000000000003, 0.21739130434782605), ({'shop': 'tesco', 'url': 'https://www.tesco.com/groceries/en-GB/products/291419849', 'product_name': 'Eat Natural Bars Apple, Ginger & Dark Chocolate 3 X 45G', 'product_price': '£ 2.00', 'product_additionals': '£1.49/100g'}, 89.40000000000002, 0.16666666666666663), ({'shop': 'tesco', 'url': 'https://www.tesco.com/groceries/en-GB/products/292759393', 'product_name': "Ella's Kitchen Apple & Cinnamon Crumble 4X80g", 'product_price': '£ 1.75', 'product_additionals': '£4.87/kg'}, 24.350000000000005, 0.19999999999999996), ({'shop': 'tesco', 'url': 'https://www.tesco.com/groceries/en-GB/products/271028386', 'product_name': "Ella's Kitchen Apples Apples Apples 70G", 'product_price': '£ 0.80', 'product_additionals': '£11.43/kg'}, 50.291999999999994, 0.2272727272727273), ({'shop': 'tesco', 'url': 'https://www.tesco.com/groceries/en-GB/products/261383169', 'product_name': "Ella's Kitchen Apples Carrots Plus Parsnips 120G", 'product_price': '£ 1.10', 'product_additionals': '£9.17/kg'}, 48.60100000000001, 0.18867924528301883), ({'shop': 'tesco', 'url': 'https://www.tesco.com/groceries/en-GB/products/301892082', 'product_name': "Ella's Kitchen Cheese Plus Apple Melty Sticks 16G", 'product_price': '£ 1.00', 'product_additionals': '£62.50/kg'}, 337.5000000000001, 0.18518518518518512), ({'shop': 'tesco', 'url': 'https://www.tesco.com/groceries/en-GB/products/305435733', 'product_name': "Ella's Kitchen Organic Banana Apple Blueberry Baby Rice 120G", 'product_price': '£ 1.10', 'product_additionals': '£0.92/100g'}, 59.79999999999999, 0.15384615384615385), ({'shop': 'tesco', 'url': 'https://www.tesco.com/groceries/en-GB/products/271645755', 'product_name': "Ella's Kitchen Spinach Apple Plus Swede Stage 120G", 'product_price': '£ 1.10', 'product_additionals': '£9.17/kg'}, 50.43499999999998, 0.18181818181818188), ({'shop': 'tesco', 'url': 'https://www.tesco.com/groceries/en-GB/products/261384001', 'product_name': "Ella's Kitchen Sweet Potato Pumpkin Apple & Blueberries 120G", 'product_price': '£ 1.10', 'product_additionals': '£9.17/kg'}, 59.605, 0.15384615384615385), ({'shop': 'tesco', 'url': 'https://www.tesco.com/groceries/en-GB/products/271413609', 'product_name': "Ella's Strawberries & Apples Nibbly Fingers 5 X 25G", 'product_price': '£ 2.50', 'product_additionals': '£20.00/kg'}, 111.99999999999999, 0.1785714285714286), ({'shop': 'tesco', 'url': 'https://www.tesco.com/groceries/en-GB/products/307344238', 'product_name': 'Fuel 10K Toffee Apple Oat Muffin 60G', 'product_price': '£ 0.85', 'product_additionals': '£1.42/100g'}, 72.77500000000002, 0.19512195121951215), ({'shop': 'tesco', 'url': 'https://www.tesco.com/groceries/en-GB/products/253559147', 'product_name': 'Gala Apples Class 1 Loose', 'product_price': '£ 0.35', 'product_additionals': '£2.20/kg'}, 6.600000000000002, 0.33333333333333326), ({'shop': 'tesco', 'url': 'https://www.tesco.com/groceries/en-GB/products/305052713', 'product_name': 'Genius 2 Gluten Free Apple Pies 320G', 'product_price': '£ 3.25', 'product_additionals': '£10.16/kg'}, 52.070000000000014, 0.19512195121951215), ({'shop': 'tesco', 'url': 'https://www.tesco.com/groceries/en-GB/products/283420093', 'product_name': 'Go Ahead Apple & Sultana 5 X 43G', 'product_price': '£ 0.99', 'product_additionals': '£0.46/100g'}, 17.019999999999996, 0.2702702702702703), ({'shop': 'tesco', 'url': 'https://www.tesco.com/groceries/en-GB/products/251232560', 'product_name': 'Go Ahead Apple Bakes 6X35g', 'product_price': '£ 1.00', 'product_additionals': '£0.48/100g'}, 14.880000000000003, 0.32258064516129026), ({'shop': 'asda', 'url': 'https://groceries.asda.com/product/910002993005', 'product_name': 'Go Ahead! Apple Bakes', 'product_price': '£1.50', 'product_additionals': '(71.4p/100g)'}, 1856.4, 0.3846153846153846), ({'shop': 'asda', 'url': 'https://groceries.asda.com/product/910001322962', 'product_name': 'Go Ahead! Crispy Apple Slices', 'product_price': '£1.00', 'product_additionals': '(45.9p/100g)'}, 1560.5999999999997, 0.2941176470588236), ({'shop': 'tesco', 'url': 'https://www.tesco.com/groceries/en-GB/products/304868625', 'product_name': 'Goodbelly Oat Flakes With Apple & Cranberry 350G', 'product_price': '£ 3.50', 'product_additionals': '£1.00/100g'}, 53.000000000000014, 0.18867924528301883), ({'shop': 'asda', 'url': 'https://groceries.asda.com/product/910000442252', 'product_name': "Hartley's 10 Cal Apple & Watermelon Flavour Jelly", 'product_price': '£0.50', 'product_additionals': '(28.6p/100g)'}, 1544.4000000000005, 0.18518518518518512), ({'shop': 'asda', 'url': 'https://groceries.asda.com/product/1000136120575', 'product_name': "Hartley's Best of Pineapple Jam", 'product_price': '£1.00', 'product_additionals': '(33.3p/100g)'}, 1198.8, 0.2777777777777778), ({'shop': 'asda', 'url': 'https://groceries.asda.com/product/910001390377', 'product_name': "Hartley's Jelly Pineapple Flavour", 'product_price': '£0.50', 'product_additionals': '(40.0p/100g)'}, 1520.0000000000005, 0.26315789473684204), ({'shop': 'asda', 'url': 'https://groceries.asda.com/product/910001389140', 'product_name': "Hartley's No Added Sugar Jelly Apple Flavour", 'product_price': '£0.50', 'product_additionals': '(43.5p/100g)'}, 2131.5, 0.20408163265306123), ({'shop': 'asda', 'url': 'https://groceries.asda.com/product/910001952864', 'product_name': "Hartley's Pineapple Flavour Jelly", 'product_price': '£0.55', 'product_additionals': '(40.7p/100g)'}, 1546.6000000000004, 0.26315789473684204), ({'shop': 'asda', 'url': 'https://groceries.asda.com/product/910000027400', 'product_name': "Hartley's Pineapple in Jelly", 'product_price': '£0.72', 'product_additionals': '(41.1p/100g)'}, 1356.3000000000002, 0.303030303030303), ({'shop': 'tesco', 'url': 'https://www.tesco.com/groceries/en-GB/products/253520878', 'product_name': 'Hartleys Best Pineapple Jam 340G', 'product_price': '£ 1.00', 'product_additionals': '£0.30/100g'}, 11.1, 0.2702702702702703), ({'shop': 'tesco', 'url': 'https://www.tesco.com/groceries/en-GB/products/264772194', 'product_name': 'Hartleys Pineapple In Jelly 175G', 'product_price': '£ 0.60', 'product_additionals': '£0.34/100g'}, 12.579999999999998, 0.2702702702702703), ({'shop': 'asda', 'url': 'https://groceries.asda.com/product/910001461224', 'product_name': 'Hazerbaba Turkish Apple Tea', 'product_price': '£3.09', 'product_additionals': '(£1.24/100g)'}, 39.68, 0.3125), ({'shop': 'tesco', 'url': 'https://www.tesco.com/groceries/en-GB/products/306806086', 'product_name': 'Heck Meat Free Apple Chipolatas 300G', 'product_price': '£ 2.00', 'product_additionals': '£6.67/kg'}, 27.347, 0.24390243902439024), ({'shop': 'tesco', 'url': 'https://www.tesco.com/groceries/en-GB/products/305745775', 'product_name': 'Heinz Apple & Cucumber Pouch 100G', 'product_price': '£ 1.00', 'product_additionals': '£10.00/kg'}, 47.5, 0.21052631578947367), ({'shop': 'tesco', 'url': 'https://www.tesco.com/groceries/en-GB/products/305745838', 'product_name': 'Heinz Apple & Yogurt Jar 120G', 'product_price': '£ 0.65', 'product_additionals': '£5.42/kg'}, 23.034999999999993, 0.23529411764705888), ({'shop': 'tesco', 'url': 'https://www.tesco.com/groceries/en-GB/products/264154471', 'product_name': 'Heinz Apple Biscotti 60G', 'product_price': '£ 0.70', 'product_additionals': '£11.67/kg'}, 42.30375, 0.27586206896551724), ({'shop': 'tesco', 'url': 'https://www.tesco.com/groceries/en-GB/products/304379766', 'product_name': 'Heinz By Nature Apple Banana Apricot 4 Month Plus 4 X 100G', 'product_price': '£ 1.35', 'product_additionals': '£3.38/kg'}, 21.294, 0.15873015873015872), ({'shop': 'tesco', 'url': 'https://www.tesco.com/groceries/en-GB/products/278234073', 'product_name': 'Heinz Fruit Pouch Apple & Blueberry 100G', 'product_price': '£ 1.00', 'product_additionals': '£1.00/100g'}, 56.249999999999986, 0.1777777777777778), ({'shop': 'tesco', 'url': 'https://www.tesco.com/groceries/en-GB/products/276867536', 'product_name': 'Heinz Fruit Pouch Apple Mango 100G', 'product_price': '£ 1.00', 'product_additionals': '£1.00/100g'}, 48.750000000000014, 0.20512820512820507), ({'shop': 'tesco', 'url': 'https://www.tesco.com/groceries/en-GB/products/299234162', 'product_name': 'Heinz Pear & Apple Custard 4X100g', 'product_price': '£ 1.60', 'product_additionals': '£4.00/kg'}, 15.200000000000005, 0.26315789473684204), ({'shop': 'tesco', 'url': 'https://www.tesco.com/groceries/en-GB/products/302275857', 'product_name': 'Ilchester Applewood Smoked Cheddar 170G', 'product_price': '£ 2.20', 'product_additionals': '£12.95/kg'}, 71.22499999999997, 0.18181818181818188), ({'shop': 'tesco', 'url': 'https://www.tesco.com/groceries/en-GB/products/264014086', 'product_name': 'Ilchester Applewood Smoked Cheddar 185G', 'product_price': '£ 2.10', 'product_additionals': '£11.36/kg'}, 62.479999999999976, 0.18181818181818188), ({'shop': 'asda', 'url': 'https://groceries.asda.com/product/910000395872', 'product_name': "Kellogg's Nutri-Grain Fruity Apple Breakfast Bars", 'product_price': '£2.19', 'product_additionals': '(98.7p/100g)'}, 5329.800000000002, 0.18518518518518512), ({'shop': 'tesco', 'url': 'https://www.tesco.com/groceries/en-GB/products/304177918', 'product_name': "Kellogg's Wkk Apple&Pumpkin Bar 4X30g", 'product_price': '£ 2.49', 'product_additionals': '£2.08/100g'}, 109.2, 0.19047619047619047), ({'shop': 'tesco', 'url': 'https://www.tesco.com/groceries/en-GB/products/305867999', 'product_name': "Kellogg's Wkk Kids Blueberry & Apple 350G", 'product_price': '£ 3.00', 'product_additionals': '£8.58/kg'}, 49.335, 0.17391304347826086), ({'shop': 'tesco', 'url': 'https://www.tesco.com/groceries/en-GB/products/305868353', 'product_name': "Kellogg's Wkk Kids Strawbrry Apple & Carrot 350G", 'product_price': '£ 3.00', 'product_additionals': '£8.58/kg'}, 45.47400000000001, 0.18867924528301883), ({'shop': 'tesco', 'url': 'https://www.tesco.com/groceries/en-GB/products/305250375', 'product_name': 'Kiddylicious Apple & Carrot Rice Crispy Sticks 6 X 10G', 'product_price': '£ 2.75', 'product_additionals': '£45.84/kg'}, 338.0700000000001, 0.13559322033898302), ({'shop': 'tesco', 'url': 'https://www.tesco.com/groceries/en-GB/products/296704740', 'product_name': 'Kiddylicious Apple Bakes 6 X 22G', 'product_price': '£ 2.20', 'product_additionals': '£1.67/100g'}, 77.2375, 0.21621621621621623), ({'shop': 'asda', 'url': 'https://groceries.asda.com/product/910000447514', 'product_name': 'Kiddylicious Apple Fruit Wriggles 12+ Months', 'product_price': '£0.50', 'product_additionals': '(£4.17/100g)'}, 255.41250000000008, 0.16326530612244894), ({'shop': 'tesco', 'url': 'https://www.tesco.com/groceries/en-GB/products/271394573', 'product_name': 'Kiddylicious Apple Fruit Wriggles 12G', 'product_price': '£ 0.55', 'product_additionals': '£45.84/kg'}, 240.66000000000003, 0.19047619047619047), ({'shop': 'tesco', 'url': 'https://www.tesco.com/groceries/en-GB/products/301892709', 'product_name': 'Kiddylicious Apple Soft Biscotti 6X20g', 'product_price': '£ 2.20', 'product_additionals': '£18.34/kg'}, 98.5775, 0.18604651162790697), ({'shop': 'tesco', 'url': 'https://www.tesco.com/groceries/en-GB/products/305253176', 'product_name': 'Kiddylicious Juicy Fruit Bars Pineapple & Coconut 100G', 'product_price': '£ 2.35', 'product_additionals': '£23.50/kg'}, 138.65, 0.1694915254237288), ({'shop': 'tesco', 'url': 'https://www.tesco.com/groceries/en-GB/products/304799764', 'product_name': "Kirsty's Luxury Apple Pie 322G", 'product_price': '£ 3.00', 'product_additionals': '£9.32/kg'}, 40.775000000000006, 0.22857142857142854), ({'shop': 'tesco', 'url': 'https://www.tesco.com/groceries/en-GB/products/280823888', 'product_name': 'Kubus Apple & Banana Mousse 100G', 'product_price': '£ 0.55', 'product_additionals': '£0.55/100g'}, 25.4375, 0.21621621621621623), ({'shop': 'tesco', 'url': 'https://www.tesco.com/groceries/en-GB/products/279842342', 'product_name': 'Kubus Apple Banana Carrot & Strawberry Mousse 100G', 'product_price': '£ 0.55', 'product_additionals': '£0.55/100g'}, 37.812499999999986, 0.1454545454545455), ({'shop': 'tesco', 'url': 'https://www.tesco.com/groceries/en-GB/products/306498944', 'product_name': 'Little Yeos Organic Apple & Pear Yogurt 90G', 'product_price': '£ 0.75', 'product_additionals': '£0.83/100g'}, 39.839999999999996, 0.20833333333333337), ({'shop': 'asda', 'url': 'https://groceries.asda.com/product/1000189643969', 'product_name': 'Longley Farm Apple Yogurt', 'product_price': '£0.42', 'product_additionals': '(28.0p/100g)'}, 840.0000000000002, 0.33333333333333326), ({'shop': 'tesco', 'url': 'https://www.tesco.com/groceries/en-GB/products/286212064', 'product_name': 'Loyd Grossman Creamy Cider & Apple 330G', 'product_price': '£ 2.00', 'product_additionals': '£0.61/100g'}, 26.839999999999996, 0.2272727272727273), ({'shop': 'asda', 'url': 'https://groceries.asda.com/product/1000199388624', 'product_name': "McVitie's 10 Pineapple Jaffa Cakes", 'product_price': '£0.60', 'product_additionals': '(49.2p/100g)'}, 1918.8000000000002, 0.2564102564102564), ({'shop': 'tesco', 'url': 'https://www.tesco.com/groceries/en-GB/products/274983482', 'product_name': 'Melon & Pineapple Finger 300G', 'product_price': '£ 2.00', 'product_additionals': '£6.67/kg'}, 22.677999999999994, 0.2941176470588236), ({'shop': 'tesco', 'url': 'https://www.tesco.com/groceries/en-GB/products/305988061', 'product_name': 'Moma Jumbo Oat Porridge Apple Date & Caramel 7 X 35G', 'product_price': '£ 2.90', 'product_additionals': '£1.19/100g'}, 67.83000000000001, 0.17543859649122806), ({'shop': 'tesco', 'url': 'https://www.tesco.com/groceries/en-GB/products/285048749', 'product_name': 'Muller Rice Apple 180G', 'product_price': '£ 0.60', 'product_additionals': '£0.33/100g'}, 11.1375, 0.2962962962962963), ({'shop': 'tesco', 'url': 'https://www.tesco.com/groceries/en-GB/products/285060273', 'product_name': 'Muller Rice Raspberry & Apple 6X180g', 'product_price': '£ 3.00', 'product_additionals': '£0.28/100g'}, 11.479999999999999, 0.24390243902439024), ({'shop': 'asda', 'url': 'https://groceries.asda.com/product/910001390131', 'product_name': 'Muller Rice Raspberry & Apple Low Fat Desserts', 'product_price': '£3.00', 'product_additionals': '(27.8p/100g)'}, 1417.8000000000002, 0.196078431372549), ({'shop': 'tesco', 'url': 'https://www.tesco.com/groceries/en-GB/products/304399270', 'product_name': 'Nairns Gluten Free Oat Bar Apple & Cinnamon 160G', 'product_price': '£ 2.50', 'product_additionals': '£1.57/100g'}, 83.21000000000001, 0.18867924528301883), ({'shop': 'tesco', 'url': 'https://www.tesco.com/groceries/en-GB/products/274709486', 'product_name': "Nature's Finest Pineapple In Juice 400G", 'product_price': '£ 1.70', 'product_additionals': '£7.40/kg'}, 32.559999999999995, 0.2272727272727273), ({'shop': 'tesco', 'url': 'https://www.tesco.com/groceries/en-GB/products/300274913', 'product_name': "Nim's Air Dried Apple Crisps 20G", 'product_price': '£ 0.85', 'product_additionals': '£4.25/100g'}, 196.5625, 0.21621621621621623), ({'shop': 'tesco', 'url': 'https://www.tesco.com/groceries/en-GB/products/304792472', 'product_name': 'Ocean Spray Apple Sauce 210G', 'product_price': '£ 1.30', 'product_additionals': '£0.62/100g'}, 20.460000000000004, 0.303030303030303), ({'shop': 'tesco', 'url': 'https://www.tesco.com/groceries/en-GB/products/255945384', 'product_name': 'Organix 12 Month Apple & Orange Fruit & Cereal Bar 6X30g', 'product_price': '£ 2.50', 'product_additionals': '£1.39/100g'}, 84.79000000000002, 0.16393442622950816), ({'shop': 'tesco', 'url': 'https://www.tesco.com/groceries/en-GB/products/255126023', 'product_name': 'Organix 12 Month Apple & Raspberry Fruit & Cereal Bar 6X30g', 'product_price': '£ 2.50', 'product_additionals': '£1.39/100g'}, 88.96000000000001, 0.15625), ({'shop': 'tesco', 'url': 'https://www.tesco.com/groceries/en-GB/products/255125099', 'product_name': 'Organix 7 Month Rice Cakes Apple 50G', 'product_price': '£ 1.20', 'product_additionals': '£24.00/kg'}, 98.4, 0.24390243902439024), ({'shop': 'tesco', 'url': 'https://www.tesco.com/groceries/en-GB/products/287001266', 'product_name': 'Organix Apple & Date 6 X 17G', 'product_price': '£ 2.00', 'product_additionals': '£1.97/100g'}, 65.01, 0.303030303030303), ({'shop': 'tesco', 'url': 'https://www.tesco.com/groceries/en-GB/products/298648808', 'product_name': 'Organix Apple Rice Cakes Multipack 4X28g', 'product_price': '£ 2.50', 'product_additionals': '£22.33/kg'}, 100.485, 0.2222222222222222), ({'shop': 'tesco', 'url': 'https://www.tesco.com/groceries/en-GB/products/298648843', 'product_name': 'Organix Goodies Raspberry & Apple Bars 12X30g', 'product_price': '£ 4.50', 'product_additionals': '£12.50/kg'}, 62.500000000000014, 0.19999999999999996), ({'shop': 'tesco', 'url': 'https://www.tesco.com/groceries/en-GB/products/302285373', 'product_name': 'Organix Just Apple Oats & Cinnamon 120G', 'product_price': '£ 1.10', 'product_additionals': '£9.17/kg'}, 40.348, 0.2272727272727273), ({'shop': 'tesco', 'url': 'https://www.tesco.com/groceries/en-GB/products/302291181', 'product_name': 'Organix Just Apple Strawberry & Blueberry 120G', 'product_price': '£ 1.10', 'product_additionals': '£9.17/kg'}, 46.76700000000001, 0.196078431372549), ({'shop': 'tesco', 'url': 'https://www.tesco.com/groceries/en-GB/products/304398714', 'product_name': 'Petits Filous No Added Sugar Apple Pear & Banana Fromage Frais 6 X 47G', 'product_price': '£ 1.50', 'product_additionals': '£0.53/100g'}, 39.75000000000001, 0.1333333333333333), ({'shop': 'tesco', 'url': 'https://www.tesco.com/groceries/en-GB/products/299583859', 'product_name': 'Piccolo Organic Banana Blueberry & Apple Baby Food 100G', 'product_price': '£ 1.10', 'product_additionals': '£11.00/kg'}, 66.00000000000001, 0.16666666666666663), ({'shop': 'tesco', 'url': 'https://www.tesco.com/groceries/en-GB/products/299583894', 'product_name': 'Piccolo Organic Pear Apple & Spring Greens 100G', 'product_price': '£ 1.10', 'product_additionals': '£1.10/100g'}, 57.2, 0.1923076923076923), ({'shop': 'tesco', 'url': 'https://www.tesco.com/groceries/en-GB/products/289724853', 'product_name': 'Princes Apple Fruit Filling 395G', 'product_price': '£ 1.25', 'product_additionals': '£3.43/kg'}, 15.86375, 0.21621621621621623), ({'shop': 'tesco', 'url': 'https://www.tesco.com/groceries/en-GB/products/305835611', 'product_name': 'Princes Apple Slices 385G', 'product_price': '£ 1.00', 'product_additionals': '£0.26/100g'}, 9.750000000000002, 0.2666666666666666), ({'shop': 'asda', 'url': 'https://groceries.asda.com/product/910001000985', 'product_name': 'Princes Fruit Filling Apple', 'product_price': '£1.00', 'product_additionals': '(£2.53/kg)'}, 10.12, 0.25), ({'shop': 'tesco', 'url': 'https://www.tesco.com/groceries/en-GB/products/279526774', 'product_name': 'Pukka Organic Spiced Apple Cinnamon Plus Ginger 20 Tea Bags 40G', 'product_price': '£ 2.80', 'product_additionals': '£7.00/100g'}, 475.9999999999999, 0.1470588235294118), ({'shop': 'asda', 'url': 'https://groceries.asda.com/product/77297209', 'product_name': 'Quaker Oat So Simple Apple & Blueberry Porridge 10 Pack', 'product_price': '£2.75', 'product_additionals': '(76.4p/100g)'}, 4584.000000000001, 0.16666666666666663), ({'shop': 'tesco', 'url': 'https://www.tesco.com/groceries/en-GB/products/268060828', 'product_name': 'Quaker Oat So Simple Apple & Blueberry Porridge 57G', 'product_price': '£ 0.90', 'product_additionals': '£1.58/100g'}, 88.47999999999999, 0.1785714285714286), ({'shop': 'asda', 'url': 'https://groceries.asda.com/product/910000395900', 'product_name': 'Quaker Oat So Simple Apple & Blueberry Porridge Pot', 'product_price': '£0.97', 'product_additionals': '(£1.70/100g)'}, 95.19999999999999, 0.1785714285714286), ({'shop': 'tesco', 'url': 'https://www.tesco.com/groceries/en-GB/products/263894926', 'product_name': 'Quaker Oat So Simple Apple Blueberry Porridge 10X36g', 'product_price': '£ 2.00', 'product_additionals': '£0.56/100g'}, 31.919999999999998, 0.17543859649122806), ({'shop': 'asda', 'url': 'https://groceries.asda.com/product/1000194606864', 'product_name': 'Quaker Perfect Blends Apple, Raisin & Cinnamon Porridge 8 Pack', 'product_price': '£2.00', 'product_additionals': '(72.0p/100g)'}, 4824.0, 0.14925373134328357), ({'shop': 'asda', 'url': 'https://groceries.asda.com/product/1000194606778', 'product_name': 'Quaker Perfect Blends Raspberry, Apple & Acai Porridge 8 Pack', 'product_price': '£2.00', 'product_additionals': '(71.0p/100g)'}, 4686.000000000001, 0.1515151515151515), ({'shop': 'asda', 'url': 'https://groceries.asda.com/product/1000193273146', 'product_name': 'Quaker Porridge To Go Blueberry & Apple Breakfast Bars 2 Pack', 'product_price': '£1.30', 'product_additionals': '(£1.18/100g)'}, 77.88000000000002, 0.1515151515151515), ({'shop': 'tesco', 'url': 'https://www.tesco.com/groceries/en-GB/products/304795797', 'product_name': 'Quaker Raspberry Apple & Acai Porridge 8 Pack 281G', 'product_price': '£ 3.00', 'product_additionals': '£1.07/100g'}, 58.84999999999997, 0.18181818181818188), ({'shop': 'asda', 'url': 'https://groceries.asda.com/product/1000103026346', 'product_name': 'Schwartz Christmas Limited Edition Braised Red Cabbage with Apple & Cider Recipe Mix', 'product_price': '£0.85', 'product_additionals': '(£2.43/100g)'}, 216.2699999999999, 0.1123595505617978), ({'shop': 'tesco', 'url': 'https://www.tesco.com/groceries/en-GB/products/297385855', 'product_name': 'Soreen 5 Apple Lunchbox Loaves 150G', 'product_price': '£ 1.40', 'product_additionals': '£0.93/100g'}, 46.500000000000014, 0.19999999999999996), ({'shop': 'asda', 'url': 'https://groceries.asda.com/product/1000039942528', 'product_name': 'Swizzels Drumstick Squashies Sour Cherry & Apple Flavour', 'product_price': '£0.90', 'product_additionals': '(56.2p/100g)'}, 3428.2000000000007, 0.16393442622950816), ({'shop': 'tesco', 'url': 'https://www.tesco.com/groceries/en-GB/products/299919429', 'product_name': 'Tesco 2 Apple & Blackberry Puddings 220G', 'product_price': '£ 2.00', 'product_additionals': '£0.91/100g'}, 51.187499999999986, 0.1777777777777778), ({'shop': 'tesco', 'url': 'https://www.tesco.com/groceries/en-GB/products/260881071', 'product_name': 'Tesco 2 Apple Crumble 270G', 'product_price': '£ 2.00', 'product_additionals': '£0.74/100g'}, 28.675, 0.25806451612903225), ({'shop': 'tesco', 'url': 'https://www.tesco.com/groceries/en-GB/products/297297274', 'product_name': 'Tesco 2 Fresh Cream Bramley Apple Turnovers 160G', 'product_price': '£ 1.60', 'product_additionals': '£1.00/100g'}, 53.000000000000014, 0.18867924528301883), ({'shop': 'tesco', 'url': 'https://www.tesco.com/groceries/en-GB/products/275712998', 'product_name': 'Tesco 6 Apple Fruity Bakes 222G', 'product_price': '£ 0.95', 'product_additionals': '£0.43/100g'}, 19.35, 0.2222222222222222), ({'shop': 'tesco', 'url': 'https://www.tesco.com/groceries/en-GB/products/268849340', 'product_name': 'Tesco 8 British Pork & Apple Sausages 454G', 'product_price': '£ 1.70', 'product_additionals': '£3.75/kg'}, 22.031249999999996, 0.17021276595744683), ({'shop': 'tesco', 'url': 'https://www.tesco.com/groceries/en-GB/products/286681740', 'product_name': 'Tesco Apple & Grape Snack Pack 80G', 'product_price': '£ 0.50', 'product_additionals': '£6.25/kg'}, 30.46875000000001, 0.20512820512820507), ({'shop': 'tesco', 'url': 'https://www.tesco.com/groceries/en-GB/products/301269129', 'product_name': 'Tesco Apple & Mango Pouch 70G', 'product_price': '£ 0.45', 'product_additionals': '£0.64/100g'}, 27.199999999999996, 0.23529411764705888), ({'shop': 'tesco', 'url': 'https://www.tesco.com/groceries/en-GB/products/307136220', 'product_name': 'Tesco Apple Crumble 500G', 'product_price': '£ 2.80', 'product_additionals': '£0.56/100g'}, 20.3, 0.27586206896551724), ({'shop': 'tesco', 'url': 'https://www.tesco.com/groceries/en-GB/products/302000792', 'product_name': 'Tesco Apple Rice Cakes 4 X 20G', 'product_price': '£ 1.80', 'product_additionals': '£0.22/10g'}, 96.25000000000001, 0.22857142857142854), ({'shop': 'tesco', 'url': 'https://www.tesco.com/groceries/en-GB/products/302000832', 'product_name': 'Tesco Apple Rice Cakes 40G', 'product_price': '£ 0.80', 'product_additionals': '£0.20/10g'}, 77.5, 0.25806451612903225), ({'shop': 'tesco', 'url': 'https://www.tesco.com/groceries/en-GB/products/262290526', 'product_name': 'Tesco Apple Slices 300G', 'product_price': '£ 2.30', 'product_additionals': '£7.67/kg'}, 26.845000000000002, 0.2857142857142857), ({'shop': 'tesco', 'url': 'https://www.tesco.com/groceries/en-GB/products/254752129', 'product_name': 'Tesco Apple Strudel 600G', 'product_price': '£ 1.35', 'product_additionals': '£0.22/100g'}, 7.9750000000000005, 0.27586206896551724), ({'shop': 'tesco', 'url': 'https://www.tesco.com/groceries/en-GB/products/257471969', 'product_name': 'Tesco Bramley Apple Sauce 270G', 'product_price': '£ 0.55', 'product_additionals': '£0.20/100g'}, 7.0, 0.2857142857142857), ({'shop': 'tesco', 'url': 'https://www.tesco.com/groceries/en-GB/products/257471883', 'product_name': 'Tesco Bramley Apple Sauce 470G', 'product_price': '£ 1.15', 'product_additionals': '£0.24/100g'}, 8.4, 0.2857142857142857), ({'shop': 'tesco', 'url': 'https://www.tesco.com/groceries/en-GB/products/253558033', 'product_name': 'Tesco Bramley Cooking Apples Loose', 'product_price': '£ 0.50', 'product_additionals': '£2.00/kg'}, 7.800000000000001, 0.2564102564102564), ({'shop': 'tesco', 'url': 'https://www.tesco.com/groceries/en-GB/products/275945100', 'product_name': 'Tesco Easy Oats Apple & Blueberry 360G', 'product_price': '£ 1.00', 'product_additionals': '£0.28/100g'}, 12.040000000000001, 0.2325581395348837), ({'shop': 'tesco', 'url': 'https://www.tesco.com/groceries/en-GB/products/288805713', 'product_name': 'Tesco Finest Apple & Cranberry Stuffing Mix 130G', 'product_price': '£ 1.40', 'product_additionals': '£10.77/kg'}, 71.35125000000001, 0.15094339622641506), ({'shop': 'tesco', 'url': 'https://www.tesco.com/groceries/en-GB/products/284477317', 'product_name': 'Tesco Finest Best Of British Apple 4 Pack 590G', 'product_price': '£ 1.80', 'product_additionals': '£3.06/kg'}, 19.5075, 0.1568627450980392), ({'shop': 'tesco', 'url': 'https://www.tesco.com/groceries/en-GB/products/279232684', 'product_name': 'Tesco Finest British Bramley Apple Sauce With Cider 200G', 'product_price': '£ 1.50', 'product_additionals': '£0.75/100g'}, 45.750000000000014, 0.16393442622950816), ({'shop': 'tesco', 'url': 'https://www.tesco.com/groceries/en-GB/products/297673445', 'product_name': 'Tesco Finest Slow Cooked Gammon Shank In Pineapple 550G', 'product_price': '£ 6.00', 'product_additionals': '£10.91/kg'}, 65.46000000000002, 0.16666666666666663), ({'shop': 'tesco', 'url': 'https://www.tesco.com/groceries/en-GB/products/296070895', 'product_name': 'Tesco Finest Smoked Applewood Ham 125G', 'product_price': '£ 2.50', 'product_additionals': '£2.00/100g'}, 107.5, 0.18604651162790697), ({'shop': 'tesco', 'url': 'https://www.tesco.com/groceries/en-GB/products/289599764', 'product_name': 'Tesco Gammon Steak With Cheese & Pineapple 345G', 'product_price': '£ 3.00', 'product_additionals': '£8.70/kg'}, 45.24, 0.1923076923076923), ({'shop': 'tesco', 'url': 'https://www.tesco.com/groceries/en-GB/products/302219827', 'product_name': 'Tesco Ham & Pineapple Pizza 316G', 'product_price': '£ 1.65', 'product_additionals': '£0.52/100g'}, 19.24, 0.2702702702702703), ({'shop': 'tesco', 'url': 'https://www.tesco.com/groceries/en-GB/products/292991312', 'product_name': 'Tesco Instant Oats Porridge Pot Apple & Blueberry 55G', 'product_price': '£ 0.35', 'product_additionals': '£0.64/100g'}, 37.12, 0.1724137931034483), ({'shop': 'tesco', 'url': 'https://www.tesco.com/groceries/en-GB/products/287023171', 'product_name': 'Tesco Organic Gala Apples 630G', 'product_price': '£ 2.25', 'product_additionals': '£3.58/kg'}, 12.530000000000001, 0.2857142857142857), ({'shop': 'tesco', 'url': 'https://www.tesco.com/groceries/en-GB/products/293171580', 'product_name': 'Tesco Organic Pink Lady Apples 440G', 'product_price': '£ 2.50', 'product_additionals': '£5.69/kg'}, 22.76, 0.25), ({'shop': 'tesco', 'url': 'https://www.tesco.com/groceries/en-GB/products/301269141', 'product_name': 'Tesco Pear & Apple Pouch 70G', 'product_price': '£ 0.45', 'product_additionals': '£0.64/100g'}, 21.120000000000005, 0.303030303030303), ({'shop': 'tesco', 'url': 'https://www.tesco.com/groceries/en-GB/products/294770041', 'product_name': 'Tesco Pineapple 0% Fat Cottage Cheese 300G', 'product_price': '£ 1.00', 'product_additionals': '£3.34/kg'}, 15.698, 0.21276595744680848), ({'shop': 'tesco', 'url': 'https://www.tesco.com/groceries/en-GB/products/302971678', 'product_name': 'Tesco Pineapple Chunks 145G', 'product_price': '£ 1.00', 'product_additionals': '£6.90/kg'}, 22.080000000000002, 0.3125), ({'shop': 'tesco', 'url': 'https://www.tesco.com/groceries/en-GB/products/302971655', 'product_name': 'Tesco Pineapple Chunks 270G', 'product_price': '£ 2.00', 'product_additionals': '£7.41/kg'}, 23.712, 0.3125), ({'shop': 'tesco', 'url': 'https://www.tesco.com/groceries/en-GB/products/279054497', 'product_name': 'Tesco Pineapple Chunks 450G', 'product_price': '£ 2.00', 'product_additionals': '£4.45/kg'}, 14.24, 0.3125), ({'shop': 'tesco', 'url': 'https://www.tesco.com/groceries/en-GB/products/287872392', 'product_name': 'Tesco Pineapple Fingers 500G', 'product_price': '£ 2.60', 'product_additionals': '£5.20/kg'}, 17.160000000000004, 0.303030303030303), ({'shop': 'tesco', 'url': 'https://www.tesco.com/groceries/en-GB/products/285347418', 'product_name': 'Tesco Pineapple Fingers 80G', 'product_price': '£ 0.60', 'product_additionals': '£7.50/kg'}, 24.0, 0.3125), ({'shop': 'tesco', 'url': 'https://www.tesco.com/groceries/en-GB/products/301513359', 'product_name': 'Tesco Pink Lady Apple & Grape Pot 100G', 'product_price': '£ 1.00', 'product_additionals': '£1.00/100g'}, 43.00000000000001, 0.2325581395348837), ({'shop': 'tesco', 'url': 'https://www.tesco.com/groceries/en-GB/products/302947950', 'product_name': 'Tesco Pink Lady Apple And Grape Snack Pot 100G', 'product_price': '£ 1.00', 'product_additionals': '£10.00/kg'}, 51.00000000000001, 0.196078431372549), ({'shop': 'tesco', 'url': 'https://www.tesco.com/groceries/en-GB/products/302947875', 'product_name': 'Tesco Pink Lady Apple Doy Bag 350G', 'product_price': '£ 2.40', 'product_additionals': '£6.86/kg'}, 26.754000000000005, 0.2564102564102564), ({'shop': 'tesco', 'url': 'https://www.tesco.com/groceries/en-GB/products/301513394', 'product_name': 'Tesco Pink Lady Apple Pot 80G', 'product_price': '£ 1.00', 'product_additionals': '£1.25/100g'}, 42.49999999999999, 0.2941176470588236), ({'shop': 'tesco', 'url': 'https://www.tesco.com/groceries/en-GB/products/305941600', 'product_name': 'Tesco Pork & Apple Casserole 580G', 'product_price': '£ 5.00', 'product_additionals': '£8.63/kg'}, 40.99250000000001, 0.21052631578947367), ({'shop': 'tesco', 'url': 'https://www.tesco.com/groceries/en-GB/products/305522048', 'product_name': 'Tesco Pork Belly With Apple Sauce 370G', 'product_price': '£ 3.50', 'product_additionals': '£9.46/kg'}, 50.847500000000004, 0.18604651162790697), ({'shop': 'tesco', 'url': 'https://www.tesco.com/groceries/en-GB/products/294083203', 'product_name': 'Tesco Red Cabbage & Apple 300G', 'product_price': '£ 2.25', 'product_additionals': '£7.50/kg'}, 26.25, 0.2857142857142857), ({'shop': 'tesco', 'url': 'https://www.tesco.com/groceries/en-GB/products/305986662', 'product_name': 'The Collective Suckies Apple & Blackcurrant 100G', 'product_price': '£ 0.70', 'product_additionals': '£0.70/100g'}, 46.37500000000001, 0.15094339622641506), ({'shop': 'asda', 'url': 'https://groceries.asda.com/product/1000203231981', 'product_name': 'The Fruit Factory Fruit Stars Strawberry, Apple and Orange 5 Pack', 'product_price': '£2.00', 'product_additionals': '(£2.00/100g)'}, 140.00000000000006, 0.1428571428571428), ({'shop': 'asda', 'url': 'https://groceries.asda.com/product/1000203231909', 'product_name': 'The Fruit Factory Fruit Strings Strawberry, Apple and Orange 5 Pack', 'product_price': '£2.00', 'product_additionals': '(£2.00/100g)'}, 144.00000000000006, 0.13888888888888884), ({'shop': 'asda', 'url': 'https://groceries.asda.com/product/1000053469148', 'product_name': "Twinings Cold In'fuse Blueberry, Apple & Blackcurrant", 'product_price': '£3.79', 'product_additionals': '(£12.63/100g)'}, 915.6749999999996, 0.13793103448275867), ({'shop': 'tesco', 'url': 'https://www.tesco.com/groceries/en-GB/products/304555172', 'product_name': 'Twinings Cold Infuse Apple Cucumber & Mint 30G', 'product_price': '£ 3.79', 'product_additionals': '£12.64/100g'}, 805.8000000000001, 0.1568627450980392), ({'shop': 'tesco', 'url': 'https://www.tesco.com/groceries/en-GB/products/301175129', 'product_name': 'Twinings Cold Infuse Blueberry Apple Blackcurrant 30G', 'product_price': '£ 3.79', 'product_additionals': '£12.64/100g'}, 916.3999999999996, 0.13793103448275867), ({'shop': 'tesco', 'url': 'https://www.tesco.com/groceries/en-GB/products/301176826', 'product_name': 'Twinings Cold Infuse Coconut & Pineapple 30G', 'product_price': '£ 3.79', 'product_additionals': '£12.64/100g'}, 619.36, 0.20408163265306123), ({'shop': 'tesco', 'url': 'https://www.tesco.com/groceries/en-GB/products/250293808', 'product_name': 'Twinings Green Tea And Pineapple 20S 40G', 'product_price': '£ 2.00', 'product_additionals': '£5.00/100g'}, 225.0, 0.2222222222222222), ({'shop': 'tesco', 'url': 'https://www.tesco.com/groceries/en-GB/products/250293958', 'product_name': 'Twinings Pear & Apple Green Tea Tea Bags 20S 40G', 'product_price': '£ 2.00', 'product_additionals': '£5.00/100g'}, 265.00000000000006, 0.18867924528301883), ({'shop': 'asda', 'url': 'https://groceries.asda.com/product/1000009534793', 'product_name': 'Twinings Superblends Sleep Spiced Apple & Vanilla with Camomile & Passionflowers 20 Tea Bags', 'product_price': '£2.00', 'product_additionals': '(£6.67/100g)'}, 808.7374999999996, 0.08247422680412375), ({'shop': 'asda', 'url': 'https://groceries.asda.com/product/1000192700033', 'product_name': 'W.K Kellogg Kids No Added Sugar Blueberry, Apple & Beetroot Multigrain Shapes Cereal', 'product_price': '£2.99', 'product_additionals': '(85.4p/100g)'}, 7600.599999999997, 0.1123595505617978), ({'shop': 'asda', 'url': 'https://groceries.asda.com/product/1000192700063', 'product_name': 'W.K Kellogg Kids Strawberry, Apple & Carrot Multigrain Shapes Cereal', 'product_price': '£2.99', 'product_additionals': '(85.4p/100g)'}, 6234.200000000001, 0.136986301369863), ({'shop': 'asda', 'url': 'https://groceries.asda.com/product/12047250', 'product_name': "White's Apple & Cinnamon Toasted Oats", 'product_price': '£2.90', 'product_additionals': '(58.0p/100g)'}, 3045.0, 0.19047619047619047), ({'shop': 'asda', 'url': 'https://groceries.asda.com/product/1000203424931', 'product_name': 'Whitworths White Chocolate & Apple With Cinnamon & Raisins', 'product_price': '£1.50', 'product_additionals': '(£1.15/100g)'}, 72.45, 0.15873015873015872)], [({'shop': 'tesco', 'url': 'https://www.tesco.com/groceries/en-GB/products/291195922', 'product_name': 'Alberto Balsam Green Apple Conditioner 350Ml', 'product_price': '£ 0.95', 'product_additionals': '£0.27/100ml'}, 13.23, 0.20408163265306123), ({'shop': 'asda', 'url': 'https://groceries.asda.com/product/910002264687', 'product_name': 'Alberto Balsam Juicy Green Apple Conditioner', 'product_price': '£0.95', 'product_additionals': '(27.1p/100ml)'}, 1327.8999999999999, 0.20408163265306123), ({'shop': 'asda', 'url': 'https://groceries.asda.com/product/910002264439', 'product_name': 'Alberto Balsam Juicy Green Apple Shampoo', 'product_price': '£0.95', 'product_additionals': '(27.1p/100ml)'}, 1219.5, 0.2222222222222222), ({'shop': 'tesco', 'url': 'https://www.tesco.com/groceries/en-GB/products/291181300', 'product_name': 'Alberto Balsam Juicy Green Apple Shampoo 350Ml', 'product_price': '£ 0.95', 'product_additionals': '£0.27/100ml'}, 13.770000000000003, 0.196078431372549), ({'shop': 'asda', 'url': 'https://groceries.asda.com/product/910003056838', 'product_name': 'Apple Cans', 'product_price': '£2.50', 'product_additionals': '(16.7p/100ml)'}, 313.125, 0.5333333333333333), ({'shop': 'asda', 'url': 'https://groceries.asda.com/product/2061609', 'product_name': 'Apple Sparkling Apple Drink', 'product_price': '£2.70', 'product_additionals': '(36.0p/100ml)'}, 1440.0, 0.25), ({'shop': 'tesco', 'url': 'https://www.tesco.com/groceries/en-GB/products/297413040', 'product_name': 'Appletiser 100% Apple Juice Lightly Sparkling 6X250ml', 'product_price': '£ 3.25', 'product_additionals': '£0.22/100ml'}, 15.949999999999996, 0.13793103448275867), ({'shop': 'asda', 'url': 'https://groceries.asda.com/product/1000070824804', 'product_name': 'Appletiser Can', 'product_price': '£0.40', 'product_additionals': '(26.7p/100ml)'}, 634.125, 0.42105263157894735), ({'shop': 'tesco', 'url': 'https://www.tesco.com/groceries/en-GB/products/250448258', 'product_name': 'Appletiser Sparkling Apple Juice 750 Ml', 'product_price': '£ 2.50', 'product_additionals': '£0.33/100ml'}, 18.14999999999999, 0.18181818181818188), ({'shop': 'asda', 'url': 'https://groceries.asda.com/product/25807', 'product_name': 'ASDA 100% Pure Apple Juice Carton', 'product_price': '£0.65', 'product_additionals': '(6.5p/100ml)'}, 308.75, 0.21052631578947367), ({'shop': 'asda', 'url': 'https://groceries.asda.com/product/19063', 'product_name': 'ASDA 100% Pure Apple Juice Cartons', 'product_price': '£2.58', 'product_additionals': '(6.5p/100ml)'}, 316.8750000000001, 0.20512820512820507), ({'shop': 'asda', 'url': 'https://groceries.asda.com/product/1000234166744', 'product_name': 'ASDA 100% Pure Apple Juice from Concentrate Cartons', 'product_price': '£0.75', 'product_additionals': '(16.7p/100ml)'}, 1169.0000000000005, 0.1428571428571428), ({'shop': 'asda', 'url': 'https://groceries.asda.com/product/910002822103', 'product_name': 'ASDA 50% Fruit Apple High Juice', 'product_price': '£1.25', 'product_additionals': '(12.5p/100ml)'}, 562.5, 0.2222222222222222), ({'shop': 'asda', 'url': 'https://groceries.asda.com/product/1000121694453', 'product_name': 'ASDA 50% Fruit High Juice Apple & Cherry', 'product_price': '£1.25', 'product_additionals': '(12.5p/100ml)'}, 703.1249999999999, 0.1777777777777778), ({'shop': 'asda', 'url': 'https://groceries.asda.com/product/1000121694562', 'product_name': 'ASDA 50% Fruit High Juice Apple & Mango', 'product_price': '£1.36', 'product_additionals': '(13.6p/100ml)'}, 747.9999999999998, 0.18181818181818188), ({'shop': 'asda', 'url': 'https://groceries.asda.com/product/1000141000064', 'product_name': 'ASDA 50% Fruit High Juice Mango, Apple & Passion Fruit Cordial', 'product_price': '£1.35', 'product_additionals': '(13.5p/100ml)'}, 904.5000000000001, 0.14925373134328357), ({'shop': 'asda', 'url': 'https://groceries.asda.com/product/910003055311', 'product_name': 'ASDA Apple & Blackcurrant Juice Drinks', 'product_price': '£1.65', 'product_additionals': '(10.3p/100ml)'}, 553.625, 0.18604651162790697), ({'shop': 'asda', 'url': 'https://groceries.asda.com/product/910000424346', 'product_name': 'ASDA Apple & Mango Juice Drink', 'product_price': '£0.85', 'product_additionals': '(8.5p/100ml)'}, 371.87500000000006, 0.22857142857142854), ({'shop': 'asda', 'url': 'https://groceries.asda.com/product/1000234166723', 'product_name': 'ASDA Apple & Mango Juice Drink Cartons', 'product_price': '£1.00', 'product_additionals': '(13.3p/100ml)'}, 714.875, 0.18604651162790697), ({'shop': 'asda', 'url': 'https://groceries.asda.com/product/1000234166732', 'product_name': 'ASDA Apple & Mango Juice Drink Cartons', 'product_price': '£0.79', 'product_additionals': '(17.6p/100ml)'}, 946.0, 0.18604651162790697), ({'shop': 'asda', 'url': 'https://groceries.asda.com/product/1000228153913', 'product_name': 'ASDA Apple & Raspberry Flavour Sparkling Water', 'product_price': '£0.40', 'product_additionals': '(4.0p/100ml)'}, 255.0, 0.1568627450980392), ({'shop': 'asda', 'url': 'https://groceries.asda.com/product/1000234166573', 'product_name': 'ASDA No Added Sugar Apple & Blackcurrant Juice Drink Cartons', 'product_price': '£1.00', 'product_additionals': '(13.3p/100ml)'}, 864.5, 0.15384615384615385), ({'shop': 'asda', 'url': 'https://groceries.asda.com/product/910002821913', 'product_name': 'ASDA No Added Sugar Apple & Blackcurrant Squash', 'product_price': '£0.79', 'product_additionals': '(5.3p/100ml)'}, 275.6, 0.1923076923076923), ({'shop': 'asda', 'url': 'https://groceries.asda.com/product/985450', 'product_name': 'ASDA No Added Sugar Apple & Mango Flavoured Sparkling Water Bottle', 'product_price': '£0.40', 'product_additionals': '(4.0p/100ml)'}, 283.99999999999994, 0.14084507042253525), ({'shop': 'asda', 'url': 'https://groceries.asda.com/product/1000234166665', 'product_name': 'ASDA No Added Sugar Apple & Pear Juice Drink Cartons', 'product_price': '£1.00', 'product_additionals': '(13.3p/100ml)'}, 758.1, 0.17543859649122806), ({'shop': 'asda', 'url': 'https://groceries.asda.com/product/910002821402', 'product_name': 'ASDA No Added Sugar Double Strength Orange & Pineapple Squash', 'product_price': '£1.00', 'product_additionals': '(6.7p/100ml)'}, 442.20000000000005, 0.1515151515151515), ({'shop': 'asda', 'url': 'https://groceries.asda.com/product/910000558765', 'product_name': 'ASDA Pineapple & Coconut Juice Drink', 'product_price': '£1.00', 'product_additionals': '(10.0p/100ml)'}, 410.0, 0.24390243902439024), ({'shop': 'asda', 'url': 'https://groceries.asda.com/product/910000429001', 'product_name': 'ASDA Pineapple Juice', 'product_price': '£0.80', 'product_additionals': '(8.0p/100ml)'}, 200.0, 0.4), ({'shop': 'asda', 'url': 'https://groceries.asda.com/product/1000234166611', 'product_name': 'ASDA Pineapple Juice from Concentrate Cartons', 'product_price': '£0.75', 'product_additionals': '(16.7p/100ml)'}, 835.0000000000002, 0.19999999999999996), ({'shop': 'asda', 'url': 'https://groceries.asda.com/product/1000138674262', 'product_name': 'ASDA Pomegranate and Apple Extract Shower Gel', 'product_price': '£0.65', 'product_additionals': '(26.0p/100ml)'}, 1300.0000000000002, 0.19999999999999996), ({'shop': 'asda', 'url': 'https://groceries.asda.com/product/32823', 'product_name': 'ASDA Smart Price Apple Juice', 'product_price': '£0.55', 'product_additionals': '(5.5p/100ml)'}, 181.50000000000003, 0.303030303030303), ({'shop': 'asda', 'url': 'https://groceries.asda.com/product/910002821425', 'product_name': 'ASDA Smart Price No Added Sugar Apple & Blackcurrant Double Strength Squash', 'product_price': '£0.40', 'product_additionals': '(5.3p/100ml)'}, 424.0, 0.125), ({'shop': 'tesco', 'url': 'https://www.tesco.com/groceries/en-GB/products/302273220', 'product_name': 'Aspall Raw Apple Cyder Vinegar With Honey 500Ml', 'product_price': '£ 6.00', 'product_additionals': '£1.20/100ml'}, 62.400000000000006, 0.1923076923076923), ({'shop': 'tesco', 'url': 'https://www.tesco.com/groceries/en-GB/products/297105301', 'product_name': 'Aspall Raw Organic Apple Cyder Vinegar 500Ml', 'product_price': '£ 2.50', 'product_additionals': '£0.50/100ml'}, 24.5, 0.20408163265306123), ({'shop': 'tesco', 'url': 'https://www.tesco.com/groceries/en-GB/products/291421074', 'product_name': 'Baylis & Harding Antibacterial Handwash Jasmine & Apple 500Ml', 'product_price': '£ 2.00', 'product_additionals': '£0.40/100ml'}, 26.400000000000006, 0.1515151515151515), ({'shop': 'tesco', 'url': 'https://www.tesco.com/groceries/en-GB/products/307357223', 'product_name': 'Belvoir Pink Lady Sparkling Apple Juice 750Ml', 'product_price': '£ 2.50', 'product_additionals': '£0.33/100ml'}, 16.500000000000004, 0.19999999999999996), ({'shop': 'asda', 'url': 'https://groceries.asda.com/product/910001437513', 'product_name': 'Bigga Pineapple Drink', 'product_price': '£0.75', 'product_additionals': '(22.7p/100ml)'}, 590.2, 0.3846153846153846), ({'shop': 'tesco', 'url': 'https://www.tesco.com/groceries/en-GB/products/271681734', 'product_name': 'Bobo Frut Apple Banana & Carrot Juice 300Ml', 'product_price': '£ 1.40', 'product_additionals': '£0.47/100ml'}, 28.200000000000006, 0.16666666666666663), ({'shop': 'asda', 'url': 'https://groceries.asda.com/product/910000562411', 'product_name': 'Calcough Infant Syrup Apple Flavour 3+ Months', 'product_price': '£3.50', 'product_additionals': '(£2.80/100ml)'}, 140.00000000000003, 0.19999999999999996), ({'shop': 'asda', 'url': 'https://groceries.asda.com/product/1000150899991', 'product_name': 'Capri-Sun No Added Sugar Blackcurrant & Apple 8 Pack', 'product_price': '£2.00', 'product_additionals': '(12.5p/100ml)'}, 712.5, 0.17543859649122806), ({'shop': 'tesco', 'url': 'https://www.tesco.com/groceries/en-GB/products/266385580', 'product_name': 'Caprio Apple & Raspberry Drink 2 Litre Carton', 'product_price': '£ 1.10', 'product_additionals': '£0.06/100ml'}, 3.0000000000000004, 0.19999999999999996), ({'shop': 'asda', 'url': 'https://groceries.asda.com/product/910000290031', 'product_name': 'Caprio Apple and Raspberry Multifruit Drink', 'product_price': '£1.30', 'product_additionals': '(6.5p/100ml)'}, 311.99999999999994, 0.20833333333333337), ({'shop': 'asda', 'url': 'https://groceries.asda.com/product/1000015061493', 'product_name': 'Carabao Energy Drink Green Apple Sugar Free', 'product_price': '£0.59', 'product_additionals': '(17.9p/100ml)'}, 859.1999999999998, 0.20833333333333337), ({'shop': 'tesco', 'url': 'https://www.tesco.com/groceries/en-GB/products/263879352', 'product_name': 'Cawston Press Apple & Ginger Juice 1L', 'product_price': '£ 2.30', 'product_additionals': '£0.23/100ml'}, 9.659999999999998, 0.23809523809523814), ({'shop': 'tesco', 'url': 'https://www.tesco.com/groceries/en-GB/products/278584055', 'product_name': 'Cawston Press Apple & Pear 3X200ml', 'product_price': '£ 1.60', 'product_additionals': '£0.27/100ml'}, 10.530000000000001, 0.2564102564102564), ({'shop': 'tesco', 'url': 'https://www.tesco.com/groceries/en-GB/products/263879438', 'product_name': 'Cawston Press Apple & Rhubarb Juice 1Ltr', 'product_price': '£ 2.30', 'product_additionals': '£0.23/100ml'}, 10.35, 0.2222222222222222), ({'shop': 'asda', 'url': 'https://groceries.asda.com/product/1000117784314', 'product_name': 'Cawston Press Cloudy Apple Cans', 'product_price': '£3.50', 'product_additionals': '(26.5p/100ml)'}, 954.0, 0.2777777777777778), ({'shop': 'tesco', 'url': 'https://www.tesco.com/groceries/en-GB/products/278583954', 'product_name': 'Cawston Press Kids Apple & Mango 3X200ml', 'product_price': '£ 1.60', 'product_additionals': '£0.27/100ml'}, 12.150000000000002, 0.2222222222222222), ({'shop': 'tesco', 'url': 'https://www.tesco.com/groceries/en-GB/products/254914198', 'product_name': 'Certo Apple Pectin 250Gml', 'product_price': '£ 2.50', 'product_additionals': '£1.00/100ml'}, 37.50000000000001, 0.2666666666666666), ({'shop': 'tesco', 'url': 'https://www.tesco.com/groceries/en-GB/products/297115462', 'product_name': 'Childs Farm Blackberry & Apple Body Wash 250Ml', 'product_price': '£ 4.00', 'product_additionals': '£1.60/100ml'}, 81.60000000000001, 0.196078431372549), ({'shop': 'tesco', 'url': 'https://www.tesco.com/groceries/en-GB/products/303483845', 'product_name': 'Childs Farm Hair & Body Wash 250Ml Watermelon Pineapple', 'product_price': '£ 4.00', 'product_additionals': '£1.60/100ml'}, 96.00000000000003, 0.16666666666666663), ({'shop': 'asda', 'url': 'https://groceries.asda.com/product/1000107088365', 'product_name': 'Childs Farm Hair & Body Wash Watermelon & Organic Pineapple', 'product_price': '£4.00', 'product_additionals': '(£1.60/100ml)'}, 102.4, 0.15625), ({'shop': 'asda', 'url': 'https://groceries.asda.com/product/1000244431728', 'product_name': 'Collection Gloss Me Up Lip Gloss Sh6 Red Apple', 'product_price': '£2.98', 'product_additionals': '(£2.98/10ml)'}, 1899.75, 0.1568627450980392), ({'shop': 'tesco', 'url': 'https://www.tesco.com/groceries/en-GB/products/288307410', 'product_name': 'Copella Apple & Elderflower Juice 900Ml', 'product_price': '£ 2.00', 'product_additionals': '£0.22/100ml'}, 9.68, 0.2272727272727273), ({'shop': 'tesco', 'url': 'https://www.tesco.com/groceries/en-GB/products/301443856', 'product_name': 'Copella Apple And Elderflower Juice 1.35L', 'product_price': '£ 3.00', 'product_additionals': '£0.22/100ml'}, 10.120000000000003, 0.21739130434782605), ({'shop': 'tesco', 'url': 'https://www.tesco.com/groceries/en-GB/products/288306532', 'product_name': 'Copella Apple Juice 900Ml', 'product_price': '£ 2.00', 'product_additionals': '£0.22/100ml'}, 6.600000000000002, 0.33333333333333326), ({'shop': 'asda', 'url': 'https://groceries.asda.com/product/910002345098', 'product_name': 'Don Simon My First Apple Juice', 'product_price': '£1.00', 'product_additionals': '(20.0p/100ml)'}, 875.0000000000001, 0.22857142857142854), ({'shop': 'tesco', 'url': 'https://www.tesco.com/groceries/en-GB/products/305949845', 'product_name': 'Don Simon My First Juice Apple 4X125ml', 'product_price': '£ 1.00', 'product_additionals': '£0.20/100ml'}, 10.75, 0.18604651162790697), ({'shop': 'tesco', 'url': 'https://www.tesco.com/groceries/en-GB/products/306650136', 'product_name': 'Don Simon Pineapple & Coconut Juice Drink 1.5Ltr', 'product_price': '£ 1.00', 'product_additionals': '£0.07/100ml'}, 3.7100000000000004, 0.18867924528301883), ({'shop': 'asda', 'url': 'https://groceries.asda.com/product/1000102496185', 'product_name': 'Dove Go Fresh Apple & White Tea Anti-Perspirant Deodorant Aerosol', 'product_price': '£1.68', 'product_additionals': '(67.2p/100ml)'}, 5879.999999999998, 0.11428571428571432), ({'shop': 'asda', 'url': 'https://groceries.asda.com/product/26035', 'product_name': 'Fruit Shoot Apple & Blackcurrant Kids Juice Drink', 'product_price': '£2.00', 'product_additionals': '(12.5p/100ml)'}, 843.75, 0.14814814814814814), ({'shop': 'tesco', 'url': 'https://www.tesco.com/groceries/en-GB/products/262460802', 'product_name': 'Fruit Shoot Apple & Blackcurrant No Added Sugar 24 X 200Ml', 'product_price': '£ 4.50', 'product_additionals': '£0.09/100ml'}, 7.0875, 0.12698412698412698), ({'shop': 'asda', 'url': 'https://groceries.asda.com/product/1527139', 'product_name': 'Fruit Shoot Apple Kids Juice Drink', 'product_price': '£2.00', 'product_additionals': '(12.5p/100ml)'}, 609.3750000000002, 0.20512820512820507), ({'shop': 'tesco', 'url': 'https://www.tesco.com/groceries/en-GB/products/292069443', 'product_name': 'Fruit Shoot Hydro Apple & Raspberry 8X200ml', 'product_price': '£ 2.00', 'product_additionals': '£0.12/100ml'}, 7.200000000000001, 0.16666666666666663), ({'shop': 'asda', 'url': 'https://groceries.asda.com/product/1000176228047', 'product_name': 'Fruit Shoot Hydro Apple & Raspberry Kids Water Drink', 'product_price': '£1.89', 'product_additionals': '(23.6p/100ml)'}, 1681.5, 0.14035087719298245), ({'shop': 'asda', 'url': 'https://groceries.asda.com/product/910002462757', 'product_name': 'Fruit Shoot Hydro Apple & Raspberry Kids Water Drink', 'product_price': '£2.00', 'product_additionals': '(12.5p/100ml)'}, 890.625, 0.14035087719298245), ({'shop': 'tesco', 'url': 'https://www.tesco.com/groceries/en-GB/products/305252586', 'product_name': 'Fruit Shoot Hydro Apple & Raspberry Spring Water 4X200ml', 'product_price': '£ 1.00', 'product_additionals': '£0.12/100ml'}, 9.149999999999997, 0.1311475409836066), ({'shop': 'asda', 'url': 'https://groceries.asda.com/product/910000771015', 'product_name': 'Fruit Shoot Hydro Orange & Pineapple Kids Water Drink', 'product_price': '£2.00', 'product_additionals': '(12.5p/100ml)'}, 725.0, 0.1724137931034483), ({'shop': 'tesco', 'url': 'https://www.tesco.com/groceries/en-GB/products/301870592', 'product_name': 'Fruit Shoot Juiced Apple & Pear 6 X 200 Ml', 'product_price': '£ 3.00', 'product_additionals': '£0.25/100ml'}, 14.687499999999998, 0.17021276595744683), ({'shop': 'asda', 'url': 'https://groceries.asda.com/product/1000027213953', 'product_name': 'Fruit Shoot Juiced Apple & Pear Kids Juice Drink', 'product_price': '£2.00', 'product_additionals': '(16.7p/100ml)'}, 1106.3750000000002, 0.15094339622641506), ({'shop': 'tesco', 'url': 'https://www.tesco.com/groceries/en-GB/products/272417736', 'product_name': 'Fruit Shoot No Added Sugar Apple & Blackcurrant 15X200ml', 'product_price': '£ 3.50', 'product_additionals': '£0.12/100ml'}, 7.320000000000001, 0.16393442622950816), ({'shop': 'tesco', 'url': 'https://www.tesco.com/groceries/en-GB/products/288178170', 'product_name': 'Gallo Spritz Pineapple & Passion Fruit 75Cl', 'product_price': '£ 4.25', 'product_additionals': '£4.25/75cl'}, 27.199999999999996, 0.20833333333333337), ({'shop': 'asda', 'url': 'https://groceries.asda.com/product/910002470255', 'product_name': 'Garnier Ultimate Blends Kids Apple & Kiwi Shampoo', 'product_price': '£1.50', 'product_additionals': '(60.0p/100ml)'}, 3240.0000000000014, 0.18518518518518512), ({'shop': 'asda', 'url': 'https://groceries.asda.com/product/1000110474126', 'product_name': 'Get More Vits Still Apple & Raspberry', 'product_price': '£1.00', 'product_additionals': '(10.0p/100ml)'}, 525.0, 0.19047619047619047), ({'shop': 'tesco', 'url': 'https://www.tesco.com/groceries/en-GB/products/301107472', 'product_name': 'Growers Harvest Apple Juice 3X200ml', 'product_price': '£ 0.40', 'product_additionals': '£0.07/100ml'}, 2.8, 0.25), ({'shop': 'tesco', 'url': 'https://www.tesco.com/groceries/en-GB/products/301219535', 'product_name': 'Growers Harvest Apple Juice Drink 1 Litre', 'product_price': '£ 0.55', 'product_additionals': '£0.06/100ml'}, 2.7600000000000002, 0.21739130434782605), ({'shop': 'tesco', 'url': 'https://www.tesco.com/groceries/en-GB/products/300473931', 'product_name': 'Growers Harvest Pure Apple Juice 1 Litre', 'product_price': '£ 0.69', 'product_additionals': '£0.07/100ml'}, 3.15, 0.2222222222222222), ({'shop': 'tesco', 'url': 'https://www.tesco.com/groceries/en-GB/products/301219495', 'product_name': 'Growers Harvest Pure Apple Juice 1 Litre', 'product_price': '£ 0.59', 'product_additionals': '£0.06/100ml'}, 2.7, 0.2222222222222222), ({'shop': 'tesco', 'url': 'https://www.tesco.com/groceries/en-GB/products/300474095', 'product_name': 'Growers Harvest Pure Apple Juice 2 Litre', 'product_price': '£ 1.35', 'product_additionals': '£0.07/100ml'}, 3.15, 0.2222222222222222), ({'shop': 'asda', 'url': 'https://groceries.asda.com/product/910001269784', 'product_name': 'Head & Shoulders Apple Fresh 2-in-1 Anti Dandruff Shampoo', 'product_price': '£4.75', 'product_additionals': '(£1.06/100ml)'}, 65.72000000000001, 0.16129032258064513), ({'shop': 'asda', 'url': 'https://groceries.asda.com/product/910000800928', 'product_name': 'Head & Shoulders Apple Fresh Anti Dandruff Shampoo', 'product_price': '£4.75', 'product_additionals': '(95.0p/100ml)'}, 5224.999999999998, 0.18181818181818188), ({'shop': 'asda', 'url': 'https://groceries.asda.com/product/910000800372', 'product_name': 'Head & Shoulders Apple Fresh Anti Dandruff Shampoo', 'product_price': '£3.00', 'product_additionals': '(£1.20/100ml)'}, 65.99999999999997, 0.18181818181818188), ({'shop': 'tesco', 'url': 'https://www.tesco.com/groceries/en-GB/products/303607038', 'product_name': 'Head & Shoulders Apple Fresh Conditioner 275Ml', 'product_price': '£ 5.00', 'product_additionals': '£1.82/100ml'}, 92.82000000000001, 0.196078431372549), ({'shop': 'tesco', 'url': 'https://www.tesco.com/groceries/en-GB/products/272892903', 'product_name': 'Head & Shoulders Apple Fresh Shampoo 500Ml', 'product_price': '£ 5.00', 'product_additionals': '£1.00/100ml'}, 47.00000000000001, 0.21276595744680848), ({'shop': 'tesco', 'url': 'https://www.tesco.com/groceries/en-GB/products/288988032', 'product_name': 'Heinz Apple & Blackcurrant Juice 500Ml', 'product_price': '£ 1.50', 'product_additionals': '£0.30/100ml'}, 16.125, 0.18604651162790697), ({'shop': 'tesco', 'url': 'https://www.tesco.com/groceries/en-GB/products/288178014', 'product_name': 'Innocent Apple & Berry Juice 1.35L', 'product_price': '£ 3.20', 'product_additionals': '£0.24/100ml'}, 11.700000000000003, 0.20512820512820507), ({'shop': 'tesco', 'url': 'https://www.tesco.com/groceries/en-GB/products/276683488', 'product_name': 'Innocent Apple And Mango Juice 1.35 Litre', 'product_price': '£ 3.20', 'product_additionals': '£0.24/100ml'}, 13.8, 0.17391304347826086), ({'shop': 'tesco', 'url': 'https://www.tesco.com/groceries/en-GB/products/272489114', 'product_name': 'Innocent Apple Juice 1.35L', 'product_price': '£ 3.20', 'product_additionals': '£0.24/100ml'}, 9.3, 0.25806451612903225), ({'shop': 'tesco', 'url': 'https://www.tesco.com/groceries/en-GB/products/268219251', 'product_name': 'Innocent Apple Juice 900Ml', 'product_price': '£ 2.49', 'product_additionals': '£0.28/100ml'}, 10.85, 0.25806451612903225), ({'shop': 'tesco', 'url': 'https://www.tesco.com/groceries/en-GB/products/291746450', 'product_name': 'Innocent Bubbles Lemon Lime & Apple 330Ml', 'product_price': '£ 1.45', 'product_additionals': '£0.44/100ml'}, 25.300000000000004, 0.17391304347826086), ({'shop': 'tesco', 'url': 'https://www.tesco.com/groceries/en-GB/products/305530240', 'product_name': 'Innocent Kids Apple Juice 4X150ml', 'product_price': '£ 3.00', 'product_additionals': '£0.50/100ml'}, 23.75, 0.21052631578947367), ({'shop': 'tesco', 'url': 'https://www.tesco.com/groceries/en-GB/products/305251351', 'product_name': 'Innocent Kids Orange Mango & Pineapple 10X150ml', 'product_price': '£ 5.99', 'product_additionals': '£0.40/100ml'}, 20.8, 0.1923076923076923), ({'shop': 'tesco', 'url': 'https://www.tesco.com/groceries/en-GB/products/305529830', 'product_name': 'Innocent Kids Orange Mango & Pineapple 4X150ml', 'product_price': '£ 3.00', 'product_additionals': '£0.50/100ml'}, 25.500000000000004, 0.196078431372549), ({'shop': 'tesco', 'url': 'https://www.tesco.com/groceries/en-GB/products/305524599', 'product_name': 'Innocent Kids Pineapple Apple & Carrot 4X150ml', 'product_price': '£ 3.00', 'product_additionals': '£0.50/100ml'}, 25.500000000000004, 0.196078431372549), ({'shop': 'tesco', 'url': 'https://www.tesco.com/groceries/en-GB/products/305524927', 'product_name': 'Innocent Kids Smoothies Apple & Blackcurrant 4X150ml', 'product_price': '£ 3.00', 'product_additionals': '£0.50/100ml'}, 35.625, 0.14035087719298245), ({'shop': 'tesco', 'url': 'https://www.tesco.com/groceries/en-GB/products/305522492', 'product_name': 'Innocent Kids Strawberry Apple & Beetroot 4X150ml', 'product_price': '£ 3.00', 'product_additionals': '£0.50/100ml'}, 27.00000000000001, 0.18518518518518512), ({'shop': 'tesco', 'url': 'https://www.tesco.com/groceries/en-GB/products/305251564', 'product_name': 'Innocent Kids Strawberry Raspberry & Apple 10X150ml', 'product_price': '£ 5.99', 'product_additionals': '£0.40/100ml'}, 22.399999999999995, 0.1785714285714286), ({'shop': 'tesco', 'url': 'https://www.tesco.com/groceries/en-GB/products/305249700', 'product_name': 'Innocent Kids Strawberry Raspberry & Apple 4X150ml', 'product_price': '£ 3.00', 'product_additionals': '£0.50/100ml'}, 27.49999999999999, 0.18181818181818188), ({'shop': 'asda', 'url': 'https://groceries.asda.com/product/1000197663906', 'product_name': "Innocent Kids' Apple & Blackcurrant Smoothies", 'product_price': '£2.00', 'product_additionals': '(33.3p/100ml)'}, 2081.2499999999995, 0.16000000000000003), ({'shop': 'asda', 'url': 'https://groceries.asda.com/product/1000197663912', 'product_name': "Innocent Kids' Cherry, Strawberry & Apple Smoothies", 'product_price': '£2.00', 'product_additionals': '(33.3p/100ml)'}, 1864.7999999999997, 0.1785714285714286), ({'shop': 'asda', 'url': 'https://groceries.asda.com/product/1000197663836', 'product_name': "Innocent Kids' Orange, Mangoe & Pineapple Smoothies", 'product_price': '£2.00', 'product_additionals': '(33.3p/100ml)'}, 1864.7999999999997, 0.1785714285714286), ({'shop': 'asda', 'url': 'https://groceries.asda.com/product/1000197663814', 'product_name': "Innocent Kids' Strawberry, Raspberry & Apple Smoothies", 'product_price': '£2.00', 'product_additionals': '(33.3p/100ml)'}, 1964.7, 0.1694915254237288), ({'shop': 'tesco', 'url': 'https://www.tesco.com/groceries/en-GB/products/298358149', 'product_name': 'J20 Apple & Mango 6X275ml', 'product_price': '£ 6.00', 'product_additionals': '£0.36/100ml'}, 13.500000000000004, 0.2666666666666666), ({'shop': 'tesco', 'url': 'https://www.tesco.com/groceries/en-GB/products/298358063', 'product_name': 'J20 Apple & Raspberry 275Ml X 6', 'product_price': '£ 6.00', 'product_additionals': '£0.36/100ml'}, 16.200000000000003, 0.2222222222222222), ({'shop': 'tesco', 'url': 'https://www.tesco.com/groceries/en-GB/products/275522226', 'product_name': 'J20 Apple & Raspberry Cans 6 X 250Ml', 'product_price': '£ 3.00', 'product_additionals': '£0.20/100ml'}, 10.250000000000002, 0.19512195121951215), ({'shop': 'tesco', 'url': 'https://www.tesco.com/groceries/en-GB/products/306951097', 'product_name': 'J20 Spritz Apple & Elderflower Juice Drink 6X275ml', 'product_price': '£ 6.00', 'product_additionals': '£0.36/100ml'}, 24.749999999999993, 0.1454545454545455), ({'shop': 'tesco', 'url': 'https://www.tesco.com/groceries/en-GB/products/305968309', 'product_name': 'J20 Spritz Apple & Watermelon 4X250ml', 'product_price': '£ 2.00', 'product_additionals': '£0.20/100ml'}, 10.5, 0.19047619047619047), ({'shop': 'asda', 'url': 'https://groceries.asda.com/product/1000194987914', 'product_name': 'J2O Apple & Elderflower Spritz 4 Pack', 'product_price': '£3.50', 'product_additionals': '(31.8p/100ml)'}, 1669.5, 0.19047619047619047), ({'shop': 'asda', 'url': 'https://groceries.asda.com/product/624072', 'product_name': 'J2O Apple & Mango Juice Drink', 'product_price': '£3.50', 'product_additionals': '(31.8p/100ml)'}, 1351.4999999999998, 0.23529411764705888), ({'shop': 'asda', 'url': 'https://groceries.asda.com/product/7507940', 'product_name': 'J2O Apple & Raspberry Juice Drink', 'product_price': '£3.50', 'product_additionals': '(31.8p/100ml)'}, 1510.5, 0.21052631578947367), ({'shop': 'asda', 'url': 'https://groceries.asda.com/product/1000027214032', 'product_name': 'J2O Spritz Apple & Watermelon Sparkling Juice Drink', 'product_price': '£3.50', 'product_additionals': '(31.8p/100ml)'}, 2226.000000000001, 0.1428571428571428), ({'shop': 'asda', 'url': 'https://groceries.asda.com/product/910001797400', 'product_name': 'J2O Spritz Apple & Watermelon Sparkling Juice Drink', 'product_price': '£1.00', 'product_additionals': '(13.3p/100ml)'}, 931.0000000000005, 0.1428571428571428), ({'shop': 'tesco', 'url': 'https://www.tesco.com/groceries/en-GB/products/299914158', 'product_name': 'J2o Spritz Apple Watermelon 6X275ml', 'product_price': '£ 6.00', 'product_additionals': '£0.36/100ml'}, 18.000000000000004, 0.19999999999999996), ({'shop': 'tesco', 'url': 'https://www.tesco.com/groceries/en-GB/products/267765676', 'product_name': 'Jammin Sparkling Pineapple Drink 2 Litres', 'product_price': '£ 0.90', 'product_additionals': '£0.04/100ml'}, 1.8400000000000003, 0.21739130434782605), ({'shop': 'tesco', 'url': 'https://www.tesco.com/groceries/en-GB/products/306942655', 'product_name': 'Juice Burst Apple Juice 1L', 'product_price': '£ 1.25', 'product_additionals': '£0.12/100ml'}, 4.65, 0.25806451612903225), ({'shop': 'tesco', 'url': 'https://www.tesco.com/groceries/en-GB/products/276003678', 'product_name': 'K.A. Sparkling Pineapple Drink 2 Litre', 'product_price': '£ 1.35', 'product_additionals': '£0.07/100ml'}, 3.0100000000000002, 0.2325581395348837), ({'shop': 'tesco', 'url': 'https://www.tesco.com/groceries/en-GB/products/275389752', 'product_name': 'K.A. Sparkling Pineapple Soda Can 330Ml', 'product_price': '£ 0.37', 'product_additionals': '£0.11/100ml'}, 4.84, 0.2272727272727273), ({'shop': 'asda', 'url': 'https://groceries.asda.com/product/910000905534', 'product_name': 'KA Sparkling Pineapple Flavour Drink', 'product_price': '£0.49', 'product_additionals': '(14.8p/100ml)'}, 606.8000000000001, 0.24390243902439024), ({'shop': 'asda', 'url': 'https://groceries.asda.com/product/910000934279', 'product_name': 'KA Sparkling Pineapple Juice Drink', 'product_price': '£1.25', 'product_additionals': '(6.2p/100ml)'}, 241.8, 0.2564102564102564), ({'shop': 'tesco', 'url': 'https://www.tesco.com/groceries/en-GB/products/300413139', 'product_name': 'Kubus Carrot Banana & Apple 100% Juice 900Ml', 'product_price': '£ 1.20', 'product_additionals': '£0.13/100ml'}, 6.37, 0.20408163265306123), ({'shop': 'tesco', 'url': 'https://www.tesco.com/groceries/en-GB/products/300413174', 'product_name': 'Kubus Carrot Raspberry & Apple 100% Juice 900Ml', 'product_price': '£ 1.20', 'product_additionals': '£0.13/100ml'}, 6.760000000000001, 0.1923076923076923), ({'shop': 'asda', 'url': 'https://groceries.asda.com/product/910000332961', 'product_name': 'Kubus Carrot, Apple & Raspberry Multifruit Juice Drink', 'product_price': '£1.10', 'product_additionals': '(12.2p/100ml)'}, 719.8000000000001, 0.1694915254237288), ({'shop': 'asda', 'url': 'https://groceries.asda.com/product/910000332521', 'product_name': 'Kubus Carrot, Banana, Apple Multifruit Juice Drink', 'product_price': '£1.10', 'product_additionals': '(12.2p/100ml)'}, 670.9999999999998, 0.18181818181818188), ({'shop': 'tesco', 'url': 'https://www.tesco.com/groceries/en-GB/products/305247063', 'product_name': 'Kubus Still Water Apple Flavoured Drink 1.5L', 'product_price': '£ 1.35', 'product_additionals': '£0.09/100ml'}, 4.41, 0.20408163265306123), ({'shop': 'asda', 'url': 'https://groceries.asda.com/product/18995', 'product_name': 'Lilt Pineapple & Grapefruit', 'product_price': '£1.00', 'product_additionals': '(5.0p/100ml)'}, 160.0, 0.3125), ({'shop': 'asda', 'url': 'https://groceries.asda.com/product/6391525', 'product_name': 'Lilt Zero Pineapple & Grapefruit', 'product_price': '£1.00', 'product_additionals': '(5.0p/100ml)'}, 185.0, 0.2702702702702703), ({'shop': 'tesco', 'url': 'https://www.tesco.com/groceries/en-GB/products/302012311', 'product_name': 'Lucozade Energy Apple Blast 1 Litre', 'product_price': '£ 0.99', 'product_additionals': '£0.10/100ml'}, 4.0, 0.25), ({'shop': 'tesco', 'url': 'https://www.tesco.com/groceries/en-GB/products/302012271', 'product_name': 'Lucozade Energy Apple Blast 500Ml', 'product_price': '£ 1.50', 'product_additionals': '£0.30/100ml'}, 11.400000000000004, 0.26315789473684204), ({'shop': 'tesco', 'url': 'https://www.tesco.com/groceries/en-GB/products/302012294', 'product_name': 'Lucozade Energy Apple Blast 6X380ml', 'product_price': '£ 3.00', 'product_additionals': '£0.13/100ml'}, 5.2, 0.25), ({'shop': 'asda', 'url': 'https://groceries.asda.com/product/1000121205579', 'product_name': 'Lucozade Energy Croft Apple', 'product_price': '£2.50', 'product_additionals': '(11.0p/100ml)'}, 352.0, 0.3125), ({'shop': 'tesco', 'url': 'https://www.tesco.com/groceries/en-GB/products/304416723', 'product_name': 'Lucozade Sport Apple Vs Raspberry Fruit Punch 500Ml', 'product_price': '£ 1.45', 'product_additionals': '£0.29/100ml'}, 16.239999999999995, 0.1785714285714286), ({'shop': 'tesco', 'url': 'https://www.tesco.com/groceries/en-GB/products/300113039', 'product_name': 'Naked Green Machine Apple Banana Smoothie 360Ml', 'product_price': '£ 2.36', 'product_additionals': '£0.66/100ml'}, 34.32, 0.1923076923076923), ({'shop': 'tesco', 'url': 'https://www.tesco.com/groceries/en-GB/products/305042731', 'product_name': 'Nestle Pure Life Mango Pineapple Sparkling Water 1L', 'product_price': '£ 0.50', 'product_additionals': '£0.05/100ml'}, 2.7999999999999994, 0.1785714285714286), ({'shop': 'asda', 'url': 'https://groceries.asda.com/product/910000882894', 'product_name': 'Old Jamaica Pineapple Soda', 'product_price': '£0.39', 'product_additionals': '(11.8p/100ml)'}, 365.80000000000007, 0.32258064516129026), ({'shop': 'tesco', 'url': 'https://www.tesco.com/groceries/en-GB/products/274769638', 'product_name': 'Old Jamaica Sparkling Pineapple Soda Drink 330Ml', 'product_price': '£ 0.37', 'product_additionals': '£0.11/100ml'}, 5.830000000000002, 0.18867924528301883), ({'shop': 'tesco', 'url': 'https://www.tesco.com/groceries/en-GB/products/303191793', 'product_name': 'Old Mout Cider Pineapple & Raspberry 500Ml Bottle', 'product_price': '£ 2.20', 'product_additionals': '£0.44/100ml'}, 23.76000000000001, 0.18518518518518512), ({'shop': 'tesco', 'url': 'https://www.tesco.com/groceries/en-GB/products/306804065', 'product_name': 'Osu Apple Cider Vinegar Blueberry & Pomegranate Juice 500Ml', 'product_price': '£ 7.00', 'product_additionals': '£1.40/100ml'}, 112.0, 0.125), ({'shop': 'tesco', 'url': 'https://www.tesco.com/groceries/en-GB/products/306814099', 'product_name': 'Osu Apple Cider Vinegar With Mother Lemon & Ginger 500Ml', 'product_price': '£ 7.00', 'product_additionals': '£1.40/100ml'}, 106.74999999999997, 0.1311475409836066), ({'shop': 'tesco', 'url': 'https://www.tesco.com/groceries/en-GB/products/307151276', 'product_name': 'Remedy Kombucha Apple Crisp Drink 4X330ml', 'product_price': '£ 5.00', 'product_additionals': '£0.38/100ml'}, 17.48, 0.21739130434782605), ({'shop': 'tesco', 'url': 'https://www.tesco.com/groceries/en-GB/products/296447773', 'product_name': "Robinson's Refreshd Raspberry Apple 500Ml", 'product_price': '£ 1.25', 'product_additionals': '£0.25/100ml'}, 11.500000000000002, 0.21739130434782605), ({'shop': 'tesco', 'url': 'https://www.tesco.com/groceries/en-GB/products/294422949', 'product_name': 'Robinsons Apple & Blackcurrant No Added Sugar Squash 2L', 'product_price': '£ 2.00', 'product_additionals': '£0.10/100ml'}, 7.500000000000002, 0.1333333333333333), ({'shop': 'asda', 'url': 'https://groceries.asda.com/product/35187', 'product_name': 'Robinsons Apple & Blackcurrant Squash No Added Sugar', 'product_price': '£1.25', 'product_additionals': '(12.5p/100ml)'}, 890.625, 0.14035087719298245), ({'shop': 'tesco', 'url': 'https://www.tesco.com/groceries/en-GB/products/254854677', 'product_name': 'Robinsons Apple Blackcurrant No Added Sugar 1L', 'product_price': '£ 1.50', 'product_additionals': '£0.15/100ml'}, 9.5625, 0.1568627450980392), ({'shop': 'tesco', 'url': 'https://www.tesco.com/groceries/en-GB/products/298025745', 'product_name': 'Robinsons Creations Mango Pineapple Drink 1L', 'product_price': '£ 2.00', 'product_additionals': '£0.20/100ml'}, 9.799999999999999, 0.20408163265306123), ({'shop': 'asda', 'url': 'https://groceries.asda.com/product/910000399487', 'product_name': 'Robinsons Double Concentrate Apple & Blackcurrant Squash No Added Sugar', 'product_price': '£1.75', 'product_additionals': '(10.0p/100ml)'}, 760.0000000000002, 0.13157894736842102), ({'shop': 'tesco', 'url': 'https://www.tesco.com/groceries/en-GB/products/268345446', 'product_name': 'Robinsons Double Concentrate Blackcurrant & Apple No Added Sugar 1.75L', 'product_price': '£ 3.00', 'product_additionals': '£0.17/100ml'}, 12.750000000000002, 0.1333333333333333), ({'shop': 'tesco', 'url': 'https://www.tesco.com/groceries/en-GB/products/260074243', 'product_name': 'Robinsons Fruit & Barley Apple & Pear 1L', 'product_price': '£ 1.65', 'product_additionals': '£0.16/100ml'}, 7.200000000000001, 0.2222222222222222), ({'shop': 'asda', 'url': 'https://groceries.asda.com/product/18448182', 'product_name': 'Robinsons Fruit & Barley Apple & Pear Squash No Added Sugar', 'product_price': '£1.25', 'product_additionals': '(12.5p/100ml)'}, 800.0, 0.15625), ({'shop': 'tesco', 'url': 'https://www.tesco.com/groceries/en-GB/products/256682600', 'product_name': 'Robinsons Fruit Apple & Blackcurrant No Added Sugar 8X200ml', 'product_price': '£ 2.00', 'product_additionals': '£0.12/100ml'}, 9.6, 0.125), ({'shop': 'asda', 'url': 'https://groceries.asda.com/product/1000000582420', 'product_name': 'Robinsons Fruit Creations Exotic Pineapple Mango & Passion Fruit Squash', 'product_price': '£2.00', 'product_additionals': '(20.0p/100ml)'}, 1520.0000000000005, 0.13157894736842102), ({'shop': 'asda', 'url': 'https://groceries.asda.com/product/1000146865753', 'product_name': 'Robinsons Fruit Shoot Apple & Blackcurrant Bottles', 'product_price': '£3.50', 'product_additionals': '(11.7p/100ml)'}, 804.3749999999998, 0.1454545454545455), ({'shop': 'tesco', 'url': 'https://www.tesco.com/groceries/en-GB/products/256691606', 'product_name': 'Robinsons Fruit Shoot Apple No Added Sugar 8X200ml', 'product_price': '£ 2.00', 'product_additionals': '£0.12/100ml'}, 8.249999999999996, 0.1454545454545455), ({'shop': 'tesco', 'url': 'https://www.tesco.com/groceries/en-GB/products/256660315', 'product_name': 'Robinsons Fruit Shoots Blackcurrant & Apple No Added Sugar 4X200ml', 'product_price': '£ 1.00', 'product_additionals': '£0.12/100ml'}, 8.519999999999998, 0.14084507042253525), ({'shop': 'tesco', 'url': 'https://www.tesco.com/groceries/en-GB/products/272691801', 'product_name': 'Robinsons Hydro Orange & Pineapple 8X200ml', 'product_price': '£ 2.00', 'product_additionals': '£0.12/100ml'}, 5.640000000000001, 0.21276595744680848), ({'shop': 'asda', 'url': 'https://groceries.asda.com/product/19049', 'product_name': 'Robinsons No Added Sugar Orange & Pineapple Squash', 'product_price': '£1.00', 'product_additionals': '(10.0p/100ml)'}, 549.9999999999998, 0.18181818181818188), ({'shop': 'tesco', 'url': 'https://www.tesco.com/groceries/en-GB/products/268345043', 'product_name': 'Robinsons Orange & Pineapple Concentrate Double No Added Sugar 1.75L', 'product_price': '£ 3.00', 'product_additionals': '£0.17/100ml'}, 12.41, 0.136986301369863), ({'shop': 'tesco', 'url': 'https://www.tesco.com/groceries/en-GB/products/255599833', 'product_name': 'Robinsons Orange Pineapple No Added Sugar 1L', 'product_price': '£ 1.50', 'product_additionals': '£0.15/100ml'}, 7.35, 0.20408163265306123), ({'shop': 'tesco', 'url': 'https://www.tesco.com/groceries/en-GB/products/282138037', 'product_name': "Robinsons Squash'd 66Ml Apple & Blackcurrant", 'product_price': '£ 2.00', 'product_additionals': '£3.04/100ml'}, 148.95999999999998, 0.20408163265306123), ({'shop': 'asda', 'url': 'https://groceries.asda.com/product/910001291026', 'product_name': "Robinsons Squash'd Apple & Blackcurrant On-The-Go Squash", 'product_price': '£1.50', 'product_additionals': '(£2.27/100ml)'}, 138.47000000000003, 0.16393442622950816), ({'shop': 'tesco', 'url': 'https://www.tesco.com/groceries/en-GB/products/305042760', 'product_name': 'Rockstar Power Apple 500Ml', 'product_price': '£ 1.29', 'product_additionals': '£0.26/100ml'}, 8.060000000000002, 0.32258064516129026), ({'shop': 'asda', 'url': 'https://groceries.asda.com/product/1000222808988', 'product_name': 'Sally Hansen Insta-Dri Nail Polish Asap Apple', 'product_price': '£4.95', 'product_additionals': '(£5.50/10ml)'}, 2750.0000000000005, 0.19999999999999996), ({'shop': 'tesco', 'url': 'https://www.tesco.com/groceries/en-GB/products/259808535', 'product_name': 'Shloer White Grape And Apple Juice Drink 750Ml', 'product_price': '£ 2.20', 'product_additionals': '£0.29/100ml'}, 14.790000000000003, 0.196078431372549), ({'shop': 'tesco', 'url': 'https://www.tesco.com/groceries/en-GB/products/279842814', 'product_name': 'Sis. Go Isotonic Gel Apple 60Ml', 'product_price': '£ 6.00', 'product_additionals': '£10.00/100ml'}, 450.0, 0.2222222222222222), ({'shop': 'asda', 'url': 'https://groceries.asda.com/product/910003192237', 'product_name': 'Snapple Blushing Apple Juice Drink', 'product_price': '£1.50', 'product_additionals': '(31.7p/100ml)'}, 1236.3000000000002, 0.2564102564102564), ({'shop': 'asda', 'url': 'https://groceries.asda.com/product/910003007348', 'product_name': 'Snapple Fruit Punch Juice Drink', 'product_price': '£1.50', 'product_additionals': '(31.7p/100ml)'}, 1141.2, 0.2777777777777778), ({'shop': 'asda', 'url': 'https://groceries.asda.com/product/910003007161', 'product_name': 'Snapple Pink Lemonade Still Juice Drink', 'product_price': '£1.50', 'product_additionals': '(31.7p/100ml)'}, 1394.8, 0.2272727272727273), ({'shop': 'tesco', 'url': 'https://www.tesco.com/groceries/en-GB/products/292561044', 'product_name': 'Snapple Pink Lemonade Still Juice Drink 473Ml', 'product_price': '£ 1.50', 'product_additionals': '£0.32/100ml'}, 16.000000000000004, 0.19999999999999996), ({'shop': 'tesco', 'url': 'https://www.tesco.com/groceries/en-GB/products/301107437', 'product_name': 'Stockwell & Co Apple & Blackcurrant No Added Sugar Squash 750Ml', 'product_price': '£ 0.40', 'product_additionals': '£0.05/100ml'}, 4.249999999999999, 0.11764705882352944), ({'shop': 'tesco', 'url': 'https://www.tesco.com/groceries/en-GB/products/256607708', 'product_name': 'Sun Exotic Pineapple & Coconut Juice Drink 1Ltr', 'product_price': '£ 1.50', 'product_additionals': '£0.15/100ml'}, 7.800000000000001, 0.1923076923076923), ({'shop': 'asda', 'url': 'https://groceries.asda.com/product/1000038368834', 'product_name': 'Sun Exotic Pineapple & Coconut Still Drink', 'product_price': '£1.00', 'product_additionals': '(10.0p/100ml)'}, 470.00000000000006, 0.21276595744680848), ({'shop': 'tesco', 'url': 'https://www.tesco.com/groceries/en-GB/products/307132299', 'product_name': 'Sunkist No Added Sugar Apple & Blackcurrant Squash 1 Litre', 'product_price': '£ 1.00', 'product_additionals': '£0.10/100ml'}, 6.300000000000001, 0.15873015873015872), ({'shop': 'asda', 'url': 'https://groceries.asda.com/product/1000143100235', 'product_name': 'Swizzels 5 Pack Push-UP! Blackcurrant Cherry & Apple Strawberry', 'product_price': '£1.24', 'product_additionals': '(44.3p/100ml)'}, 3012.399999999999, 0.1470588235294118), ({'shop': 'tesco', 'url': 'https://www.tesco.com/groceries/en-GB/products/276956212', 'product_name': 'T.100% Pure Pressed Pineapple Juicenfc 1 Litre', 'product_price': '£ 1.25', 'product_additionals': '£0.12/100ml'}, 6.120000000000001, 0.196078431372549), ({'shop': 'tesco', 'url': 'https://www.tesco.com/groceries/en-GB/products/278994762', 'product_name': 'Tesco 100% Pure Pressed Apple & Raspberry Juice 1L', 'product_price': '£ 1.25', 'product_additionals': '£0.12/100ml'}, 8.249999999999996, 0.1454545454545455), ({'shop': 'tesco', 'url': 'https://www.tesco.com/groceries/en-GB/products/252905391', 'product_name': 'Tesco Apple & Blackcurrant Juice Drink No Added Sugar 3X250ml', 'product_price': '£ 0.70', 'product_additionals': '£0.09/100ml'}, 7.425, 0.12121212121212122), ({'shop': 'tesco', 'url': 'https://www.tesco.com/groceries/en-GB/products/288178256', 'product_name': 'Tesco Apple & Elderflower Not From Concentrated Juice 1L', 'product_price': '£ 1.25', 'product_additionals': '£0.12/100ml'}, 9.149999999999997, 0.1311475409836066), ({'shop': 'tesco', 'url': 'https://www.tesco.com/groceries/en-GB/products/284738142', 'product_name': 'Tesco Apple & Elderflower Sparkling Water 1 Litre', 'product_price': '£ 0.45', 'product_additionals': '£0.04/100ml'}, 2.7, 0.14814814814814814), ({'shop': 'tesco', 'url': 'https://www.tesco.com/groceries/en-GB/products/280823531', 'product_name': 'Tesco Apple & Mango High Juice 1Ltr', 'product_price': '£ 1.35', 'product_additionals': '£0.14/100ml'}, 7.000000000000001, 0.19999999999999996), ({'shop': 'tesco', 'url': 'https://www.tesco.com/groceries/en-GB/products/276956454', 'product_name': 'Tesco Apple & Mango Juice Not From Concentrate 1 Litre', 'product_price': '£ 1.25', 'product_additionals': '£0.12/100ml'}, 8.850000000000001, 0.13559322033898302), ({'shop': 'tesco', 'url': 'https://www.tesco.com/groceries/en-GB/products/292718079', 'product_name': 'Tesco Apple & Raspberry No Added Sugar Sparkling Water 4X500ml', 'product_price': '£ 1.29', 'product_additionals': '£0.06/100ml'}, 5.0249999999999995, 0.11940298507462688), ({'shop': 'tesco', 'url': 'https://www.tesco.com/groceries/en-GB/products/289510599', 'product_name': 'Tesco Apple And Mango From Concentrate 1 Litre', 'product_price': '£ 0.90', 'product_additionals': '£0.09/100ml'}, 5.7375, 0.1568627450980392), ({'shop': 'tesco', 'url': 'https://www.tesco.com/groceries/en-GB/products/301269439', 'product_name': 'Tesco Apple Anti-Dandruff Shampoo 300Ml', 'product_price': '£ 1.00', 'product_additionals': '£0.33/100ml'}, 18.14999999999999, 0.18181818181818188), ({'shop': 'tesco', 'url': 'https://www.tesco.com/groceries/en-GB/products/263450571', 'product_name': 'Tesco Apple Mango Passion Fruit & Peach Juice Not From Concentrate 1L', 'product_price': '£ 1.25', 'product_additionals': '£0.12/100ml'}, 11.1, 0.10810810810810811), ({'shop': 'tesco', 'url': 'https://www.tesco.com/groceries/en-GB/products/306801166', 'product_name': 'Tesco Apple, Lemon & Ginger Juice 1L', 'product_price': '£ 1.25', 'product_additionals': '£0.12/100ml'}, 6.150000000000001, 0.19512195121951215), ({'shop': 'tesco', 'url': 'https://www.tesco.com/groceries/en-GB/products/256045013', 'product_name': 'Tesco Apple/Blackcurrant Juice (No Added Sugar) Drink 12X250ml', 'product_price': '£ 2.75', 'product_additionals': '£0.09/100ml'}, 7.5375, 0.11940298507462688), ({'shop': 'tesco', 'url': 'https://www.tesco.com/groceries/en-GB/products/263588172', 'product_name': 'Tesco Double Concentrate Apple & Blackcurrant No Added Sugar Squash 1.5L', 'product_price': '£ 1.00', 'product_additionals': '£0.07/100ml'}, 5.389999999999998, 0.1298701298701299), ({'shop': 'tesco', 'url': 'https://www.tesco.com/groceries/en-GB/products/263588926', 'product_name': 'Tesco Double Concentrate Apple & Strawberry Squash N/As 1.5L', 'product_price': '£ 1.00', 'product_additionals': '£0.07/100ml'}, 4.55, 0.15384615384615385), ({'shop': 'tesco', 'url': 'https://www.tesco.com/groceries/en-GB/products/263588362', 'product_name': 'Tesco Double Concentrate Lemon Orange & Pineapple No Added Sugar Squash 1.5L', 'product_price': '£ 1.00', 'product_additionals': '£0.07/100ml'}, 5.67, 0.12345679012345678), ({'shop': 'tesco', 'url': 'https://www.tesco.com/groceries/en-GB/products/263588621', 'product_name': 'Tesco Double Strength Apple Squash No Added Sugar 1.5L', 'product_price': '£ 1.00', 'product_additionals': '£0.07/100ml'}, 5.1625000000000005, 0.13559322033898302), ({'shop': 'tesco', 'url': 'https://www.tesco.com/groceries/en-GB/products/301281338', 'product_name': 'Tesco Extracts Apple Shampoo 500Ml', 'product_price': '£ 0.80', 'product_additionals': '£0.16/100ml'}, 6.240000000000001, 0.2564102564102564), ({'shop': 'tesco', 'url': 'https://www.tesco.com/groceries/en-GB/products/280520935', 'product_name': "Tesco Finest Cox's Apple & Elder Presse 750Ml", 'product_price': '£ 2.00', 'product_additionals': '£0.27/100ml'}, 16.874999999999996, 0.16000000000000003), ({'shop': 'tesco', 'url': 'https://www.tesco.com/groceries/en-GB/products/306658669', 'product_name': 'Tesco Finest Pnk/Ldy 2 Pack Apple Juice & Lemonade 750Ml', 'product_price': '£ 5.00', 'product_additionals': '£0.33/100ml'}, 20.130000000000003, 0.16393442622950816), ({'shop': 'tesco', 'url': 'https://www.tesco.com/groceries/en-GB/products/306651439', 'product_name': 'Tesco Finest Pressed Pink Lady Apple Juice 1L', 'product_price': '£ 2.50', 'product_additionals': '£0.25/100ml'}, 12.500000000000004, 0.19999999999999996), ({'shop': 'tesco', 'url': 'https://www.tesco.com/groceries/en-GB/products/257819433', 'product_name': 'Tesco Fruit Splash Apple Juice Drink No Added Sugar 3X250ml', 'product_price': '£ 0.70', 'product_additionals': '£0.09/100ml'}, 5.76, 0.15625), ({'shop': 'tesco', 'url': 'https://www.tesco.com/groceries/en-GB/products/301218916', 'product_name': 'Tesco High Juice Apple & Elderflower 1L', 'product_price': '£ 1.35', 'product_additionals': '£0.14/100ml'}, 7.699999999999997, 0.18181818181818188), ({'shop': 'tesco', 'url': 'https://www.tesco.com/groceries/en-GB/products/255185891', 'product_name': 'Tesco High Juice Apple Squash 1L', 'product_price': '£ 1.35', 'product_additionals': '£0.14/100ml'}, 6.475, 0.21621621621621623), ({'shop': 'tesco', 'url': 'https://www.tesco.com/groceries/en-GB/products/301219472', 'product_name': 'Tesco Juice Drink Apple & Raspberry 1 Litre', 'product_price': '£ 0.90', 'product_additionals': '£0.09/100ml'}, 5.400000000000001, 0.16666666666666663), ({'shop': 'tesco', 'url': 'https://www.tesco.com/groceries/en-GB/products/276116625', 'product_name': 'Tesco Kids Apple & Melon 2 In 1 Shampoo 250Ml', 'product_price': '£ 1.00', 'product_additionals': '£0.40/100ml'}, 24.999999999999996, 0.16000000000000003), ({'shop': 'tesco', 'url': 'https://www.tesco.com/groceries/en-GB/products/250398900', 'product_name': 'Tesco Organic Apple Juice 3X200ml', 'product_price': '£ 1.10', 'product_additionals': '£0.18/100ml'}, 6.840000000000002, 0.26315789473684204), ({'shop': 'tesco', 'url': 'https://www.tesco.com/groceries/en-GB/products/259336315', 'product_name': 'Tesco Pineapple Juice 1 Litre', 'product_price': '£ 0.90', 'product_additionals': '£0.09/100ml'}, 3.0599999999999996, 0.2941176470588236), ({'shop': 'tesco', 'url': 'https://www.tesco.com/groceries/en-GB/products/258298194', 'product_name': 'Tesco Pineapple Juice 3X200ml', 'product_price': '£ 0.80', 'product_additionals': '£0.13/100ml'}, 4.419999999999999, 0.2941176470588236), ({'shop': 'tesco', 'url': 'https://www.tesco.com/groceries/en-GB/products/276956270', 'product_name': 'Tesco Pressed Apple Juice Not From Concentrate 1 Litre', 'product_price': '£ 1.25', 'product_additionals': '£0.12/100ml'}, 8.850000000000001, 0.13559322033898302), ({'shop': 'tesco', 'url': 'https://www.tesco.com/groceries/en-GB/products/254859580', 'product_name': 'Tesco Pure Apple Juice 1 Litre', 'product_price': '£ 0.90', 'product_additionals': '£0.09/100ml'}, 3.937500000000001, 0.22857142857142854), ({'shop': 'tesco', 'url': 'https://www.tesco.com/groceries/en-GB/products/254858137', 'product_name': 'Tesco Pure Apple Juice 3X200ml', 'product_price': '£ 0.80', 'product_additionals': '£0.13/100ml'}, 5.687500000000001, 0.22857142857142854), ({'shop': 'tesco', 'url': 'https://www.tesco.com/groceries/en-GB/products/254859608', 'product_name': 'Tesco Pure Apple Juice 4 X 1 Litre', 'product_price': '£ 3.30', 'product_additionals': '£0.08/100ml'}, 3.9000000000000012, 0.20512820512820507), ({'shop': 'tesco', 'url': 'https://www.tesco.com/groceries/en-GB/products/287258739', 'product_name': 'Tesco Pure Apple Juice 5X150ml', 'product_price': '£ 1.00', 'product_additionals': '£0.13/100ml'}, 5.687500000000001, 0.22857142857142854), ({'shop': 'tesco', 'url': 'https://www.tesco.com/groceries/en-GB/products/252895619', 'product_name': 'Tesco Sparkling Water Apple & Raspberry 1L', 'product_price': '£ 0.45', 'product_additionals': '£0.04/100ml'}, 1.8800000000000003, 0.21276595744680848), ({'shop': 'tesco', 'url': 'https://www.tesco.com/groceries/en-GB/products/274209778', 'product_name': 'Tesco Still Water Apple & Raspberry No Added Sugar 4 X 300Ml', 'product_price': '£ 1.20', 'product_additionals': '£0.10/100ml'}, 6.5, 0.15384615384615385), ({'shop': 'tesco', 'url': 'https://www.tesco.com/groceries/en-GB/products/274209830', 'product_name': 'Tesco Still Water Orange & Pineapple Flavoured 4 X 300Ml', 'product_price': '£ 1.20', 'product_additionals': '£0.10/100ml'}, 6.100000000000001, 0.16393442622950816), ({'shop': 'tesco', 'url': 'https://www.tesco.com/groceries/en-GB/products/285098159', 'product_name': 'Tesco Tesco Apple & Mango Juice Fc 3 X 200Ml', 'product_price': '£ 0.80', 'product_additionals': '£0.13/100ml'}, 7.962500000000002, 0.16326530612244894), ({'shop': 'tesco', 'url': 'https://www.tesco.com/groceries/en-GB/products/296050585', 'product_name': 'Tropicana Apple Juice 950Ml', 'product_price': '£ 2.48', 'product_additionals': '£0.26/100ml'}, 8.32, 0.3125), ({'shop': 'tesco', 'url': 'https://www.tesco.com/groceries/en-GB/products/305969084', 'product_name': 'Tropicana Lean Strawberry Raspberry & Apple Juice 900Ml', 'product_price': '£ 2.75', 'product_additionals': '£0.31/100ml'}, 18.600000000000005, 0.16666666666666663), ({'shop': 'tesco', 'url': 'https://www.tesco.com/groceries/en-GB/products/287294534', 'product_name': 'Tropicana Pineapple Juice 850Ml', 'product_price': '£ 2.48', 'product_additionals': '£0.29/100ml'}, 10.44, 0.2777777777777778), ({'shop': 'tesco', 'url': 'https://www.tesco.com/groceries/en-GB/products/305838078', 'product_name': 'Tropicana Pressed Apple Juice 1.4L', 'product_price': '£ 3.30', 'product_additionals': '£0.24/100ml'}, 9.360000000000001, 0.2564102564102564), ({'shop': 'tesco', 'url': 'https://www.tesco.com/groceries/en-GB/products/265845700', 'product_name': 'Tymbark Apple & Cherry Drink 250Ml', 'product_price': '£ 0.45', 'product_additionals': '£0.18/100ml'}, 7.0200000000000005, 0.2564102564102564), ({'shop': 'tesco', 'url': 'https://www.tesco.com/groceries/en-GB/products/263201953', 'product_name': 'Tymbark Apple & Mint Drink 250Ml', 'product_price': '£ 0.45', 'product_additionals': '£0.18/100ml'}, 6.66, 0.2702702702702703), ({'shop': 'tesco', 'url': 'https://www.tesco.com/groceries/en-GB/products/260861469', 'product_name': 'Tymbark Apple & Mint Nectar Drink 2L', 'product_price': '£ 1.55', 'product_additionals': '£0.08/100ml'}, 3.2800000000000002, 0.24390243902439024), ({'shop': 'tesco', 'url': 'https://www.tesco.com/groceries/en-GB/products/300112737', 'product_name': 'Tymbark Apple Watermelon Drink 2 Litre', 'product_price': '£ 1.50', 'product_additionals': '£0.08/100ml'}, 3.440000000000001, 0.2325581395348837), ({'shop': 'tesco', 'url': 'https://www.tesco.com/groceries/en-GB/products/260861515', 'product_name': 'Tymbark Cherry & Apple Nectar Drink 2L', 'product_price': '£ 1.55', 'product_additionals': '£0.08/100ml'}, 3.440000000000001, 0.2325581395348837), ({'shop': 'asda', 'url': 'https://groceries.asda.com/product/39185498', 'product_name': 'Tymbark Cherry Apple Drink', 'product_price': '£1.80', 'product_additionals': '(9.0p/100ml)'}, 279.00000000000006, 0.32258064516129026), ({'shop': 'asda', 'url': 'https://groceries.asda.com/product/1000063438285', 'product_name': 'Tymbark Mango, Apple, Orange Multifruit Drink', 'product_price': '£1.00', 'product_additionals': '(10.0p/100ml)'}, 500.0000000000001, 0.19999999999999996), ({'shop': 'tesco', 'url': 'https://www.tesco.com/groceries/en-GB/products/296688412', 'product_name': 'Volvic Apple And Elderflower Water S/Free1.5L', 'product_price': '£ 0.79', 'product_additionals': '£0.05/100ml'}, 3.1249999999999996, 0.16000000000000003), ({'shop': 'asda', 'url': 'https://groceries.asda.com/product/1000191362456', 'product_name': 'Volvic Touch of Fruit Limited Edition Apple & Blackcurrant Natural Flavoured Sugar Free Water', 'product_price': '£0.85', 'product_additionals': '(5.7p/100ml)'}, 698.2500000000002, 0.08163265306122447), ({'shop': 'asda', 'url': 'https://groceries.asda.com/product/910003028586', 'product_name': 'Volvic Touch of Fruit Sugar Free Apple & Elderflower Flavoured Water', 'product_price': '£0.85', 'product_additionals': '(5.7p/100ml)'}, 416.1, 0.136986301369863), ({'shop': 'asda', 'url': 'https://groceries.asda.com/product/910000770853', 'product_name': "Welch's Grape Boost White Grape Pear & Apple Juice Drink", 'product_price': '£1.00', 'product_additionals': '(10.0p/100ml)'}, 610.0000000000001, 0.16393442622950816), ({'shop': 'tesco', 'url': 'https://www.tesco.com/groceries/en-GB/products/257850112', 'product_name': "Welch's White Grape Pear & Apple Juice Drink 1L", 'product_price': '£ 1.30', 'product_additionals': '£0.13/100ml'}, 6.760000000000001, 0.1923076923076923)])

final
[{'shop': 'tesco', 'url': 'https://www.tesco.com/groceries/en-GB/products/270887734', 'product_name': 'Tesco Antibacterial Multi Surface Wipes Apple 40 Pack', 'product_price': '£ 1.00', 'product_additionals': '£0.02/each'}, {'shop': 'tesco', 'url': 'https://www.tesco.com/groceries/en-GB/products/307812007', 'product_name': 'Tesco 27Pk Scented Tealights Mango & Pineapple', 'product_price': '£ 1.75', 'product_additionals': '£0.06/each'}, {'shop': 'tesco', 'url': 'https://www.tesco.com/groceries/en-GB/products/270887556', 'product_name': 'Tesco Antibacterial Floor Wipes Apple 15Pack', 'product_price': '£ 1.00', 'product_additionals': '£0.07/each'}, {'shop': 'tesco', 'url': 'https://www.tesco.com/groceries/en-GB/products/305734834', 'product_name': "Mcvitie's Jaffa Cakes Pineapple Flavour 10 Pack", 'product_price': '£ 0.75', 'product_additionals': '£0.08/each'}, {'shop': 'tesco', 'url': 'https://www.tesco.com/groceries/en-GB/products/292249576', 'product_name': 'Rosedene Farms Small Apple 6 Pack', 'product_price': '£ 0.79', 'product_additionals': '£0.13/each'}, {'shop': 'tesco', 'url': 'https://www.tesco.com/groceries/en-GB/products/305831903', 'product_name': 'Rosedene Farms Gala Apples 6 Pack', 'product_price': '£ 0.93', 'product_additionals': '£0.16/each'}, {'shop': 'tesco', 'url': 'https://www.tesco.com/groceries/en-GB/products/257313927', 'product_name': 'Tesco Bramley Apple Pies 6 Pack', 'product_price': '£ 1.00', 'product_additionals': '£0.17/each'}, {'shop': 'tesco', 'url': 'https://www.tesco.com/groceries/en-GB/products/305832741', 'product_name': 'Rosedene Farms Braeburn Apples 6 Pack', 'product_price': '£ 0.93', 'product_additionals': '£0.16/each'}, {'shop': 'tesco', 'url': 'https://www.tesco.com/groceries/en-GB/products/284477628', 'product_name': 'Tesco Jazz Apple', 'product_price': '£ 2.40', 'product_additionals': '£0.40/each'}, {'shop': 'tesco', 'url': 'https://www.tesco.com/groceries/en-GB/products/284475550', 'product_name': 'Tesco Gala Apple Minimum 5 Pack', 'product_price': '£ 1.60', 'product_additionals': '£0.27/each'}, {'shop': 'tesco', 'url': 'https://www.tesco.com/groceries/en-GB/products/256385065', 'product_name': 'Chewits Xtreme Sour Apple Stick 31G', 'product_price': '£ 0.20', 'product_additionals': '£0.20/each'}, {'shop': 'tesco', 'url': 'https://www.tesco.com/groceries/en-GB/products/284475832', 'product_name': 'Tesco Granny Smith Apple Minimum 5 Pack', 'product_price': '£ 1.60', 'product_additionals': '£0.27/each'}, {'shop': 'tesco', 'url': 'https://www.tesco.com/groceries/en-GB/products/254948273', 'product_name': 'Mr Kipling Bramley Apple Pies 6 Pack', 'product_price': '£ 1.80', 'product_additionals': '£0.30/each'}, {'shop': 'tesco', 'url': 'https://www.tesco.com/groceries/en-GB/products/284475671', 'product_name': 'Tesco Braeburn Apple Minimum 5 Pack', 'product_price': '£ 1.60', 'product_additionals': '£0.32/each'}, {'shop': 'tesco', 'url': 'https://www.tesco.com/groceries/en-GB/products/284477058', 'product_name': 'Tesco British Apple Minimum 5 Pack', 'product_price': '£ 1.60', 'product_additionals': '£0.32/each'}, {'shop': 'tesco', 'url': 'https://www.tesco.com/groceries/en-GB/products/284475890', 'product_name': 'Tesco Golden Delicious Apple Minimum 5', 'product_price': '£ 1.60', 'product_additionals': '£0.32/each'}, {'shop': 'tesco', 'url': 'https://www.tesco.com/groceries/en-GB/products/254948250', 'product_name': 'Mr Kipling Apple & Blackcurrant Pies 6 Pack', 'product_price': '£ 1.80', 'product_additionals': '£0.30/each'}, {'shop': 'tesco', 'url': 'https://www.tesco.com/groceries/en-GB/products/255230763', 'product_name': 'Tesco Pineapple Each', 'product_price': '£ 0.75', 'product_additionals': '£0.75/each'}, {'shop': 'tesco', 'url': 'https://www.tesco.com/groceries/en-GB/products/254654263', 'product_name': 'Apple Turnover 2 Pack', 'product_price': '£ 1.20', 'product_additionals': '£0.60/each'}, {'shop': 'tesco', 'url': 'https://www.tesco.com/groceries/en-GB/products/304380821', 'product_name': 'Mr Kipling 6Pack Apple Pear& Custard Crumble Tarts', 'product_price': '£ 2.25', 'product_additionals': '£0.38/each'}, {'shop': 'tesco', 'url': 'https://www.tesco.com/groceries/en-GB/products/284477542', 'product_name': 'Tesco Pink Lady Apple Minimum 5 Pack', 'product_price': '£ 2.75', 'product_additionals': '£0.55/each'}, {'shop': 'tesco', 'url': 'https://www.tesco.com/groceries/en-GB/products/256682675', 'product_name': 'Tesco Free From Bramley Apple Pies 4 Pack', 'product_price': '£ 2.00', 'product_additionals': '£0.50/each'}, {'shop': 'tesco', 'url': 'https://www.tesco.com/groceries/en-GB/products/295684395', 'product_name': 'Bear Yoyo Sours Mango & Apple 10 Rolls 5 Pack', 'product_price': '£ 2.40', 'product_additionals': '£0.48/each'}, {'shop': 'tesco', 'url': 'https://www.tesco.com/groceries/en-GB/products/286671239', 'product_name': 'Tesco Finest 4 Apple & Cinnamon Hot Cross Buns', 'product_price': '£ 1.50', 'product_additionals': '£0.38/each'}, {'shop': 'tesco', 'url': 'https://www.tesco.com/groceries/en-GB/products/295684372', 'product_name': 'Bear Yoyo Sours Strawberry & Apple 10 Rolls 5 Pack', 'product_price': '£ 2.40', 'product_additionals': '£0.48/each'}, {'shop': 'tesco', 'url': 'https://www.tesco.com/groceries/en-GB/products/307812036', 'product_name': 'Tesco Scented Wax Melt - Mango & Pineapple', 'product_price': '£ 0.60', 'product_additionals': '£0.60/each'}, {'shop': 'tesco', 'url': 'https://www.tesco.com/groceries/en-GB/products/296206886', 'product_name': 'Tesco Spiced Berries & Apple Melt', 'product_price': '£ 0.60', 'product_additionals': '£0.60/each'}, {'shop': 'tesco', 'url': 'https://www.tesco.com/groceries/en-GB/products/256859922', 'product_name': 'Bramley Apple Pie Each', 'product_price': '£ 1.25', 'product_additionals': '£1.25/each'}, {'shop': 'asda', 'url': 'https://groceries.asda.com/product/1000157817693', 'product_name': 'Glow Scented Pineapple Hair Hoops', 'product_price': '£4.00', 'product_additionals': '(£1.00/each)'}, {'shop': 'asda', 'url': 'https://groceries.asda.com/product/910001183317', 'product_name': "ASDA Baker's Selection Apple Pie", 'product_price': '£1.10', 'product_additionals': '(£1.10/each)'}, {'shop': 'tesco', 'url': 'https://www.tesco.com/groceries/en-GB/products/307811976', 'product_name': 'Tesco Scented Candle Mango & Pineapple', 'product_price': '£ 1.00', 'product_additionals': '£1.00/each'}, {'shop': 'tesco', 'url': 'https://www.tesco.com/groceries/en-GB/products/260905678', 'product_name': 'Tesco Large Pineapple Each', 'product_price': '£ 1.70', 'product_additionals': '£1.70/each'}, {'shop': 'asda', 'url': 'https://groceries.asda.com/product/1000186981310', 'product_name': 'ASDA Pineapple Rose Gold Fashion Pen', 'product_price': '£1.50', 'product_additionals': '(£1.50/each)'}, {'shop': 'asda', 'url': 'https://groceries.asda.com/product/1000003249608', 'product_name': 'Yankee Candle Home Inspiration Apple Cinnamon Cider Votive', 'product_price': '£1.00', 'product_additionals': '(£1.00/each)'}, {'shop': 'asda', 'url': 'https://groceries.asda.com/product/20326', 'product_name': "ASDA Grower's Selection Giant Pineapple", 'product_price': '£1.50', 'product_additionals': '(£1.50/each)'}, {'shop': 'asda', 'url': 'https://groceries.asda.com/product/910002053933', 'product_name': "Munchkin 3 Lil' Apple Plates 6m+", 'product_price': '£4.70', 'product_additionals': '(£1.57/each)'}, {'shop': 'asda', 'url': 'https://groceries.asda.com/product/910002754242', 'product_name': 'ASDA Bramley Apple Pie', 'product_price': '£2.75', 'product_additionals': '(£2.75/each)'}, {'shop': 'asda', 'url': 'https://groceries.asda.com/product/1000040467777', 'product_name': 'Polar Gear Pineapple Bottle', 'product_price': '£2.50', 'product_additionals': '(£2.50/each)'}, {'shop': 'tesco', 'url': 'https://www.tesco.com/groceries/en-GB/products/294781120', 'product_name': 'Munchkin Lil Apple Plates 3 Pack', 'product_price': '£ 6.00', 'product_additionals': '£2.00/each'}, {'shop': 'asda', 'url': 'https://groceries.asda.com/product/1000227127183', 'product_name': 'ScentSationals Pumpkin Apple Muffins Wax Cubes', 'product_price': '£2.00', 'product_additionals': '(£2.00/each)'}, {'shop': 'tesco', 'url': 'https://www.tesco.com/groceries/en-GB/products/296206949', 'product_name': 'Tesco Spiced Berries & Apple 27Pk Tealights', 'product_price': '£ 1.75', 'product_additionals': '£1.75/each'}, {'shop': 'asda', 'url': 'https://groceries.asda.com/product/1000110474745', 'product_name': 'ASDA Apple & Blackberry Pie', 'product_price': '£3.00', 'product_additionals': '(£3.00/each)'}, {'shop': 'asda', 'url': 'https://groceries.asda.com/product/1000187931262', 'product_name': 'Pen & Gear Pineapple Print Pencil Case', 'product_price': '£3.00', 'product_additionals': '(£3.00/each)'}, {'shop': 'asda', 'url': 'https://groceries.asda.com/product/1000136584419', 'product_name': 'George Home Pineapple Marble Geo Pot', 'product_price': '£4.00', 'product_additionals': '(£4.00/each)'}, {'shop': 'asda', 'url': 'https://groceries.asda.com/product/1000142866255', 'product_name': 'Blu Green Apple E-Liquid 8mg', 'product_price': '£3.99', 'product_additionals': '(£3.99/each)'}, {'shop': 'asda', 'url': 'https://groceries.asda.com/product/1000040467690', 'product_name': 'Polar Gear Pineapple Lunch Bag', 'product_price': '£5.00', 'product_additionals': '(£5.00/each)'}, {'shop': 'tesco', 'url': 'https://www.tesco.com/groceries/en-GB/products/307811982', 'product_name': 'Tesco 11Oz Scented Candle - Mango & Pineapple', 'product_price': '£ 3.50', 'product_additionals': '£3.50/each'}, {'shop': 'tesco', 'url': 'https://www.tesco.com/groceries/en-GB/products/307812042', 'product_name': 'Tesco Scented Pot Pourri - Mango & Pineapple', 'product_price': '£ 4.00', 'product_additionals': '£4.00/each'}, {'shop': 'asda', 'url': 'https://groceries.asda.com/product/1000230965309', 'product_name': 'George Home Spiced Apple Tealights', 'product_price': '£1.00', 'product_additionals': '(4.2p/each)'}, {'shop': 'asda', 'url': 'https://groceries.asda.com/product/1000204391286', 'product_name': 'Totally Wicked E-Liquid Apple & Blackcurrant 6mg', 'product_price': '£4.00', 'product_additionals': '(£4.00/each)'}, {'shop': 'tesco', 'url': 'https://www.tesco.com/groceries/en-GB/products/296206863', 'product_name': 'Tesco Spiced Berries & Apple 11Oz Candle Jar', 'product_price': '£ 3.50', 'product_additionals': '£3.50/each'}, {'shop': 'asda', 'url': 'https://groceries.asda.com/product/1000204391367', 'product_name': 'Totally Wicked E-Liquid Apple & Blackcurrant 10mg', 'product_price': '£4.00', 'product_additionals': '(£4.00/each)'}, {'shop': 'tesco', 'url': 'https://www.tesco.com/groceries/en-GB/products/299644150', 'product_name': 'Tesco Spiced Berries & Apple Pot Pourri', 'product_price': '£ 4.00', 'product_additionals': '£4.00/each'}, {'shop': 'tesco', 'url': 'https://www.tesco.com/groceries/en-GB/products/302158242', 'product_name': 'Tesco Spiced Berries & Apple 90Ml Diffuser', 'product_price': '£ 4.00', 'product_additionals': '£4.00/each'}, {'shop': 'asda', 'url': 'https://groceries.asda.com/product/1000204390998', 'product_name': 'Totally Wicked Nic Salt E-Liquid Apple & Rasp Sour 3mg', 'product_price': '£4.00', 'product_additionals': '(£4.00/each)'}, {'shop': 'asda', 'url': 'https://groceries.asda.com/product/1000204391142', 'product_name': 'Totally Wicked Nic Salt E-Liquid Apple & Rasp Sour 6mg', 'product_price': '£4.00', 'product_additionals': '(£4.00/each)'}, {'shop': 'tesco', 'url': 'https://www.tesco.com/groceries/en-GB/products/307811999', 'product_name': 'Tesco 20Oz Scented Candle - Mango & Pineapple', 'product_price': '£ 5.00', 'product_additionals': '£5.00/each'}, {'shop': 'asda', 'url': 'https://groceries.asda.com/product/1000199580430', 'product_name': 'Eco Wix Apple and Cinnamon Small Candle', 'product_price': '£5.00', 'product_additionals': '(£5.00/each)'}, {'shop': 'asda', 'url': 'https://groceries.asda.com/product/1000044106899', 'product_name': 'myblu Green Apple Liquidpods 9mg', 'product_price': '£5.99', 'product_additionals': '(£5.99/each)'}, {'shop': 'tesco', 'url': 'https://www.tesco.com/groceries/en-GB/products/296206870', 'product_name': 'Tesco Spiced Berries & Apple 20Oz Candle Jar', 'product_price': '£ 5.00', 'product_additionals': '£5.00/each'}, {'shop': 'asda', 'url': 'https://groceries.asda.com/product/35268', 'product_name': 'ASDA Bramley Apple Pies', 'product_price': '£0.85', 'product_additionals': '(14.2p/each)'}, {'shop': 'asda', 'url': 'https://groceries.asda.com/product/1000199580496', 'product_name': 'Eco Wix Apple and Cinnamon Large Candle', 'product_price': '£8.00', 'product_additionals': '(£8.00/each)'}, {'shop': 'asda', 'url': 'https://groceries.asda.com/product/1000003250284', 'product_name': 'Yankee Candle Home Inspiration Apple Cinnamon Cider Medium Jar', 'product_price': '£9.47', 'product_additionals': '(£9.47/each)'}, {'shop': 'asda', 'url': 'https://groceries.asda.com/product/1000144509295', 'product_name': 'ASDA Garden Gang Apples (Colour may vary)', 'product_price': '£0.90', 'product_additionals': '(15.0p/each)'}, {'shop': 'tesco', 'url': 'https://www.tesco.com/groceries/en-GB/products/306758706', 'product_name': 'Juice Apple Lightning 15cm Charging Cable Coral', 'product_price': '£ 11.00', 'product_additionals': '£11.00/each'}, {'shop': 'asda', 'url': 'https://groceries.asda.com/product/9197420', 'product_name': 'ASDA Bramley Apple & Blackcurrant Pies', 'product_price': '£1.00', 'product_additionals': '(16.7p/each)'}, {'shop': 'tesco', 'url': 'https://www.tesco.com/groceries/en-GB/products/305959453', 'product_name': 'Tesco Finest Apple & Blackcurrant Crumble Cake', 'product_price': '£ 12.00', 'product_additionals': '£12.00/each'}, {'shop': 'asda', 'url': 'https://groceries.asda.com/product/910002849510', 'product_name': "ASDA Grower's Selection Gala Apples", 'product_price': '£1.20', 'product_additionals': '(20.0p/each)'}, {'shop': 'asda', 'url': 'https://groceries.asda.com/product/1000015062703', 'product_name': 'Brompton House Apple Puffs', 'product_price': '£2.50', 'product_additionals': '(20.8p/each)'}, {'shop': 'tesco', 'url': 'https://www.tesco.com/groceries/en-GB/products/270094808', 'product_name': 'Epson Apple T1291 Black Printer Ink', 'product_price': '£ 17.50', 'product_additionals': '£17.50/each'}, {'shop': 'asda', 'url': 'https://groceries.asda.com/product/910001037283', 'product_name': 'Pink Lady Apples', 'product_price': '£1.69', 'product_additionals': '(42.2p/each)'}, {'shop': 'asda', 'url': 'https://groceries.asda.com/product/1000003249536', 'product_name': 'Yankee Candle Home Inspiration Apple Cinnamon Cider Large Jar', 'product_price': '£13.48', 'product_additionals': '(£13.48/each)'}, {'shop': 'asda', 'url': 'https://groceries.asda.com/product/1000177860926', 'product_name': 'Soreen Scream Toffee Apple 5 Mini Loaves', 'product_price': '£1.00', 'product_additionals': '(20.0p/each)'}, {'shop': 'tesco', 'url': 'https://www.tesco.com/groceries/en-GB/products/306782106', 'product_name': 'Juice Apple Lightning 1m Charging Cable Aqua', 'product_price': '£ 15.00', 'product_additionals': '£15.00/each'}, {'shop': 'tesco', 'url': 'https://www.tesco.com/groceries/en-GB/products/306782112', 'product_name': 'Juice Apple Lightning 1m Charging Cable Coral', 'product_price': '£ 15.00', 'product_additionals': '£15.00/each'}, {'shop': 'asda', 'url': 'https://groceries.asda.com/product/910002849538', 'product_name': "ASDA Grower's Selection Granny Smith Apples", 'product_price': '£1.20', 'product_additionals': '(20.0p/each)'}, {'shop': 'tesco', 'url': 'https://www.tesco.com/groceries/en-GB/products/294102482', 'product_name': 'Juice Apple Lightning 2m Charging Cable Aqua', 'product_price': '£ 16.00', 'product_additionals': '£16.00/each'}, {'shop': 'tesco', 'url': 'https://www.tesco.com/groceries/en-GB/products/294102499', 'product_name': 'Juice Apple Lightning 2m Charging Cable Coral', 'product_price': '£ 16.00', 'product_additionals': '£16.00/each'}, {'shop': 'asda', 'url': 'https://groceries.asda.com/product/21010', 'product_name': 'Mr Kipling Bramley Apple Pies', 'product_price': '£1.80', 'product_additionals': '(30.0p/each)'}, {'shop': 'tesco', 'url': 'https://www.tesco.com/groceries/en-GB/products/296004140', 'product_name': 'Juice Apple Lightning 3m Charging Cable Aqua', 'product_price': '£ 18.00', 'product_additionals': '£18.00/each'}, {'shop': 'tesco', 'url': 'https://www.tesco.com/groceries/en-GB/products/294102516', 'product_name': 'Juice Apple Lightning 3m Charging Cable Black', 'product_price': '£ 18.00', 'product_additionals': '£18.00/each'}, {'shop': 'asda', 'url': 'https://groceries.asda.com/product/1000018541652', 'product_name': 'Soreen 5 Apple Lunchbox Loaves', 'product_price': '£1.40', 'product_additionals': '(28.0p/each)'}, {'shop': 'asda', 'url': 'https://groceries.asda.com/product/910000908196', 'product_name': 'ASDA Candy Apple', 'product_price': '£0.60', 'product_additionals': '(60.0p/each)'}, {'shop': 'asda', 'url': 'https://groceries.asda.com/product/910002849529', 'product_name': "ASDA Grower's Selection Golden Delicious Apples", 'product_price': '£1.20', 'product_additionals': '(20.0p/each)'}, {'shop': 'asda', 'url': 'https://groceries.asda.com/product/910002068823', 'product_name': 'Bassetts Vitamins Vitamins Multivitamins Blackcurrant & Apple Flavour 3-6 Years Soft & Chewies', 'product_price': '£4.00', 'product_additionals': '(13.3p/each)'}, {'shop': 'tesco', 'url': 'https://www.tesco.com/groceries/en-GB/products/303717392', 'product_name': 'Juice Apple Lightning - Type C 2m Charging Cable White', 'product_price': '£ 18.00', 'product_additionals': '£18.00/each'}, {'shop': 'asda', 'url': 'https://groceries.asda.com/product/1000183742527', 'product_name': "ASDA Grower's Selection Jazz Apples", 'product_price': '£2.00', 'product_additionals': '(33.3p/each)'}, {'shop': 'asda', 'url': 'https://groceries.asda.com/product/910000908762', 'product_name': 'ASDA Toffee Apple', 'product_price': '£0.49', 'product_additionals': '(49.0p/each)'}, {'shop': 'asda', 'url': 'https://groceries.asda.com/product/1000207494897', 'product_name': 'Armitage Pet Care Wild Bird 8 Blackcurrant & Apple Flavoured Fat Balls', 'product_price': '£1.50', 'product_additionals': '(18.8p/each)'}, {'shop': 'asda', 'url': 'https://groceries.asda.com/product/21009', 'product_name': 'Mr Kipling Apple & Blackcurrant Pies', 'product_price': '£1.80', 'product_additionals': '(30.0p/each)'}, {'shop': 'tesco', 'url': 'https://www.tesco.com/groceries/en-GB/products/303717363', 'product_name': 'Juice Apple Lightning 3m Braided Charging Cable Rose Gold', 'product_price': '£ 20.00', 'product_additionals': '£20.00/each'}, {'shop': 'asda', 'url': 'https://groceries.asda.com/product/35450', 'product_name': 'ASDA Apple Turnovers', 'product_price': '£1.40', 'product_additionals': '(70.0p/each)'}, {'shop': 'asda', 'url': 'https://groceries.asda.com/product/1000086123540', 'product_name': 'ASDA 2 Apple Tarts', 'product_price': '£1.75', 'product_additionals': '(87.5p/each)'}, {'shop': 'asda', 'url': 'https://groceries.asda.com/product/910003034051', 'product_name': 'ASDA Apple Crumbles', 'product_price': '£1.79', 'product_additionals': '(89.5p/each)'}, {'shop': 'asda', 'url': 'https://groceries.asda.com/product/910000059733', 'product_name': "ASDA Grower's Selection Honey Crunch Apples", 'product_price': '£2.00', 'product_additionals': '(50.0p/each)'}, {'shop': 'asda', 'url': 'https://groceries.asda.com/product/910001512881', 'product_name': "ASDA Grower's Selection Pineapple", 'product_price': '£0.95', 'product_additionals': '(95.0p/each)'}, {'shop': 'asda', 'url': 'https://groceries.asda.com/product/910000271963', 'product_name': 'Bloo Flowers In-Cistern Blocks Rose & Apple Blossom Pink Water', 'product_price': '£1.80', 'product_additionals': '(90.0p/each)'}, {'shop': 'tesco', 'url': 'https://www.tesco.com/groceries/en-GB/products/253559147', 'product_name': 'Gala Apples Class 1 Loose', 'product_price': '£ 0.35', 'product_additionals': '£2.20/kg'}, {'shop': 'asda', 'url': 'https://groceries.asda.com/product/910003095036', 'product_name': 'ASDA Farm Stores Apples (Colour and Variety may vary)', 'product_price': '£0.59', 'product_additionals': '(£1.18/kg)'}, {'shop': 'tesco', 'url': 'https://www.tesco.com/groceries/en-GB/products/257471969', 'product_name': 'Tesco Bramley Apple Sauce 270G', 'product_price': '£ 0.55', 'product_additionals': '£0.20/100g'}, {'shop': 'tesco', 'url': 'https://www.tesco.com/groceries/en-GB/products/253807413', 'product_name': 'Braeburn Apples Loose Class 1', 'product_price': '£ 0.44', 'product_additionals': '£2.20/kg'}, {'shop': 'tesco', 'url': 'https://www.tesco.com/groceries/en-GB/products/253558033', 'product_name': 'Tesco Bramley Cooking Apples Loose', 'product_price': '£ 0.50', 'product_additionals': '£2.00/kg'}, {'shop': 'tesco', 'url': 'https://www.tesco.com/groceries/en-GB/products/254752129', 'product_name': 'Tesco Apple Strudel 600G', 'product_price': '£ 1.35', 'product_additionals': '£0.22/100g'}, {'shop': 'tesco', 'url': 'https://www.tesco.com/groceries/en-GB/products/257471883', 'product_name': 'Tesco Bramley Apple Sauce 470G', 'product_price': '£ 1.15', 'product_additionals': '£0.24/100g'}, {'shop': 'asda', 'url': 'https://groceries.asda.com/product/910001512390', 'product_name': 'ASDA Pineapple Chunks', 'product_price': '£1.50', 'product_additionals': '(£3.75/kg)'}, {'shop': 'tesco', 'url': 'https://www.tesco.com/groceries/en-GB/products/305835611', 'product_name': 'Princes Apple Slices 385G', 'product_price': '£ 1.00', 'product_additionals': '£0.26/100g'}, {'shop': 'asda', 'url': 'https://groceries.asda.com/product/910001000985', 'product_name': 'Princes Fruit Filling Apple', 'product_price': '£1.00', 'product_additionals': '(£2.53/kg)'}, {'shop': 'asda', 'url': 'https://groceries.asda.com/product/910000899721', 'product_name': "ASDA Grower's Selection Apples (Colour and Variety may vary)", 'product_price': '£1.60', 'product_additionals': '(£1.33/kg)'}, {'shop': 'asda', 'url': 'https://groceries.asda.com/product/910001413505', 'product_name': 'ASDA Pineapple Lolly', 'product_price': '£0.35', 'product_additionals': '(£4.38/kg)'}, {'shop': 'tesco', 'url': 'https://www.tesco.com/groceries/en-GB/products/253520878', 'product_name': 'Hartleys Best Pineapple Jam 340G', 'product_price': '£ 1.00', 'product_additionals': '£0.30/100g'}, {'shop': 'tesco', 'url': 'https://www.tesco.com/groceries/en-GB/products/285048749', 'product_name': 'Muller Rice Apple 180G', 'product_price': '£ 0.60', 'product_additionals': '£0.33/100g'}, {'shop': 'tesco', 'url': 'https://www.tesco.com/groceries/en-GB/products/285060273', 'product_name': 'Muller Rice Raspberry & Apple 6X180g', 'product_price': '£ 3.00', 'product_additionals': '£0.28/100g'}, {'shop': 'tesco', 'url': 'https://www.tesco.com/groceries/en-GB/products/275945100', 'product_name': 'Tesco Easy Oats Apple & Blueberry 360G', 'product_price': '£ 1.00', 'product_additionals': '£0.28/100g'}, {'shop': 'asda', 'url': 'https://groceries.asda.com/product/910001413502', 'product_name': 'ASDA Apple Slices', 'product_price': '£0.35', 'product_additionals': '(£4.38/kg)'}, {'shop': 'tesco', 'url': 'https://www.tesco.com/groceries/en-GB/products/271262073', 'product_name': "Aunt Bessie's Bramley Apple Crumble 500G", 'product_price': '£ 1.35', 'product_additionals': '£0.27/100g'}, {'shop': 'tesco', 'url': 'https://www.tesco.com/groceries/en-GB/products/287023171', 'product_name': 'Tesco Organic Gala Apples 630G', 'product_price': '£ 2.25', 'product_additionals': '£3.58/kg'}, {'shop': 'tesco', 'url': 'https://www.tesco.com/groceries/en-GB/products/264772194', 'product_name': 'Hartleys Pineapple In Jelly 175G', 'product_price': '£ 0.60', 'product_additionals': '£0.34/100g'}, {'shop': 'asda', 'url': 'https://groceries.asda.com/product/20361', 'product_name': "ASDA Grower's Selection Loose Gala Apple (order by number of apples or select kg)", 'product_price': '£0.24', 'product_additionals': '(£1.50/kg)'}, {'shop': 'asda', 'url': 'https://groceries.asda.com/product/20375', 'product_name': "ASDA Grower's Selection Loose Braeburn Apple (order by number of apples or select kg)", 'product_price': '£0.24', 'product_additionals': '(£1.50/kg)'}, {'shop': 'tesco', 'url': 'https://www.tesco.com/groceries/en-GB/products/279054497', 'product_name': 'Tesco Pineapple Chunks 450G', 'product_price': '£ 2.00', 'product_additionals': '£4.45/kg'}, {'shop': 'tesco', 'url': 'https://www.tesco.com/groceries/en-GB/products/251232560', 'product_name': 'Go Ahead Apple Bakes 6X35g', 'product_price': '£ 1.00', 'product_additionals': '£0.48/100g'}, {'shop': 'tesco', 'url': 'https://www.tesco.com/groceries/en-GB/products/299234162', 'product_name': 'Heinz Pear & Apple Custard 4X100g', 'product_price': '£ 1.60', 'product_additionals': '£4.00/kg'}, {'shop': 'asda', 'url': 'https://groceries.asda.com/product/1000121694551', 'product_name': 'ASDA Pineapple, Grapes & Apple', 'product_price': '£1.00', 'product_additionals': '(£4.44/kg)'}, {'shop': 'tesco', 'url': 'https://www.tesco.com/groceries/en-GB/products/294770041', 'product_name': 'Tesco Pineapple 0% Fat Cottage Cheese 300G', 'product_price': '£ 1.00', 'product_additionals': '£3.34/kg'}, {'shop': 'tesco', 'url': 'https://www.tesco.com/groceries/en-GB/products/264226336', 'product_name': 'Cow & Gate Apple Crumble Jar 200G 7 Mth+', 'product_price': '£ 0.70', 'product_additionals': '£3.50/kg'}, {'shop': 'tesco', 'url': 'https://www.tesco.com/groceries/en-GB/products/289724853', 'product_name': 'Princes Apple Fruit Filling 395G', 'product_price': '£ 1.25', 'product_additionals': '£3.43/kg'}, {'shop': 'asda', 'url': 'https://groceries.asda.com/product/910001505105', 'product_name': 'ASDA Pineapple Kiwi & Grape', 'product_price': '£1.00', 'product_additionals': '(£5.00/kg)'}, {'shop': 'asda', 'url': 'https://groceries.asda.com/product/47285966', 'product_name': "ASDA Grower's Selection Loose Bramley Cooking Apple (order by number of apples or select kg)", 'product_price': '£0.27', 'product_additionals': '(£1.69/kg)'}, {'shop': 'tesco', 'url': 'https://www.tesco.com/groceries/en-GB/products/292718420', 'product_name': 'Cow & Gate Stage 2 Peach Apple & Kiwi 200G', 'product_price': '£ 0.70', 'product_additionals': '£3.50/kg'}, {'shop': 'asda', 'url': 'https://groceries.asda.com/product/910001413503', 'product_name': 'ASDA Apple Slices & Grapes', 'product_price': '£0.35', 'product_additionals': '(£4.38/kg)'}, {'shop': 'tesco', 'url': 'https://www.tesco.com/groceries/en-GB/products/283420093', 'product_name': 'Go Ahead Apple & Sultana 5 X 43G', 'product_price': '£ 0.99', 'product_additionals': '£0.46/100g'}, {'shop': 'tesco', 'url': 'https://www.tesco.com/groceries/en-GB/products/287872392', 'product_name': 'Tesco Pineapple Fingers 500G', 'product_price': '£ 2.60', 'product_additionals': '£5.20/kg'}, {'shop': 'tesco', 'url': 'https://www.tesco.com/groceries/en-GB/products/253052208', 'product_name': 'Cow & Gate Apple & Pear Fruit Pot 4X100g 4 Mth+', 'product_price': '£ 1.45', 'product_additionals': '£3.63/kg'}, {'shop': 'tesco', 'url': 'https://www.tesco.com/groceries/en-GB/products/258899992', 'product_name': 'Cow & Gate Plum & Apple Fruit Pot 4X100g 4 Mth+', 'product_price': '£ 1.45', 'product_additionals': '£3.63/kg'}, {'shop': 'tesco', 'url': 'https://www.tesco.com/groceries/en-GB/products/302219827', 'product_name': 'Tesco Ham & Pineapple Pizza 316G', 'product_price': '£ 1.65', 'product_additionals': '£0.52/100g'}, {'shop': 'tesco', 'url': 'https://www.tesco.com/groceries/en-GB/products/275712998', 'product_name': 'Tesco 6 Apple Fruity Bakes 222G', 'product_price': '£ 0.95', 'product_additionals': '£0.43/100g'}, {'shop': 'tesco', 'url': 'https://www.tesco.com/groceries/en-GB/products/284477317', 'product_name': 'Tesco Finest Best Of British Apple 4 Pack 590G', 'product_price': '£ 1.80', 'product_additionals': '£3.06/kg'}, {'shop': 'tesco', 'url': 'https://www.tesco.com/groceries/en-GB/products/253052928', 'product_name': 'Cow & Gate Apple & Banana Fruit Pot 4X100g 4 Mth+', 'product_price': '£ 1.45', 'product_additionals': '£3.63/kg'}, {'shop': 'tesco', 'url': 'https://www.tesco.com/groceries/en-GB/products/307136220', 'product_name': 'Tesco Apple Crumble 500G', 'product_price': '£ 2.80', 'product_additionals': '£0.56/100g'}, {'shop': 'tesco', 'url': 'https://www.tesco.com/groceries/en-GB/products/304792472', 'product_name': 'Ocean Spray Apple Sauce 210G', 'product_price': '£ 1.30', 'product_additionals': '£0.62/100g'}, {'shop': 'tesco', 'url': 'https://www.tesco.com/groceries/en-GB/products/301269141', 'product_name': 'Tesco Pear & Apple Pouch 70G', 'product_price': '£ 0.45', 'product_additionals': '£0.64/100g'}, {'shop': 'tesco', 'url': 'https://www.tesco.com/groceries/en-GB/products/304379766', 'product_name': 'Heinz By Nature Apple Banana Apricot 4 Month Plus 4 X 100G', 'product_price': '£ 1.35', 'product_additionals': '£3.38/kg'}, {'shop': 'tesco', 'url': 'https://www.tesco.com/groceries/en-GB/products/268849340', 'product_name': 'Tesco 8 British Pork & Apple Sausages 454G', 'product_price': '£ 1.70', 'product_additionals': '£3.75/kg'}, {'shop': 'tesco', 'url': 'https://www.tesco.com/groceries/en-GB/products/302971678', 'product_name': 'Tesco Pineapple Chunks 145G', 'product_price': '£ 1.00', 'product_additionals': '£6.90/kg'}, {'shop': 'tesco', 'url': 'https://www.tesco.com/groceries/en-GB/products/274983482', 'product_name': 'Melon & Pineapple Finger 300G', 'product_price': '£ 2.00', 'product_additionals': '£6.67/kg'}, {'shop': 'tesco', 'url': 'https://www.tesco.com/groceries/en-GB/products/293171580', 'product_name': 'Tesco Organic Pink Lady Apples 440G', 'product_price': '£ 2.50', 'product_additionals': '£5.69/kg'}, {'shop': 'tesco', 'url': 'https://www.tesco.com/groceries/en-GB/products/305745838', 'product_name': 'Heinz Apple & Yogurt Jar 120G', 'product_price': '£ 0.65', 'product_additionals': '£5.42/kg'}, {'shop': 'tesco', 'url': 'https://www.tesco.com/groceries/en-GB/products/302971655', 'product_name': 'Tesco Pineapple Chunks 270G', 'product_price': '£ 2.00', 'product_additionals': '£7.41/kg'}, {'shop': 'tesco', 'url': 'https://www.tesco.com/groceries/en-GB/products/253052358', 'product_name': 'Cow & Gate Apple Apricot & Strawberry Fruit Pot 4X100g 4 Mth+', 'product_price': '£ 1.45', 'product_additionals': '£3.63/kg'}, {'shop': 'tesco', 'url': 'https://www.tesco.com/groceries/en-GB/products/285347418', 'product_name': 'Tesco Pineapple Fingers 80G', 'product_price': '£ 0.60', 'product_additionals': '£7.50/kg'}, {'shop': 'tesco', 'url': 'https://www.tesco.com/groceries/en-GB/products/292759393', 'product_name': "Ella's Kitchen Apple & Cinnamon Crumble 4X80g", 'product_price': '£ 1.75', 'product_additionals': '£4.87/kg'}, {'shop': 'tesco', 'url': 'https://www.tesco.com/groceries/en-GB/products/296186827', 'product_name': "Colman's Bramley Apple Sauce 155G", 'product_price': '£ 1.00', 'product_additionals': '£0.65/100g'}, {'shop': 'tesco', 'url': 'https://www.tesco.com/groceries/en-GB/products/280823888', 'product_name': 'Kubus Apple & Banana Mousse 100G', 'product_price': '£ 0.55', 'product_additionals': '£0.55/100g'}, {'shop': 'tesco', 'url': 'https://www.tesco.com/groceries/en-GB/products/254900560', 'product_name': 'Del Monte Pineapple Chunks In Juice 230G', 'product_price': '£ 0.80', 'product_additionals': '£0.57/100g'}, {'shop': 'tesco', 'url': 'https://www.tesco.com/groceries/en-GB/products/294083203', 'product_name': 'Tesco Red Cabbage & Apple 300G', 'product_price': '£ 2.25', 'product_additionals': '£7.50/kg'}, {'shop': 'tesco', 'url': 'https://www.tesco.com/groceries/en-GB/products/302947875', 'product_name': 'Tesco Pink Lady Apple Doy Bag 350G', 'product_price': '£ 2.40', 'product_additionals': '£6.86/kg'}, {'shop': 'tesco', 'url': 'https://www.tesco.com/groceries/en-GB/products/286212064', 'product_name': 'Loyd Grossman Creamy Cider & Apple 330G', 'product_price': '£ 2.00', 'product_additionals': '£0.61/100g'}, {'shop': 'tesco', 'url': 'https://www.tesco.com/groceries/en-GB/products/262290526', 'product_name': 'Tesco Apple Slices 300G', 'product_price': '£ 2.30', 'product_additionals': '£7.67/kg'}, {'shop': 'tesco', 'url': 'https://www.tesco.com/groceries/en-GB/products/275038051', 'product_name': 'Chicago Town Ham & Pineapple Twin Pack Mini Pizza 330G', 'product_price': '£ 1.50', 'product_additionals': '£0.46/100g'}, {'shop': 'asda', 'url': 'https://groceries.asda.com/product/1000155195017', 'product_name': 'ASDA Extra Special Yorkshire Bred Apple & Sage Pulled Hog Roast', 'product_price': '£4.00', 'product_additionals': '(£4.00/kg)'}, {'shop': 'tesco', 'url': 'https://www.tesco.com/groceries/en-GB/products/301269129', 'product_name': 'Tesco Apple & Mango Pouch 70G', 'product_price': '£ 0.45', 'product_additionals': '£0.64/100g'}, {'shop': 'tesco', 'url': 'https://www.tesco.com/groceries/en-GB/products/306806086', 'product_name': 'Heck Meat Free Apple Chipolatas 300G', 'product_price': '£ 2.00', 'product_additionals': '£6.67/kg'}, {'shop': 'asda', 'url': 'https://groceries.asda.com/product/1000244229120', 'product_name': 'ASDA Pineapple, Grapes & Cheese', 'product_price': '£1.25', 'product_additionals': '(£7.81/kg)'}, {'shop': 'tesco', 'url': 'https://www.tesco.com/groceries/en-GB/products/260881071', 'product_name': 'Tesco 2 Apple Crumble 270G', 'product_price': '£ 2.00', 'product_additionals': '£0.74/100g'}, {'shop': 'asda', 'url': 'https://groceries.asda.com/product/910000347964', 'product_name': 'ASDA Mango Melon & Pineapple Mini Platter', 'product_price': '£1.50', 'product_additionals': '(£6.25/kg)'}, {'shop': 'tesco', 'url': 'https://www.tesco.com/groceries/en-GB/products/286681740', 'product_name': 'Tesco Apple & Grape Snack Pack 80G', 'product_price': '£ 0.50', 'product_additionals': '£6.25/kg'}, {'shop': 'tesco', 'url': 'https://www.tesco.com/groceries/en-GB/products/263894926', 'product_name': 'Quaker Oat So Simple Apple Blueberry Porridge 10X36g', 'product_price': '£ 2.00', 'product_additionals': '£0.56/100g'}, {'shop': 'asda', 'url': 'https://groceries.asda.com/product/910000426024', 'product_name': 'ASDA Apple Grapes & Cheese', 'product_price': '£1.25', 'product_additionals': '(£8.33/kg)'}, {'shop': 'tesco', 'url': 'https://www.tesco.com/groceries/en-GB/products/274709486', 'product_name': "Nature's Finest Pineapple In Juice 400G", 'product_price': '£ 1.70', 'product_additionals': '£7.40/kg'}, {'shop': 'tesco', 'url': 'https://www.tesco.com/groceries/en-GB/products/296715393', 'product_name': 'Cow & Gate Fruit Pouch Apple & Banana 4 X 100G', 'product_price': '£ 2.60', 'product_additionals': '£0.65/100g'}, {'shop': 'tesco', 'url': 'https://www.tesco.com/groceries/en-GB/products/251888083', 'product_name': 'Castello Pineapple Halo 125G', 'product_price': '£ 1.30', 'product_additionals': '£10.40/kg'}, {'shop': 'tesco', 'url': 'https://www.tesco.com/groceries/en-GB/products/292991312', 'product_name': 'Tesco Instant Oats Porridge Pot Apple & Blueberry 55G', 'product_price': '£ 0.35', 'product_additionals': '£0.64/100g'}, {'shop': 'tesco', 'url': 'https://www.tesco.com/groceries/en-GB/products/305248540', 'product_name': 'Cow & Gate Apple Banana & Strawberry Pouches 4 X 100G', 'product_price': '£ 2.60', 'product_additionals': '£0.65/100g'}, {'shop': 'tesco', 'url': 'https://www.tesco.com/groceries/en-GB/products/279842342', 'product_name': 'Kubus Apple Banana Carrot & Strawberry Mousse 100G', 'product_price': '£ 0.55', 'product_additionals': '£0.55/100g'}, {'shop': 'asda', 'url': 'https://groceries.asda.com/product/910001461224', 'product_name': 'Hazerbaba Turkish Apple Tea', 'product_price': '£3.09', 'product_additionals': '(£1.24/100g)'}, {'shop': 'tesco', 'url': 'https://www.tesco.com/groceries/en-GB/products/304398714', 'product_name': 'Petits Filous No Added Sugar Apple Pear & Banana Fromage Frais 6 X 47G', 'product_price': '£ 1.50', 'product_additionals': '£0.53/100g'}, {'shop': 'tesco', 'url': 'https://www.tesco.com/groceries/en-GB/products/306498944', 'product_name': 'Little Yeos Organic Apple & Pear Yogurt 90G', 'product_price': '£ 0.75', 'product_additionals': '£0.83/100g'}, {'shop': 'tesco', 'url': 'https://www.tesco.com/groceries/en-GB/products/302285373', 'product_name': 'Organix Just Apple Oats & Cinnamon 120G', 'product_price': '£ 1.10', 'product_additionals': '£9.17/kg'}, {'shop': 'tesco', 'url': 'https://www.tesco.com/groceries/en-GB/products/304799764', 'product_name': "Kirsty's Luxury Apple Pie 322G", 'product_price': '£ 3.00', 'product_additionals': '£9.32/kg'}, {'shop': 'tesco', 'url': 'https://www.tesco.com/groceries/en-GB/products/305941600', 'product_name': 'Tesco Pork & Apple Casserole 580G', 'product_price': '£ 5.00', 'product_additionals': '£8.63/kg'}, {'shop': 'tesco', 'url': 'https://www.tesco.com/groceries/en-GB/products/264154471', 'product_name': 'Heinz Apple Biscotti 60G', 'product_price': '£ 0.70', 'product_additionals': '£11.67/kg'}, {'shop': 'tesco', 'url': 'https://www.tesco.com/groceries/en-GB/products/301513394', 'product_name': 'Tesco Pink Lady Apple Pot 80G', 'product_price': '£ 1.00', 'product_additionals': '£1.25/100g'}, {'shop': 'tesco', 'url': 'https://www.tesco.com/groceries/en-GB/products/301513359', 'product_name': 'Tesco Pink Lady Apple & Grape Pot 100G', 'product_price': '£ 1.00', 'product_additionals': '£1.00/100g'}, {'shop': 'tesco', 'url': 'https://www.tesco.com/groceries/en-GB/products/266659562', 'product_name': 'Applewood Slices 160G', 'product_price': '£ 2.15', 'product_additionals': '£13.44/kg'}, {'shop': 'tesco', 'url': 'https://www.tesco.com/groceries/en-GB/products/289599764', 'product_name': 'Tesco Gammon Steak With Cheese & Pineapple 345G', 'product_price': '£ 3.00', 'product_additionals': '£8.70/kg'}, {'shop': 'tesco', 'url': 'https://www.tesco.com/groceries/en-GB/products/305868353', 'product_name': "Kellogg's Wkk Kids Strawbrry Apple & Carrot 350G", 'product_price': '£ 3.00', 'product_additionals': '£8.58/kg'}, {'shop': 'tesco', 'url': 'https://www.tesco.com/groceries/en-GB/products/279232684', 'product_name': 'Tesco Finest British Bramley Apple Sauce With Cider 200G', 'product_price': '£ 1.50', 'product_additionals': '£0.75/100g'}, {'shop': 'tesco', 'url': 'https://www.tesco.com/groceries/en-GB/products/305986662', 'product_name': 'The Collective Suckies Apple & Blackcurrant 100G', 'product_price': '£ 0.70', 'product_additionals': '£0.70/100g'}, {'shop': 'tesco', 'url': 'https://www.tesco.com/groceries/en-GB/products/297385855', 'product_name': 'Soreen 5 Apple Lunchbox Loaves 150G', 'product_price': '£ 1.40', 'product_additionals': '£0.93/100g'}, {'shop': 'tesco', 'url': 'https://www.tesco.com/groceries/en-GB/products/302291181', 'product_name': 'Organix Just Apple Strawberry & Blueberry 120G', 'product_price': '£ 1.10', 'product_additionals': '£9.17/kg'}, {'shop': 'tesco', 'url': 'https://www.tesco.com/groceries/en-GB/products/305745775', 'product_name': 'Heinz Apple & Cucumber Pouch 100G', 'product_price': '£ 1.00', 'product_additionals': '£10.00/kg'}, {'shop': 'tesco', 'url': 'https://www.tesco.com/groceries/en-GB/products/261383169', 'product_name': "Ella's Kitchen Apples Carrots Plus Parsnips 120G", 'product_price': '£ 1.10', 'product_additionals': '£9.17/kg'}, {'shop': 'tesco', 'url': 'https://www.tesco.com/groceries/en-GB/products/276867536', 'product_name': 'Heinz Fruit Pouch Apple Mango 100G', 'product_price': '£ 1.00', 'product_additionals': '£1.00/100g'}, {'shop': 'tesco', 'url': 'https://www.tesco.com/groceries/en-GB/products/305867999', 'product_name': "Kellogg's Wkk Kids Blueberry & Apple 350G", 'product_price': '£ 3.00', 'product_additionals': '£8.58/kg'}, {'shop': 'tesco', 'url': 'https://www.tesco.com/groceries/en-GB/products/271028386', 'product_name': "Ella's Kitchen Apples Apples Apples 70G", 'product_price': '£ 0.80', 'product_additionals': '£11.43/kg'}, {'shop': 'tesco', 'url': 'https://www.tesco.com/groceries/en-GB/products/271645755', 'product_name': "Ella's Kitchen Spinach Apple Plus Swede Stage 120G", 'product_price': '£ 1.10', 'product_additionals': '£9.17/kg'}, {'shop': 'tesco', 'url': 'https://www.tesco.com/groceries/en-GB/products/305522048', 'product_name': 'Tesco Pork Belly With Apple Sauce 370G', 'product_price': '£ 3.50', 'product_additionals': '£9.46/kg'}, {'shop': 'tesco', 'url': 'https://www.tesco.com/groceries/en-GB/products/302947950', 'product_name': 'Tesco Pink Lady Apple And Grape Snack Pot 100G', 'product_price': '£ 1.00', 'product_additionals': '£10.00/kg'}, {'shop': 'tesco', 'url': 'https://www.tesco.com/groceries/en-GB/products/299919429', 'product_name': 'Tesco 2 Apple & Blackberry Puddings 220G', 'product_price': '£ 2.00', 'product_additionals': '£0.91/100g'}, {'shop': 'tesco', 'url': 'https://www.tesco.com/groceries/en-GB/products/305052713', 'product_name': 'Genius 2 Gluten Free Apple Pies 320G', 'product_price': '£ 3.25', 'product_additionals': '£10.16/kg'}, {'shop': 'tesco', 'url': 'https://www.tesco.com/groceries/en-GB/products/304868625', 'product_name': 'Goodbelly Oat Flakes With Apple & Cranberry 350G', 'product_price': '£ 3.50', 'product_additionals': '£1.00/100g'}, {'shop': 'tesco', 'url': 'https://www.tesco.com/groceries/en-GB/products/297297274', 'product_name': 'Tesco 2 Fresh Cream Bramley Apple Turnovers 160G', 'product_price': '£ 1.60', 'product_additionals': '£1.00/100g'}, {'shop': 'tesco', 'url': 'https://www.tesco.com/groceries/en-GB/products/278234073', 'product_name': 'Heinz Fruit Pouch Apple & Blueberry 100G', 'product_price': '£ 1.00', 'product_additionals': '£1.00/100g'}, {'shop': 'tesco', 'url': 'https://www.tesco.com/groceries/en-GB/products/299583894', 'product_name': 'Piccolo Organic Pear Apple & Spring Greens 100G', 'product_price': '£ 1.10', 'product_additionals': '£1.10/100g'}, {'shop': 'tesco', 'url': 'https://www.tesco.com/groceries/en-GB/products/304784637', 'product_name': 'Deliciously Ella Apple & Blackberry Crumble 275G', 'product_price': '£ 3.00', 'product_additionals': '£10.91/kg'}, {'shop': 'tesco', 'url': 'https://www.tesco.com/groceries/en-GB/products/302462117', 'product_name': 'Babease Organic Strawberry Apple Brown Rice 100G', 'product_price': '£ 1.10', 'product_additionals': '£1.10/100g'}, {'shop': 'tesco', 'url': 'https://www.tesco.com/groceries/en-GB/products/304795797', 'product_name': 'Quaker Raspberry Apple & Acai Porridge 8 Pack 281G', 'product_price': '£ 3.00', 'product_additionals': '£1.07/100g'}, {'shop': 'tesco', 'url': 'https://www.tesco.com/groceries/en-GB/products/261384001', 'product_name': "Ella's Kitchen Sweet Potato Pumpkin Apple & Blueberries 120G", 'product_price': '£ 1.10', 'product_additionals': '£9.17/kg'}, {'shop': 'tesco', 'url': 'https://www.tesco.com/groceries/en-GB/products/305435733', 'product_name': "Ella's Kitchen Organic Banana Apple Blueberry Baby Rice 120G", 'product_price': '£ 1.10', 'product_additionals': '£0.92/100g'}, {'shop': 'tesco', 'url': 'https://www.tesco.com/groceries/en-GB/products/264014086', 'product_name': 'Ilchester Applewood Smoked Cheddar 185G', 'product_price': '£ 2.10', 'product_additionals': '£11.36/kg'}, {'shop': 'tesco', 'url': 'https://www.tesco.com/groceries/en-GB/products/298648843', 'product_name': 'Organix Goodies Raspberry & Apple Bars 12X30g', 'product_price': '£ 4.50', 'product_additionals': '£12.50/kg'}, {'shop': 'tesco', 'url': 'https://www.tesco.com/groceries/en-GB/products/287001266', 'product_name': 'Organix Apple & Date 6 X 17G', 'product_price': '£ 2.00', 'product_additionals': '£1.97/100g'}, {'shop': 'tesco', 'url': 'https://www.tesco.com/groceries/en-GB/products/297673445', 'product_name': 'Tesco Finest Slow Cooked Gammon Shank In Pineapple 550G', 'product_price': '£ 6.00', 'product_additionals': '£10.91/kg'}, {'shop': 'tesco', 'url': 'https://www.tesco.com/groceries/en-GB/products/299583859', 'product_name': 'Piccolo Organic Banana Blueberry & Apple Baby Food 100G', 'product_price': '£ 1.10', 'product_additionals': '£11.00/kg'}, {'shop': 'tesco', 'url': 'https://www.tesco.com/groceries/en-GB/products/283467544', 'product_name': 'Aptamil Oats Apple & Plum Muesli 275G 10 Month Plus', 'product_price': '£ 3.30', 'product_additionals': '£12.00/kg'}, {'shop': 'tesco', 'url': 'https://www.tesco.com/groceries/en-GB/products/305988061', 'product_name': 'Moma Jumbo Oat Porridge Apple Date & Caramel 7 X 35G', 'product_price': '£ 2.90', 'product_additionals': '£1.19/100g'}, {'shop': 'tesco', 'url': 'https://www.tesco.com/groceries/en-GB/products/302275857', 'product_name': 'Ilchester Applewood Smoked Cheddar 170G', 'product_price': '£ 2.20', 'product_additionals': '£12.95/kg'}, {'shop': 'tesco', 'url': 'https://www.tesco.com/groceries/en-GB/products/288805713', 'product_name': 'Tesco Finest Apple & Cranberry Stuffing Mix 130G', 'product_price': '£ 1.40', 'product_additionals': '£10.77/kg'}, {'shop': 'tesco', 'url': 'https://www.tesco.com/groceries/en-GB/products/305836512', 'product_name': 'Applewood Vegan Smoky Cheese Alternative 200G', 'product_price': '£ 2.30', 'product_additionals': '£1.15/100g'}, {'shop': 'asda', 'url': 'https://groceries.asda.com/product/1000203424931', 'product_name': 'Whitworths White Chocolate & Apple With Cinnamon & Raisins', 'product_price': '£1.50', 'product_additionals': '(£1.15/100g)'}, {'shop': 'tesco', 'url': 'https://www.tesco.com/groceries/en-GB/products/307344238', 'product_name': 'Fuel 10K Toffee Apple Oat Muffin 60G', 'product_price': '£ 0.85', 'product_additionals': '£1.42/100g'}, {'shop': 'tesco', 'url': 'https://www.tesco.com/groceries/en-GB/products/296704740', 'product_name': 'Kiddylicious Apple Bakes 6 X 22G', 'product_price': '£ 2.20', 'product_additionals': '£1.67/100g'}, {'shop': 'tesco', 'url': 'https://www.tesco.com/groceries/en-GB/products/302000832', 'product_name': 'Tesco Apple Rice Cakes 40G', 'product_price': '£ 0.80', 'product_additionals': '£0.20/10g'}, {'shop': 'asda', 'url': 'https://groceries.asda.com/product/1000193273146', 'product_name': 'Quaker Porridge To Go Blueberry & Apple Breakfast Bars 2 Pack', 'product_price': '£1.30', 'product_additionals': '(£1.18/100g)'}, {'shop': 'tesco', 'url': 'https://www.tesco.com/groceries/en-GB/products/304399270', 'product_name': 'Nairns Gluten Free Oat Bar Apple & Cinnamon 160G', 'product_price': '£ 2.50', 'product_additionals': '£1.57/100g'}, {'shop': 'tesco', 'url': 'https://www.tesco.com/groceries/en-GB/products/255945384', 'product_name': 'Organix 12 Month Apple & Orange Fruit & Cereal Bar 6X30g', 'product_price': '£ 2.50', 'product_additionals': '£1.39/100g'}, {'shop': 'tesco', 'url': 'https://www.tesco.com/groceries/en-GB/products/268060828', 'product_name': 'Quaker Oat So Simple Apple & Blueberry Porridge 57G', 'product_price': '£ 0.90', 'product_additionals': '£1.58/100g'}, {'shop': 'tesco', 'url': 'https://www.tesco.com/groceries/en-GB/products/255126023', 'product_name': 'Organix 12 Month Apple & Raspberry Fruit & Cereal Bar 6X30g', 'product_price': '£ 2.50', 'product_additionals': '£1.39/100g'}, {'shop': 'tesco', 'url': 'https://www.tesco.com/groceries/en-GB/products/291419849', 'product_name': 'Eat Natural Bars Apple, Ginger & Dark Chocolate 3 X 45G', 'product_price': '£ 2.00', 'product_additionals': '£1.49/100g'}, {'shop': 'asda', 'url': 'https://groceries.asda.com/product/910001085696', 'product_name': 'Applewood Smoke Flavour Cheddar Cheese Snack Pack', 'product_price': '£1.00', 'product_additionals': '(£13.33/kg)'}, {'shop': 'tesco', 'url': 'https://www.tesco.com/groceries/en-GB/products/284983000', 'product_name': 'Bear Pure Fruit Yoyo Apple 5 X 20G', 'product_price': '£ 2.40', 'product_additionals': '£24.00/kg'}, {'shop': 'asda', 'url': 'https://groceries.asda.com/product/1000207107040', 'product_name': 'Bubble Up Pineapple Peach Sunny Side Up The Big Bath Melt Bar', 'product_price': '£3.00', 'product_additionals': '(£1.43/100g)'}, {'shop': 'asda', 'url': 'https://groceries.asda.com/product/910000395900', 'product_name': 'Quaker Oat So Simple Apple & Blueberry Porridge Pot', 'product_price': '£0.97', 'product_additionals': '(£1.70/100g)'}, {'shop': 'tesco', 'url': 'https://www.tesco.com/groceries/en-GB/products/302000792', 'product_name': 'Tesco Apple Rice Cakes 4 X 20G', 'product_price': '£ 1.80', 'product_additionals': '£0.22/10g'}, {'shop': 'tesco', 'url': 'https://www.tesco.com/groceries/en-GB/products/308089256', 'product_name': 'Applewood Smoky Vegan Cheese Alternative Grated 200G', 'product_price': '£ 2.75', 'product_additionals': '£13.75/kg'}, {'shop': 'tesco', 'url': 'https://www.tesco.com/groceries/en-GB/products/255125099', 'product_name': 'Organix 7 Month Rice Cakes Apple 50G', 'product_price': '£ 1.20', 'product_additionals': '£24.00/kg'}, {'shop': 'tesco', 'url': 'https://www.tesco.com/groceries/en-GB/products/301892709', 'product_name': 'Kiddylicious Apple Soft Biscotti 6X20g', 'product_price': '£ 2.20', 'product_additionals': '£18.34/kg'}, {'shop': 'tesco', 'url': 'https://www.tesco.com/groceries/en-GB/products/298648808', 'product_name': 'Organix Apple Rice Cakes Multipack 4X28g', 'product_price': '£ 2.50', 'product_additionals': '£22.33/kg'}, {'shop': 'tesco', 'url': 'https://www.tesco.com/groceries/en-GB/products/296070895', 'product_name': 'Tesco Finest Smoked Applewood Ham 125G', 'product_price': '£ 2.50', 'product_additionals': '£2.00/100g'}, {'shop': 'tesco', 'url': 'https://www.tesco.com/groceries/en-GB/products/304177918', 'product_name': "Kellogg's Wkk Apple&Pumpkin Bar 4X30g", 'product_price': '£ 2.49', 'product_additionals': '£2.08/100g'}, {'shop': 'tesco', 'url': 'https://www.tesco.com/groceries/en-GB/products/297490420', 'product_name': 'Bear Yoyo Sours Blackcurrant & Apple 100G', 'product_price': '£ 2.40', 'product_additionals': '£24.00/kg'}, {'shop': 'tesco', 'url': 'https://www.tesco.com/groceries/en-GB/products/271413609', 'product_name': "Ella's Strawberries & Apples Nibbly Fingers 5 X 25G", 'product_price': '£ 2.50', 'product_additionals': '£20.00/kg'}, {'shop': 'tesco', 'url': 'https://www.tesco.com/groceries/en-GB/products/306927708', 'product_name': 'Bear Giant Yoyo Apple & Blackcurrant 5 X 20G', 'product_price': '£ 2.40', 'product_additionals': '£24.00/kg'}, {'shop': 'tesco', 'url': 'https://www.tesco.com/groceries/en-GB/products/305253176', 'product_name': 'Kiddylicious Juicy Fruit Bars Pineapple & Coconut 100G', 'product_price': '£ 2.35', 'product_additionals': '£23.50/kg'}, {'shop': 'asda', 'url': 'https://groceries.asda.com/product/1000203231981', 'product_name': 'The Fruit Factory Fruit Stars Strawberry, Apple and Orange 5 Pack', 'product_price': '£2.00', 'product_additionals': '(£2.00/100g)'}, {'shop': 'asda', 'url': 'https://groceries.asda.com/product/1000203231909', 'product_name': 'The Fruit Factory Fruit Strings Strawberry, Apple and Orange 5 Pack', 'product_price': '£2.00', 'product_additionals': '(£2.00/100g)'}, {'shop': 'tesco', 'url': 'https://www.tesco.com/groceries/en-GB/products/305252239', 'product_name': 'Botanica Airwick Pineapple Tunisian Rosemary 205G', 'product_price': '£ 7.00', 'product_additionals': '£34.15/kg'}, {'shop': 'tesco', 'url': 'https://www.tesco.com/groceries/en-GB/products/302820564', 'product_name': 'Bloo Fragrance Switch Lily & Apple Rim Block 50G', 'product_price': '£ 1.75', 'product_additionals': '£35.00/kg'}, {'shop': 'tesco', 'url': 'https://www.tesco.com/groceries/en-GB/products/300274913', 'product_name': "Nim's Air Dried Apple Crisps 20G", 'product_price': '£ 0.85', 'product_additionals': '£4.25/100g'}, {'shop': 'asda', 'url': 'https://groceries.asda.com/product/1000103026346', 'product_name': 'Schwartz Christmas Limited Edition Braised Red Cabbage with Apple & Cider Recipe Mix', 'product_price': '£0.85', 'product_additionals': '(£2.43/100g)'}, {'shop': 'tesco', 'url': 'https://www.tesco.com/groceries/en-GB/products/250293808', 'product_name': 'Twinings Green Tea And Pineapple 20S 40G', 'product_price': '£ 2.00', 'product_additionals': '£5.00/100g'}, {'shop': 'tesco', 'url': 'https://www.tesco.com/groceries/en-GB/products/271394573', 'product_name': 'Kiddylicious Apple Fruit Wriggles 12G', 'product_price': '£ 0.55', 'product_additionals': '£45.84/kg'}, {'shop': 'asda', 'url': 'https://groceries.asda.com/product/910000447514', 'product_name': 'Kiddylicious Apple Fruit Wriggles 12+ Months', 'product_price': '£0.50', 'product_additionals': '(£4.17/100g)'}, {'shop': 'tesco', 'url': 'https://www.tesco.com/groceries/en-GB/products/250293958', 'product_name': 'Twinings Pear & Apple Green Tea Tea Bags 20S 40G', 'product_price': '£ 2.00', 'product_additionals': '£5.00/100g'}, {'shop': 'tesco', 'url': 'https://www.tesco.com/groceries/en-GB/products/301892082', 'product_name': "Ella's Kitchen Cheese Plus Apple Melty Sticks 16G", 'product_price': '£ 1.00', 'product_additionals': '£62.50/kg'}, {'shop': 'tesco', 'url': 'https://www.tesco.com/groceries/en-GB/products/305250375', 'product_name': 'Kiddylicious Apple & Carrot Rice Crispy Sticks 6 X 10G', 'product_price': '£ 2.75', 'product_additionals': '£45.84/kg'}, {'shop': 'tesco', 'url': 'https://www.tesco.com/groceries/en-GB/products/279526774', 'product_name': 'Pukka Organic Spiced Apple Cinnamon Plus Ginger 20 Tea Bags 40G', 'product_price': '£ 2.80', 'product_additionals': '£7.00/100g'}, {'shop': 'asda', 'url': 'https://groceries.asda.com/product/1000133331310', 'product_name': 'ASDA Bramley Apple Sauce', 'product_price': '£0.49', 'product_additionals': '(17.5p/100g)'}, {'shop': 'asda', 'url': 'https://groceries.asda.com/product/21081', 'product_name': 'ASDA Apple Slices', 'product_price': '£0.79', 'product_additionals': '(20.5p/100g)'}, {'shop': 'tesco', 'url': 'https://www.tesco.com/groceries/en-GB/products/301176826', 'product_name': 'Twinings Cold Infuse Coconut & Pineapple 30G', 'product_price': '£ 3.79', 'product_additionals': '£12.64/100g'}, {'shop': 'tesco', 'url': 'https://www.tesco.com/groceries/en-GB/products/304555172', 'product_name': 'Twinings Cold Infuse Apple Cucumber & Mint 30G', 'product_price': '£ 3.79', 'product_additionals': '£12.64/100g'}, {'shop': 'asda', 'url': 'https://groceries.asda.com/product/1000009534793', 'product_name': 'Twinings Superblends Sleep Spiced Apple & Vanilla with Camomile & Passionflowers 20 Tea Bags', 'product_price': '£2.00', 'product_additionals': '(£6.67/100g)'}, {'shop': 'asda', 'url': 'https://groceries.asda.com/product/1000189643969', 'product_name': 'Longley Farm Apple Yogurt', 'product_price': '£0.42', 'product_additionals': '(28.0p/100g)'}, {'shop': 'asda', 'url': 'https://groceries.asda.com/product/1000053469148', 'product_name': "Twinings Cold In'fuse Blueberry, Apple & Blackcurrant", 'product_price': '£3.79', 'product_additionals': '(£12.63/100g)'}, {'shop': 'tesco', 'url': 'https://www.tesco.com/groceries/en-GB/products/301175129', 'product_name': 'Twinings Cold Infuse Blueberry Apple Blackcurrant 30G', 'product_price': '£ 3.79', 'product_additionals': '£12.64/100g'}, {'shop': 'asda', 'url': 'https://groceries.asda.com/product/910002689102', 'product_name': 'ASDA Strawberry Raspberry & Apple Granola', 'product_price': '£2.00', 'product_additionals': '(20.0p/100g)'}, {'shop': 'asda', 'url': 'https://groceries.asda.com/product/1000136120575', 'product_name': "Hartley's Best of Pineapple Jam", 'product_price': '£1.00', 'product_additionals': '(33.3p/100g)'}, {'shop': 'asda', 'url': 'https://groceries.asda.com/product/910000027400', 'product_name': "Hartley's Pineapple in Jelly", 'product_price': '£0.72', 'product_additionals': '(41.1p/100g)'}, {'shop': 'asda', 'url': 'https://groceries.asda.com/product/910003200959', 'product_name': 'Ambrosia Apple Rice Pudding Pot', 'product_price': '£0.59', 'product_additionals': '(39.3p/100g)'}, {'shop': 'asda', 'url': 'https://groceries.asda.com/product/910001390131', 'product_name': 'Muller Rice Raspberry & Apple Low Fat Desserts', 'product_price': '£3.00', 'product_additionals': '(27.8p/100g)'}, {'shop': 'asda', 'url': 'https://groceries.asda.com/product/910003033748', 'product_name': 'ASDA Apple Crumble', 'product_price': '£2.50', 'product_additionals': '(50.0p/100g)'}, {'shop': 'asda', 'url': 'https://groceries.asda.com/product/37354', 'product_name': 'Dole Fruit in Juice Pineapple', 'product_price': '£0.50', 'product_additionals': '(44.2p/100g)'}, {'shop': 'asda', 'url': 'https://groceries.asda.com/product/910001390377', 'product_name': "Hartley's Jelly Pineapple Flavour", 'product_price': '£0.50', 'product_additionals': '(40.0p/100g)'}, {'shop': 'asda', 'url': 'https://groceries.asda.com/product/910000442252', 'product_name': "Hartley's 10 Cal Apple & Watermelon Flavour Jelly", 'product_price': '£0.50', 'product_additionals': '(28.6p/100g)'}, {'shop': 'asda', 'url': 'https://groceries.asda.com/product/910001952864', 'product_name': "Hartley's Pineapple Flavour Jelly", 'product_price': '£0.55', 'product_additionals': '(40.7p/100g)'}, {'shop': 'asda', 'url': 'https://groceries.asda.com/product/910001322962', 'product_name': 'Go Ahead! Crispy Apple Slices', 'product_price': '£1.00', 'product_additionals': '(45.9p/100g)'}, {'shop': 'asda', 'url': 'https://groceries.asda.com/product/37638', 'product_name': 'Del Monte Pineapple Chunks in Juice', 'product_price': '£1.10', 'product_additionals': '(42.3p/100g)'}, {'shop': 'asda', 'url': 'https://groceries.asda.com/product/23397', 'product_name': 'Del Monte Sliced Pineapple in Juice', 'product_price': '£1.10', 'product_additionals': '(42.3p/100g)'}, {'shop': 'asda', 'url': 'https://groceries.asda.com/product/466253', 'product_name': 'Del Monte Crushed Pineapple in Own Juice', 'product_price': '£1.10', 'product_additionals': '(39.6p/100g)'}, {'shop': 'asda', 'url': 'https://groceries.asda.com/product/1000004538423', 'product_name': 'ASDA Extra Special Berry & Bramley Apple Jam', 'product_price': '£1.25', 'product_additionals': '(36.8p/100g)'}, {'shop': 'asda', 'url': 'https://groceries.asda.com/product/910002993005', 'product_name': 'Go Ahead! Apple Bakes', 'product_price': '£1.50', 'product_additionals': '(71.4p/100g)'}, {'shop': 'asda', 'url': 'https://groceries.asda.com/product/1000199388624', 'product_name': "McVitie's 10 Pineapple Jaffa Cakes", 'product_price': '£0.60', 'product_additionals': '(49.2p/100g)'}, {'shop': 'asda', 'url': 'https://groceries.asda.com/product/910000953796', 'product_name': 'Dole Fruit in Juice Pineapple & Mandarins', 'product_price': '£0.50', 'product_additionals': '(44.2p/100g)'}, {'shop': 'asda', 'url': 'https://groceries.asda.com/product/1000052962645', 'product_name': 'Del Monte Gold Pineapple Chunks in Juice', 'product_price': '£1.20', 'product_additionals': '(46.2p/100g)'}, {'shop': 'asda', 'url': 'https://groceries.asda.com/product/1000052962713', 'product_name': 'Del Monte Gold Pineapple Slices in Juice', 'product_price': '£1.20', 'product_additionals': '(46.2p/100g)'}, {'shop': 'asda', 'url': 'https://groceries.asda.com/product/910003020651', 'product_name': "Colman's Bramley Apple Sauce", 'product_price': '£1.00', 'product_additionals': '(64.5p/100g)'}, {'shop': 'asda', 'url': 'https://groceries.asda.com/product/910001389140', 'product_name': "Hartley's No Added Sugar Jelly Apple Flavour", 'product_price': '£0.50', 'product_additionals': '(43.5p/100g)'}, {'shop': 'asda', 'url': 'https://groceries.asda.com/product/1000051700064', 'product_name': 'Branston Dorset Ale & Apple Chutney', 'product_price': '£1.55', 'product_additionals': '(53.4p/100g)'}, {'shop': 'asda', 'url': 'https://groceries.asda.com/product/1000213879511', 'product_name': 'ASDA 6 Mini Pork & Apple Pies', 'product_price': '£1.55', 'product_additionals': '(51.7p/100g)'}, {'shop': 'asda', 'url': 'https://groceries.asda.com/product/37805', 'product_name': 'Del Monte Sliced Pineapple in Juice', 'product_price': '£0.80', 'product_additionals': '(57.1p/100g)'}, {'shop': 'asda', 'url': 'https://groceries.asda.com/product/910002522972', 'product_name': 'Del Monte Squeezie Apple & Mango', 'product_price': '£0.50', 'product_additionals': '(50.0p/100g)'}, {'shop': 'asda', 'url': 'https://groceries.asda.com/product/1000114612689', 'product_name': 'ASDA Apple & Cinnamon Fruit & Grain Bars', 'product_price': '£0.95', 'product_additionals': '(42.8p/100g)'}, {'shop': 'asda', 'url': 'https://groceries.asda.com/product/910000953620', 'product_name': 'Dole Fruit in Jelly Pineapple in Raspberry Flavour Jelly', 'product_price': '£0.50', 'product_additionals': '(44.2p/100g)'}, {'shop': 'asda', 'url': 'https://groceries.asda.com/product/910001068902', 'product_name': 'Del Monte Quality Pineapple Chunks in Own Juice', 'product_price': '£0.80', 'product_additionals': '(57.1p/100g)'}, {'shop': 'asda', 'url': 'https://groceries.asda.com/product/12047250', 'product_name': "White's Apple & Cinnamon Toasted Oats", 'product_price': '£2.90', 'product_additionals': '(58.0p/100g)'}, {'shop': 'asda', 'url': 'https://groceries.asda.com/product/910002523074', 'product_name': 'Del Monte Squeezie Apple Strawberry & Banana', 'product_price': '£0.50', 'product_additionals': '(50.0p/100g)'}, {'shop': 'asda', 'url': 'https://groceries.asda.com/product/910003043564', 'product_name': 'ASDA Apple & Blueberry Porridge Pot', 'product_price': '£0.35', 'product_additionals': '(61.4p/100g)'}, {'shop': 'asda', 'url': 'https://groceries.asda.com/product/910002522987', 'product_name': 'Del Monte Squeezie Apple Strawberry & Blueberry', 'product_price': '£0.50', 'product_additionals': '(50.0p/100g)'}, {'shop': 'asda', 'url': 'https://groceries.asda.com/product/1000039942528', 'product_name': 'Swizzels Drumstick Squashies Sour Cherry & Apple Flavour', 'product_price': '£0.90', 'product_additionals': '(56.2p/100g)'}, {'shop': 'asda', 'url': 'https://groceries.asda.com/product/910000048124', 'product_name': 'ASDA Extra Special Mango Apple & Ginger Chutney', 'product_price': '£1.98', 'product_additionals': '(68.3p/100g)'}, {'shop': 'asda', 'url': 'https://groceries.asda.com/product/77297209', 'product_name': 'Quaker Oat So Simple Apple & Blueberry Porridge 10 Pack', 'product_price': '£2.75', 'product_additionals': '(76.4p/100g)'}, {'shop': 'asda', 'url': 'https://groceries.asda.com/product/910002091563', 'product_name': 'ASDA Extra Special English Bramley Apple Sauce with Cider', 'product_price': '£1.65', 'product_additionals': '(75.0p/100g)'}, {'shop': 'asda', 'url': 'https://groceries.asda.com/product/1000194606778', 'product_name': 'Quaker Perfect Blends Raspberry, Apple & Acai Porridge 8 Pack', 'product_price': '£2.00', 'product_additionals': '(71.0p/100g)'}, {'shop': 'asda', 'url': 'https://groceries.asda.com/product/1000194606864', 'product_name': 'Quaker Perfect Blends Apple, Raisin & Cinnamon Porridge 8 Pack', 'product_price': '£2.00', 'product_additionals': '(72.0p/100g)'}, {'shop': 'asda', 'url': 'https://groceries.asda.com/product/910000395872', 'product_name': "Kellogg's Nutri-Grain Fruity Apple Breakfast Bars", 'product_price': '£2.19', 'product_additionals': '(98.7p/100g)'}, {'shop': 'asda', 'url': 'https://groceries.asda.com/product/1000192700063', 'product_name': 'W.K Kellogg Kids Strawberry, Apple & Carrot Multigrain Shapes Cereal', 'product_price': '£2.99', 'product_additionals': '(85.4p/100g)'}, {'shop': 'asda', 'url': 'https://groceries.asda.com/product/1000192700033', 'product_name': 'W.K Kellogg Kids No Added Sugar Blueberry, Apple & Beetroot Multigrain Shapes Cereal', 'product_price': '£2.99', 'product_additionals': '(85.4p/100g)'}, {'shop': 'tesco', 'url': 'https://www.tesco.com/groceries/en-GB/products/267765676', 'product_name': 'Jammin Sparkling Pineapple Drink 2 Litres', 'product_price': '£ 0.90', 'product_additionals': '£0.04/100ml'}, {'shop': 'tesco', 'url': 'https://www.tesco.com/groceries/en-GB/products/252895619', 'product_name': 'Tesco Sparkling Water Apple & Raspberry 1L', 'product_price': '£ 0.45', 'product_additionals': '£0.04/100ml'}, {'shop': 'tesco', 'url': 'https://www.tesco.com/groceries/en-GB/products/301219495', 'product_name': 'Growers Harvest Pure Apple Juice 1 Litre', 'product_price': '£ 0.59', 'product_additionals': '£0.06/100ml'}, {'shop': 'tesco', 'url': 'https://www.tesco.com/groceries/en-GB/products/284738142', 'product_name': 'Tesco Apple & Elderflower Sparkling Water 1 Litre', 'product_price': '£ 0.45', 'product_additionals': '£0.04/100ml'}, {'shop': 'tesco', 'url': 'https://www.tesco.com/groceries/en-GB/products/301219535', 'product_name': 'Growers Harvest Apple Juice Drink 1 Litre', 'product_price': '£ 0.55', 'product_additionals': '£0.06/100ml'}, {'shop': 'tesco', 'url': 'https://www.tesco.com/groceries/en-GB/products/305042731', 'product_name': 'Nestle Pure Life Mango Pineapple Sparkling Water 1L', 'product_price': '£ 0.50', 'product_additionals': '£0.05/100ml'}, {'shop': 'tesco', 'url': 'https://www.tesco.com/groceries/en-GB/products/301107472', 'product_name': 'Growers Harvest Apple Juice 3X200ml', 'product_price': '£ 0.40', 'product_additionals': '£0.07/100ml'}, {'shop': 'tesco', 'url': 'https://www.tesco.com/groceries/en-GB/products/266385580', 'product_name': 'Caprio Apple & Raspberry Drink 2 Litre Carton', 'product_price': '£ 1.10', 'product_additionals': '£0.06/100ml'}, {'shop': 'tesco', 'url': 'https://www.tesco.com/groceries/en-GB/products/276003678', 'product_name': 'K.A. Sparkling Pineapple Drink 2 Litre', 'product_price': '£ 1.35', 'product_additionals': '£0.07/100ml'}, {'shop': 'tesco', 'url': 'https://www.tesco.com/groceries/en-GB/products/259336315', 'product_name': 'Tesco Pineapple Juice 1 Litre', 'product_price': '£ 0.90', 'product_additionals': '£0.09/100ml'}, {'shop': 'tesco', 'url': 'https://www.tesco.com/groceries/en-GB/products/296688412', 'product_name': 'Volvic Apple And Elderflower Water S/Free1.5L', 'product_price': '£ 0.79', 'product_additionals': '£0.05/100ml'}, {'shop': 'tesco', 'url': 'https://www.tesco.com/groceries/en-GB/products/300473931', 'product_name': 'Growers Harvest Pure Apple Juice 1 Litre', 'product_price': '£ 0.69', 'product_additionals': '£0.07/100ml'}, {'shop': 'tesco', 'url': 'https://www.tesco.com/groceries/en-GB/products/300474095', 'product_name': 'Growers Harvest Pure Apple Juice 2 Litre', 'product_price': '£ 1.35', 'product_additionals': '£0.07/100ml'}, {'shop': 'tesco', 'url': 'https://www.tesco.com/groceries/en-GB/products/260861469', 'product_name': 'Tymbark Apple & Mint Nectar Drink 2L', 'product_price': '£ 1.55', 'product_additionals': '£0.08/100ml'}, {'shop': 'tesco', 'url': 'https://www.tesco.com/groceries/en-GB/products/300112737', 'product_name': 'Tymbark Apple Watermelon Drink 2 Litre', 'product_price': '£ 1.50', 'product_additionals': '£0.08/100ml'}, {'shop': 'tesco', 'url': 'https://www.tesco.com/groceries/en-GB/products/260861515', 'product_name': 'Tymbark Cherry & Apple Nectar Drink 2L', 'product_price': '£ 1.55', 'product_additionals': '£0.08/100ml'}, {'shop': 'tesco', 'url': 'https://www.tesco.com/groceries/en-GB/products/306650136', 'product_name': 'Don Simon Pineapple & Coconut Juice Drink 1.5Ltr', 'product_price': '£ 1.00', 'product_additionals': '£0.07/100ml'}, {'shop': 'tesco', 'url': 'https://www.tesco.com/groceries/en-GB/products/254859608', 'product_name': 'Tesco Pure Apple Juice 4 X 1 Litre', 'product_price': '£ 3.30', 'product_additionals': '£0.08/100ml'}, {'shop': 'tesco', 'url': 'https://www.tesco.com/groceries/en-GB/products/254859580', 'product_name': 'Tesco Pure Apple Juice 1 Litre', 'product_price': '£ 0.90', 'product_additionals': '£0.09/100ml'}, {'shop': 'tesco', 'url': 'https://www.tesco.com/groceries/en-GB/products/302012311', 'product_name': 'Lucozade Energy Apple Blast 1 Litre', 'product_price': '£ 0.99', 'product_additionals': '£0.10/100ml'}, {'shop': 'tesco', 'url': 'https://www.tesco.com/groceries/en-GB/products/301107437', 'product_name': 'Stockwell & Co Apple & Blackcurrant No Added Sugar Squash 750Ml', 'product_price': '£ 0.40', 'product_additionals': '£0.05/100ml'}, {'shop': 'tesco', 'url': 'https://www.tesco.com/groceries/en-GB/products/305247063', 'product_name': 'Kubus Still Water Apple Flavoured Drink 1.5L', 'product_price': '£ 1.35', 'product_additionals': '£0.09/100ml'}, {'shop': 'tesco', 'url': 'https://www.tesco.com/groceries/en-GB/products/258298194', 'product_name': 'Tesco Pineapple Juice 3X200ml', 'product_price': '£ 0.80', 'product_additionals': '£0.13/100ml'}, {'shop': 'tesco', 'url': 'https://www.tesco.com/groceries/en-GB/products/263588926', 'product_name': 'Tesco Double Concentrate Apple & Strawberry Squash N/As 1.5L', 'product_price': '£ 1.00', 'product_additionals': '£0.07/100ml'}, {'shop': 'tesco', 'url': 'https://www.tesco.com/groceries/en-GB/products/306942655', 'product_name': 'Juice Burst Apple Juice 1L', 'product_price': '£ 1.25', 'product_additionals': '£0.12/100ml'}, {'shop': 'tesco', 'url': 'https://www.tesco.com/groceries/en-GB/products/275389752', 'product_name': 'K.A. Sparkling Pineapple Soda Can 330Ml', 'product_price': '£ 0.37', 'product_additionals': '£0.11/100ml'}, {'shop': 'tesco', 'url': 'https://www.tesco.com/groceries/en-GB/products/292718079', 'product_name': 'Tesco Apple & Raspberry No Added Sugar Sparkling Water 4X500ml', 'product_price': '£ 1.29', 'product_additionals': '£0.06/100ml'}, {'shop': 'tesco', 'url': 'https://www.tesco.com/groceries/en-GB/products/263588621', 'product_name': 'Tesco Double Strength Apple Squash No Added Sugar 1.5L', 'product_price': '£ 1.00', 'product_additionals': '£0.07/100ml'}, {'shop': 'tesco', 'url': 'https://www.tesco.com/groceries/en-GB/products/302012294', 'product_name': 'Lucozade Energy Apple Blast 6X380ml', 'product_price': '£ 3.00', 'product_additionals': '£0.13/100ml'}, {'shop': 'tesco', 'url': 'https://www.tesco.com/groceries/en-GB/products/263588172', 'product_name': 'Tesco Double Concentrate Apple & Blackcurrant No Added Sugar Squash 1.5L', 'product_price': '£ 1.00', 'product_additionals': '£0.07/100ml'}, {'shop': 'tesco', 'url': 'https://www.tesco.com/groceries/en-GB/products/301219472', 'product_name': 'Tesco Juice Drink Apple & Raspberry 1 Litre', 'product_price': '£ 0.90', 'product_additionals': '£0.09/100ml'}, {'shop': 'tesco', 'url': 'https://www.tesco.com/groceries/en-GB/products/272691801', 'product_name': 'Robinsons Hydro Orange & Pineapple 8X200ml', 'product_price': '£ 2.00', 'product_additionals': '£0.12/100ml'}, {'shop': 'tesco', 'url': 'https://www.tesco.com/groceries/en-GB/products/263588362', 'product_name': 'Tesco Double Concentrate Lemon Orange & Pineapple No Added Sugar Squash 1.5L', 'product_price': '£ 1.00', 'product_additionals': '£0.07/100ml'}, {'shop': 'tesco', 'url': 'https://www.tesco.com/groceries/en-GB/products/254858137', 'product_name': 'Tesco Pure Apple Juice 3X200ml', 'product_price': '£ 0.80', 'product_additionals': '£0.13/100ml'}, {'shop': 'tesco', 'url': 'https://www.tesco.com/groceries/en-GB/products/287258739', 'product_name': 'Tesco Pure Apple Juice 5X150ml', 'product_price': '£ 1.00', 'product_additionals': '£0.13/100ml'}, {'shop': 'tesco', 'url': 'https://www.tesco.com/groceries/en-GB/products/289510599', 'product_name': 'Tesco Apple And Mango From Concentrate 1 Litre', 'product_price': '£ 0.90', 'product_additionals': '£0.09/100ml'}, {'shop': 'tesco', 'url': 'https://www.tesco.com/groceries/en-GB/products/257819433', 'product_name': 'Tesco Fruit Splash Apple Juice Drink No Added Sugar 3X250ml', 'product_price': '£ 0.70', 'product_additionals': '£0.09/100ml'}, {'shop': 'tesco', 'url': 'https://www.tesco.com/groceries/en-GB/products/274769638', 'product_name': 'Old Jamaica Sparkling Pineapple Soda Drink 330Ml', 'product_price': '£ 0.37', 'product_additionals': '£0.11/100ml'}, {'shop': 'tesco', 'url': 'https://www.tesco.com/groceries/en-GB/products/274209830', 'product_name': 'Tesco Still Water Orange & Pineapple Flavoured 4 X 300Ml', 'product_price': '£ 1.20', 'product_additionals': '£0.10/100ml'}, {'shop': 'tesco', 'url': 'https://www.tesco.com/groceries/en-GB/products/276956212', 'product_name': 'T.100% Pure Pressed Pineapple Juicenfc 1 Litre', 'product_price': '£ 1.25', 'product_additionals': '£0.12/100ml'}, {'shop': 'tesco', 'url': 'https://www.tesco.com/groceries/en-GB/products/306801166', 'product_name': 'Tesco Apple, Lemon & Ginger Juice 1L', 'product_price': '£ 1.25', 'product_additionals': '£0.12/100ml'}, {'shop': 'tesco', 'url': 'https://www.tesco.com/groceries/en-GB/products/301281338', 'product_name': 'Tesco Extracts Apple Shampoo 500Ml', 'product_price': '£ 0.80', 'product_additionals': '£0.16/100ml'}, {'shop': 'tesco', 'url': 'https://www.tesco.com/groceries/en-GB/products/307132299', 'product_name': 'Sunkist No Added Sugar Apple & Blackcurrant Squash 1 Litre', 'product_price': '£ 1.00', 'product_additionals': '£0.10/100ml'}, {'shop': 'tesco', 'url': 'https://www.tesco.com/groceries/en-GB/products/300413139', 'product_name': 'Kubus Carrot Banana & Apple 100% Juice 900Ml', 'product_price': '£ 1.20', 'product_additionals': '£0.13/100ml'}, {'shop': 'tesco', 'url': 'https://www.tesco.com/groceries/en-GB/products/255185891', 'product_name': 'Tesco High Juice Apple Squash 1L', 'product_price': '£ 1.35', 'product_additionals': '£0.14/100ml'}, {'shop': 'tesco', 'url': 'https://www.tesco.com/groceries/en-GB/products/274209778', 'product_name': 'Tesco Still Water Apple & Raspberry No Added Sugar 4 X 300Ml', 'product_price': '£ 1.20', 'product_additionals': '£0.10/100ml'}, {'shop': 'tesco', 'url': 'https://www.tesco.com/groceries/en-GB/products/288306532', 'product_name': 'Copella Apple Juice 900Ml', 'product_price': '£ 2.00', 'product_additionals': '£0.22/100ml'}, {'shop': 'tesco', 'url': 'https://www.tesco.com/groceries/en-GB/products/263201953', 'product_name': 'Tymbark Apple & Mint Drink 250Ml', 'product_price': '£ 0.45', 'product_additionals': '£0.18/100ml'}, {'shop': 'tesco', 'url': 'https://www.tesco.com/groceries/en-GB/products/300413174', 'product_name': 'Kubus Carrot Raspberry & Apple 100% Juice 900Ml', 'product_price': '£ 1.20', 'product_additionals': '£0.13/100ml'}, {'shop': 'tesco', 'url': 'https://www.tesco.com/groceries/en-GB/products/257850112', 'product_name': "Welch's White Grape Pear & Apple Juice Drink 1L", 'product_price': '£ 1.30', 'product_additionals': '£0.13/100ml'}, {'shop': 'tesco', 'url': 'https://www.tesco.com/groceries/en-GB/products/250398900', 'product_name': 'Tesco Organic Apple Juice 3X200ml', 'product_price': '£ 1.10', 'product_additionals': '£0.18/100ml'}, {'shop': 'tesco', 'url': 'https://www.tesco.com/groceries/en-GB/products/280823531', 'product_name': 'Tesco Apple & Mango High Juice 1Ltr', 'product_price': '£ 1.35', 'product_additionals': '£0.14/100ml'}, {'shop': 'tesco', 'url': 'https://www.tesco.com/groceries/en-GB/products/265845700', 'product_name': 'Tymbark Apple & Cherry Drink 250Ml', 'product_price': '£ 0.45', 'product_additionals': '£0.18/100ml'}, {'shop': 'tesco', 'url': 'https://www.tesco.com/groceries/en-GB/products/262460802', 'product_name': 'Fruit Shoot Apple & Blackcurrant No Added Sugar 24 X 200Ml', 'product_price': '£ 4.50', 'product_additionals': '£0.09/100ml'}, {'shop': 'tesco', 'url': 'https://www.tesco.com/groceries/en-GB/products/292069443', 'product_name': 'Fruit Shoot Hydro Apple & Raspberry 8X200ml', 'product_price': '£ 2.00', 'product_additionals': '£0.12/100ml'}, {'shop': 'tesco', 'url': 'https://www.tesco.com/groceries/en-GB/products/260074243', 'product_name': 'Robinsons Fruit & Barley Apple & Pear 1L', 'product_price': '£ 1.65', 'product_additionals': '£0.16/100ml'}, {'shop': 'tesco', 'url': 'https://www.tesco.com/groceries/en-GB/products/272417736', 'product_name': 'Fruit Shoot No Added Sugar Apple & Blackcurrant 15X200ml', 'product_price': '£ 3.50', 'product_additionals': '£0.12/100ml'}, {'shop': 'tesco', 'url': 'https://www.tesco.com/groceries/en-GB/products/255599833', 'product_name': 'Robinsons Orange Pineapple No Added Sugar 1L', 'product_price': '£ 1.50', 'product_additionals': '£0.15/100ml'}, {'shop': 'tesco', 'url': 'https://www.tesco.com/groceries/en-GB/products/252905391', 'product_name': 'Tesco Apple & Blackcurrant Juice Drink No Added Sugar 3X250ml', 'product_price': '£ 0.70', 'product_additionals': '£0.09/100ml'}, {'shop': 'tesco', 'url': 'https://www.tesco.com/groceries/en-GB/products/294422949', 'product_name': 'Robinsons Apple & Blackcurrant No Added Sugar Squash 2L', 'product_price': '£ 2.00', 'product_additionals': '£0.10/100ml'}, {'shop': 'tesco', 'url': 'https://www.tesco.com/groceries/en-GB/products/256045013', 'product_name': 'Tesco Apple/Blackcurrant Juice (No Added Sugar) Drink 12X250ml', 'product_price': '£ 2.75', 'product_additionals': '£0.09/100ml'}, {'shop': 'tesco', 'url': 'https://www.tesco.com/groceries/en-GB/products/301218916', 'product_name': 'Tesco High Juice Apple & Elderflower 1L', 'product_price': '£ 1.35', 'product_additionals': '£0.14/100ml'}, {'shop': 'tesco', 'url': 'https://www.tesco.com/groceries/en-GB/products/256607708', 'product_name': 'Sun Exotic Pineapple & Coconut Juice Drink 1Ltr', 'product_price': '£ 1.50', 'product_additionals': '£0.15/100ml'}, {'shop': 'tesco', 'url': 'https://www.tesco.com/groceries/en-GB/products/285098159', 'product_name': 'Tesco Tesco Apple & Mango Juice Fc 3 X 200Ml', 'product_price': '£ 0.80', 'product_additionals': '£0.13/100ml'}, {'shop': 'tesco', 'url': 'https://www.tesco.com/groceries/en-GB/products/305042760', 'product_name': 'Rockstar Power Apple 500Ml', 'product_price': '£ 1.29', 'product_additionals': '£0.26/100ml'}, {'shop': 'tesco', 'url': 'https://www.tesco.com/groceries/en-GB/products/256691606', 'product_name': 'Robinsons Fruit Shoot Apple No Added Sugar 8X200ml', 'product_price': '£ 2.00', 'product_additionals': '£0.12/100ml'}, {'shop': 'tesco', 'url': 'https://www.tesco.com/groceries/en-GB/products/278994762', 'product_name': 'Tesco 100% Pure Pressed Apple & Raspberry Juice 1L', 'product_price': '£ 1.25', 'product_additionals': '£0.12/100ml'}, {'shop': 'tesco', 'url': 'https://www.tesco.com/groceries/en-GB/products/296050585', 'product_name': 'Tropicana Apple Juice 950Ml', 'product_price': '£ 2.48', 'product_additionals': '£0.26/100ml'}, {'shop': 'tesco', 'url': 'https://www.tesco.com/groceries/en-GB/products/256660315', 'product_name': 'Robinsons Fruit Shoots Blackcurrant & Apple No Added Sugar 4X200ml', 'product_price': '£ 1.00', 'product_additionals': '£0.12/100ml'}, {'shop': 'tesco', 'url': 'https://www.tesco.com/groceries/en-GB/products/276956454', 'product_name': 'Tesco Apple & Mango Juice Not From Concentrate 1 Litre', 'product_price': '£ 1.25', 'product_additionals': '£0.12/100ml'}, {'shop': 'tesco', 'url': 'https://www.tesco.com/groceries/en-GB/products/276956270', 'product_name': 'Tesco Pressed Apple Juice Not From Concentrate 1 Litre', 'product_price': '£ 1.25', 'product_additionals': '£0.12/100ml'}, {'shop': 'tesco', 'url': 'https://www.tesco.com/groceries/en-GB/products/305252586', 'product_name': 'Fruit Shoot Hydro Apple & Raspberry Spring Water 4X200ml', 'product_price': '£ 1.00', 'product_additionals': '£0.12/100ml'}, {'shop': 'tesco', 'url': 'https://www.tesco.com/groceries/en-GB/products/288178256', 'product_name': 'Tesco Apple & Elderflower Not From Concentrated Juice 1L', 'product_price': '£ 1.25', 'product_additionals': '£0.12/100ml'}, {'shop': 'tesco', 'url': 'https://www.tesco.com/groceries/en-GB/products/272489114', 'product_name': 'Innocent Apple Juice 1.35L', 'product_price': '£ 3.20', 'product_additionals': '£0.24/100ml'}, {'shop': 'tesco', 'url': 'https://www.tesco.com/groceries/en-GB/products/305838078', 'product_name': 'Tropicana Pressed Apple Juice 1.4L', 'product_price': '£ 3.30', 'product_additionals': '£0.24/100ml'}, {'shop': 'tesco', 'url': 'https://www.tesco.com/groceries/en-GB/products/254854677', 'product_name': 'Robinsons Apple Blackcurrant No Added Sugar 1L', 'product_price': '£ 1.50', 'product_additionals': '£0.15/100ml'}, {'shop': 'tesco', 'url': 'https://www.tesco.com/groceries/en-GB/products/256682600', 'product_name': 'Robinsons Fruit Apple & Blackcurrant No Added Sugar 8X200ml', 'product_price': '£ 2.00', 'product_additionals': '£0.12/100ml'}, {'shop': 'tesco', 'url': 'https://www.tesco.com/groceries/en-GB/products/263879352', 'product_name': 'Cawston Press Apple & Ginger Juice 1L', 'product_price': '£ 2.30', 'product_additionals': '£0.23/100ml'}, {'shop': 'tesco', 'url': 'https://www.tesco.com/groceries/en-GB/products/288307410', 'product_name': 'Copella Apple & Elderflower Juice 900Ml', 'product_price': '£ 2.00', 'product_additionals': '£0.22/100ml'}, {'shop': 'tesco', 'url': 'https://www.tesco.com/groceries/en-GB/products/298025745', 'product_name': 'Robinsons Creations Mango Pineapple Drink 1L', 'product_price': '£ 2.00', 'product_additionals': '£0.20/100ml'}, {'shop': 'tesco', 'url': 'https://www.tesco.com/groceries/en-GB/products/301443856', 'product_name': 'Copella Apple And Elderflower Juice 1.35L', 'product_price': '£ 3.00', 'product_additionals': '£0.22/100ml'}, {'shop': 'tesco', 'url': 'https://www.tesco.com/groceries/en-GB/products/275522226', 'product_name': 'J20 Apple & Raspberry Cans 6 X 250Ml', 'product_price': '£ 3.00', 'product_additionals': '£0.20/100ml'}, {'shop': 'tesco', 'url': 'https://www.tesco.com/groceries/en-GB/products/263879438', 'product_name': 'Cawston Press Apple & Rhubarb Juice 1Ltr', 'product_price': '£ 2.30', 'product_additionals': '£0.23/100ml'}, {'shop': 'tesco', 'url': 'https://www.tesco.com/groceries/en-GB/products/287294534', 'product_name': 'Tropicana Pineapple Juice 850Ml', 'product_price': '£ 2.48', 'product_additionals': '£0.29/100ml'}, {'shop': 'tesco', 'url': 'https://www.tesco.com/groceries/en-GB/products/305968309', 'product_name': 'J20 Spritz Apple & Watermelon 4X250ml', 'product_price': '£ 2.00', 'product_additionals': '£0.20/100ml'}, {'shop': 'tesco', 'url': 'https://www.tesco.com/groceries/en-GB/products/278584055', 'product_name': 'Cawston Press Apple & Pear 3X200ml', 'product_price': '£ 1.60', 'product_additionals': '£0.27/100ml'}, {'shop': 'tesco', 'url': 'https://www.tesco.com/groceries/en-GB/products/305949845', 'product_name': 'Don Simon My First Juice Apple 4X125ml', 'product_price': '£ 1.00', 'product_additionals': '£0.20/100ml'}, {'shop': 'tesco', 'url': 'https://www.tesco.com/groceries/en-GB/products/268219251', 'product_name': 'Innocent Apple Juice 900Ml', 'product_price': '£ 2.49', 'product_additionals': '£0.28/100ml'}, {'shop': 'tesco', 'url': 'https://www.tesco.com/groceries/en-GB/products/263450571', 'product_name': 'Tesco Apple Mango Passion Fruit & Peach Juice Not From Concentrate 1L', 'product_price': '£ 1.25', 'product_additionals': '£0.12/100ml'}, {'shop': 'tesco', 'url': 'https://www.tesco.com/groceries/en-GB/products/302012271', 'product_name': 'Lucozade Energy Apple Blast 500Ml', 'product_price': '£ 1.50', 'product_additionals': '£0.30/100ml'}, {'shop': 'tesco', 'url': 'https://www.tesco.com/groceries/en-GB/products/296447773', 'product_name': "Robinson's Refreshd Raspberry Apple 500Ml", 'product_price': '£ 1.25', 'product_additionals': '£0.25/100ml'}, {'shop': 'tesco', 'url': 'https://www.tesco.com/groceries/en-GB/products/288178014', 'product_name': 'Innocent Apple & Berry Juice 1.35L', 'product_price': '£ 3.20', 'product_additionals': '£0.24/100ml'}, {'shop': 'tesco', 'url': 'https://www.tesco.com/groceries/en-GB/products/278583954', 'product_name': 'Cawston Press Kids Apple & Mango 3X200ml', 'product_price': '£ 1.60', 'product_additionals': '£0.27/100ml'}, {'shop': 'tesco', 'url': 'https://www.tesco.com/groceries/en-GB/products/268345043', 'product_name': 'Robinsons Orange & Pineapple Concentrate Double No Added Sugar 1.75L', 'product_price': '£ 3.00', 'product_additionals': '£0.17/100ml'}, {'shop': 'tesco', 'url': 'https://www.tesco.com/groceries/en-GB/products/306651439', 'product_name': 'Tesco Finest Pressed Pink Lady Apple Juice 1L', 'product_price': '£ 2.50', 'product_additionals': '£0.25/100ml'}, {'shop': 'tesco', 'url': 'https://www.tesco.com/groceries/en-GB/products/268345446', 'product_name': 'Robinsons Double Concentrate Blackcurrant & Apple No Added Sugar 1.75L', 'product_price': '£ 3.00', 'product_additionals': '£0.17/100ml'}, {'shop': 'tesco', 'url': 'https://www.tesco.com/groceries/en-GB/products/291195922', 'product_name': 'Alberto Balsam Green Apple Conditioner 350Ml', 'product_price': '£ 0.95', 'product_additionals': '£0.27/100ml'}, {'shop': 'tesco', 'url': 'https://www.tesco.com/groceries/en-GB/products/298358149', 'product_name': 'J20 Apple & Mango 6X275ml', 'product_price': '£ 6.00', 'product_additionals': '£0.36/100ml'}, {'shop': 'tesco', 'url': 'https://www.tesco.com/groceries/en-GB/products/291181300', 'product_name': 'Alberto Balsam Juicy Green Apple Shampoo 350Ml', 'product_price': '£ 0.95', 'product_additionals': '£0.27/100ml'}, {'shop': 'tesco', 'url': 'https://www.tesco.com/groceries/en-GB/products/276683488', 'product_name': 'Innocent Apple And Mango Juice 1.35 Litre', 'product_price': '£ 3.20', 'product_additionals': '£0.24/100ml'}, {'shop': 'tesco', 'url': 'https://www.tesco.com/groceries/en-GB/products/301870592', 'product_name': 'Fruit Shoot Juiced Apple & Pear 6 X 200 Ml', 'product_price': '£ 3.00', 'product_additionals': '£0.25/100ml'}, {'shop': 'tesco', 'url': 'https://www.tesco.com/groceries/en-GB/products/259808535', 'product_name': 'Shloer White Grape And Apple Juice Drink 750Ml', 'product_price': '£ 2.20', 'product_additionals': '£0.29/100ml'}, {'shop': 'tesco', 'url': 'https://www.tesco.com/groceries/en-GB/products/297413040', 'product_name': 'Appletiser 100% Apple Juice Lightly Sparkling 6X250ml', 'product_price': '£ 3.25', 'product_additionals': '£0.22/100ml'}, {'shop': 'tesco', 'url': 'https://www.tesco.com/groceries/en-GB/products/292561044', 'product_name': 'Snapple Pink Lemonade Still Juice Drink 473Ml', 'product_price': '£ 1.50', 'product_additionals': '£0.32/100ml'}, {'shop': 'tesco', 'url': 'https://www.tesco.com/groceries/en-GB/products/288988032', 'product_name': 'Heinz Apple & Blackcurrant Juice 500Ml', 'product_price': '£ 1.50', 'product_additionals': '£0.30/100ml'}, {'shop': 'tesco', 'url': 'https://www.tesco.com/groceries/en-GB/products/298358063', 'product_name': 'J20 Apple & Raspberry 275Ml X 6', 'product_price': '£ 6.00', 'product_additionals': '£0.36/100ml'}, {'shop': 'tesco', 'url': 'https://www.tesco.com/groceries/en-GB/products/304416723', 'product_name': 'Lucozade Sport Apple Vs Raspberry Fruit Punch 500Ml', 'product_price': '£ 1.45', 'product_additionals': '£0.29/100ml'}, {'shop': 'tesco', 'url': 'https://www.tesco.com/groceries/en-GB/products/307357223', 'product_name': 'Belvoir Pink Lady Sparkling Apple Juice 750Ml', 'product_price': '£ 2.50', 'product_additionals': '£0.33/100ml'}, {'shop': 'tesco', 'url': 'https://www.tesco.com/groceries/en-GB/products/280520935', 'product_name': "Tesco Finest Cox's Apple & Elder Presse 750Ml", 'product_price': '£ 2.00', 'product_additionals': '£0.27/100ml'}, {'shop': 'tesco', 'url': 'https://www.tesco.com/groceries/en-GB/products/307151276', 'product_name': 'Remedy Kombucha Apple Crisp Drink 4X330ml', 'product_price': '£ 5.00', 'product_additionals': '£0.38/100ml'}, {'shop': 'tesco', 'url': 'https://www.tesco.com/groceries/en-GB/products/299914158', 'product_name': 'J2o Spritz Apple Watermelon 6X275ml', 'product_price': '£ 6.00', 'product_additionals': '£0.36/100ml'}, {'shop': 'tesco', 'url': 'https://www.tesco.com/groceries/en-GB/products/250448258', 'product_name': 'Appletiser Sparkling Apple Juice 750 Ml', 'product_price': '£ 2.50', 'product_additionals': '£0.33/100ml'}, {'shop': 'tesco', 'url': 'https://www.tesco.com/groceries/en-GB/products/301269439', 'product_name': 'Tesco Apple Anti-Dandruff Shampoo 300Ml', 'product_price': '£ 1.00', 'product_additionals': '£0.33/100ml'}, {'shop': 'tesco', 'url': 'https://www.tesco.com/groceries/en-GB/products/305969084', 'product_name': 'Tropicana Lean Strawberry Raspberry & Apple Juice 900Ml', 'product_price': '£ 2.75', 'product_additionals': '£0.31/100ml'}, {'shop': 'tesco', 'url': 'https://www.tesco.com/groceries/en-GB/products/306658669', 'product_name': 'Tesco Finest Pnk/Ldy 2 Pack Apple Juice & Lemonade 750Ml', 'product_price': '£ 5.00', 'product_additionals': '£0.33/100ml'}, {'shop': 'tesco', 'url': 'https://www.tesco.com/groceries/en-GB/products/305251351', 'product_name': 'Innocent Kids Orange Mango & Pineapple 10X150ml', 'product_price': '£ 5.99', 'product_additionals': '£0.40/100ml'}, {'shop': 'tesco', 'url': 'https://www.tesco.com/groceries/en-GB/products/305251564', 'product_name': 'Innocent Kids Strawberry Raspberry & Apple 10X150ml', 'product_price': '£ 5.99', 'product_additionals': '£0.40/100ml'}, {'shop': 'tesco', 'url': 'https://www.tesco.com/groceries/en-GB/products/305530240', 'product_name': 'Innocent Kids Apple Juice 4X150ml', 'product_price': '£ 3.00', 'product_additionals': '£0.50/100ml'}, {'shop': 'tesco', 'url': 'https://www.tesco.com/groceries/en-GB/products/303191793', 'product_name': 'Old Mout Cider Pineapple & Raspberry 500Ml Bottle', 'product_price': '£ 2.20', 'product_additionals': '£0.44/100ml'}, {'shop': 'tesco', 'url': 'https://www.tesco.com/groceries/en-GB/products/297105301', 'product_name': 'Aspall Raw Organic Apple Cyder Vinegar 500Ml', 'product_price': '£ 2.50', 'product_additionals': '£0.50/100ml'}, {'shop': 'tesco', 'url': 'https://www.tesco.com/groceries/en-GB/products/306951097', 'product_name': 'J20 Spritz Apple & Elderflower Juice Drink 6X275ml', 'product_price': '£ 6.00', 'product_additionals': '£0.36/100ml'}, {'shop': 'tesco', 'url': 'https://www.tesco.com/groceries/en-GB/products/276116625', 'product_name': 'Tesco Kids Apple & Melon 2 In 1 Shampoo 250Ml', 'product_price': '£ 1.00', 'product_additionals': '£0.40/100ml'}, {'shop': 'tesco', 'url': 'https://www.tesco.com/groceries/en-GB/products/291746450', 'product_name': 'Innocent Bubbles Lemon Lime & Apple 330Ml', 'product_price': '£ 1.45', 'product_additionals': '£0.44/100ml'}, {'shop': 'tesco', 'url': 'https://www.tesco.com/groceries/en-GB/products/305529830', 'product_name': 'Innocent Kids Orange Mango & Pineapple 4X150ml', 'product_price': '£ 3.00', 'product_additionals': '£0.50/100ml'}, {'shop': 'tesco', 'url': 'https://www.tesco.com/groceries/en-GB/products/305524599', 'product_name': 'Innocent Kids Pineapple Apple & Carrot 4X150ml', 'product_price': '£ 3.00', 'product_additionals': '£0.50/100ml'}, {'shop': 'tesco', 'url': 'https://www.tesco.com/groceries/en-GB/products/291421074', 'product_name': 'Baylis & Harding Antibacterial Handwash Jasmine & Apple 500Ml', 'product_price': '£ 2.00', 'product_additionals': '£0.40/100ml'}, {'shop': 'tesco', 'url': 'https://www.tesco.com/groceries/en-GB/products/305522492', 'product_name': 'Innocent Kids Strawberry Apple & Beetroot 4X150ml', 'product_price': '£ 3.00', 'product_additionals': '£0.50/100ml'}, {'shop': 'tesco', 'url': 'https://www.tesco.com/groceries/en-GB/products/288178170', 'product_name': 'Gallo Spritz Pineapple & Passion Fruit 75Cl', 'product_price': '£ 4.25', 'product_additionals': '£4.25/75cl'}, {'shop': 'tesco', 'url': 'https://www.tesco.com/groceries/en-GB/products/305249700', 'product_name': 'Innocent Kids Strawberry Raspberry & Apple 4X150ml', 'product_price': '£ 3.00', 'product_additionals': '£0.50/100ml'}, {'shop': 'tesco', 'url': 'https://www.tesco.com/groceries/en-GB/products/271681734', 'product_name': 'Bobo Frut Apple Banana & Carrot Juice 300Ml', 'product_price': '£ 1.40', 'product_additionals': '£0.47/100ml'}, {'shop': 'tesco', 'url': 'https://www.tesco.com/groceries/en-GB/products/300113039', 'product_name': 'Naked Green Machine Apple Banana Smoothie 360Ml', 'product_price': '£ 2.36', 'product_additionals': '£0.66/100ml'}, {'shop': 'tesco', 'url': 'https://www.tesco.com/groceries/en-GB/products/305524927', 'product_name': 'Innocent Kids Smoothies Apple & Blackcurrant 4X150ml', 'product_price': '£ 3.00', 'product_additionals': '£0.50/100ml'}, {'shop': 'tesco', 'url': 'https://www.tesco.com/groceries/en-GB/products/254914198', 'product_name': 'Certo Apple Pectin 250Gml', 'product_price': '£ 2.50', 'product_additionals': '£1.00/100ml'}, {'shop': 'tesco', 'url': 'https://www.tesco.com/groceries/en-GB/products/272892903', 'product_name': 'Head & Shoulders Apple Fresh Shampoo 500Ml', 'product_price': '£ 5.00', 'product_additionals': '£1.00/100ml'}, {'shop': 'tesco', 'url': 'https://www.tesco.com/groceries/en-GB/products/302273220', 'product_name': 'Aspall Raw Apple Cyder Vinegar With Honey 500Ml', 'product_price': '£ 6.00', 'product_additionals': '£1.20/100ml'}, {'shop': 'asda', 'url': 'https://groceries.asda.com/product/910001269784', 'product_name': 'Head & Shoulders Apple Fresh 2-in-1 Anti Dandruff Shampoo', 'product_price': '£4.75', 'product_additionals': '(£1.06/100ml)'}, {'shop': 'asda', 'url': 'https://groceries.asda.com/product/910000800372', 'product_name': 'Head & Shoulders Apple Fresh Anti Dandruff Shampoo', 'product_price': '£3.00', 'product_additionals': '(£1.20/100ml)'}, {'shop': 'tesco', 'url': 'https://www.tesco.com/groceries/en-GB/products/297115462', 'product_name': 'Childs Farm Blackberry & Apple Body Wash 250Ml', 'product_price': '£ 4.00', 'product_additionals': '£1.60/100ml'}, {'shop': 'tesco', 'url': 'https://www.tesco.com/groceries/en-GB/products/303607038', 'product_name': 'Head & Shoulders Apple Fresh Conditioner 275Ml', 'product_price': '£ 5.00', 'product_additionals': '£1.82/100ml'}, {'shop': 'tesco', 'url': 'https://www.tesco.com/groceries/en-GB/products/303483845', 'product_name': 'Childs Farm Hair & Body Wash 250Ml Watermelon Pineapple', 'product_price': '£ 4.00', 'product_additionals': '£1.60/100ml'}, {'shop': 'asda', 'url': 'https://groceries.asda.com/product/1000107088365', 'product_name': 'Childs Farm Hair & Body Wash Watermelon & Organic Pineapple', 'product_price': '£4.00', 'product_additionals': '(£1.60/100ml)'}, {'shop': 'tesco', 'url': 'https://www.tesco.com/groceries/en-GB/products/306814099', 'product_name': 'Osu Apple Cider Vinegar With Mother Lemon & Ginger 500Ml', 'product_price': '£ 7.00', 'product_additionals': '£1.40/100ml'}, {'shop': 'tesco', 'url': 'https://www.tesco.com/groceries/en-GB/products/306804065', 'product_name': 'Osu Apple Cider Vinegar Blueberry & Pomegranate Juice 500Ml', 'product_price': '£ 7.00', 'product_additionals': '£1.40/100ml'}, {'shop': 'asda', 'url': 'https://groceries.asda.com/product/910001291026', 'product_name': "Robinsons Squash'd Apple & Blackcurrant On-The-Go Squash", 'product_price': '£1.50', 'product_additionals': '(£2.27/100ml)'}, {'shop': 'asda', 'url': 'https://groceries.asda.com/product/910000562411', 'product_name': 'Calcough Infant Syrup Apple Flavour 3+ Months', 'product_price': '£3.50', 'product_additionals': '(£2.80/100ml)'}, {'shop': 'tesco', 'url': 'https://www.tesco.com/groceries/en-GB/products/282138037', 'product_name': "Robinsons Squash'd 66Ml Apple & Blackcurrant", 'product_price': '£ 2.00', 'product_additionals': '£3.04/100ml'}, {'shop': 'asda', 'url': 'https://groceries.asda.com/product/18995', 'product_name': 'Lilt Pineapple & Grapefruit', 'product_price': '£1.00', 'product_additionals': '(5.0p/100ml)'}, {'shop': 'asda', 'url': 'https://groceries.asda.com/product/32823', 'product_name': 'ASDA Smart Price Apple Juice', 'product_price': '£0.55', 'product_additionals': '(5.5p/100ml)'}, {'shop': 'asda', 'url': 'https://groceries.asda.com/product/6391525', 'product_name': 'Lilt Zero Pineapple & Grapefruit', 'product_price': '£1.00', 'product_additionals': '(5.0p/100ml)'}, {'shop': 'asda', 'url': 'https://groceries.asda.com/product/910000429001', 'product_name': 'ASDA Pineapple Juice', 'product_price': '£0.80', 'product_additionals': '(8.0p/100ml)'}, {'shop': 'asda', 'url': 'https://groceries.asda.com/product/910000934279', 'product_name': 'KA Sparkling Pineapple Juice Drink', 'product_price': '£1.25', 'product_additionals': '(6.2p/100ml)'}, {'shop': 'asda', 'url': 'https://groceries.asda.com/product/1000228153913', 'product_name': 'ASDA Apple & Raspberry Flavour Sparkling Water', 'product_price': '£0.40', 'product_additionals': '(4.0p/100ml)'}, {'shop': 'asda', 'url': 'https://groceries.asda.com/product/910002821913', 'product_name': 'ASDA No Added Sugar Apple & Blackcurrant Squash', 'product_price': '£0.79', 'product_additionals': '(5.3p/100ml)'}, {'shop': 'asda', 'url': 'https://groceries.asda.com/product/39185498', 'product_name': 'Tymbark Cherry Apple Drink', 'product_price': '£1.80', 'product_additionals': '(9.0p/100ml)'}, {'shop': 'asda', 'url': 'https://groceries.asda.com/product/985450', 'product_name': 'ASDA No Added Sugar Apple & Mango Flavoured Sparkling Water Bottle', 'product_price': '£0.40', 'product_additionals': '(4.0p/100ml)'}, {'shop': 'asda', 'url': 'https://groceries.asda.com/product/25807', 'product_name': 'ASDA 100% Pure Apple Juice Carton', 'product_price': '£0.65', 'product_additionals': '(6.5p/100ml)'}, {'shop': 'asda', 'url': 'https://groceries.asda.com/product/910000290031', 'product_name': 'Caprio Apple and Raspberry Multifruit Drink', 'product_price': '£1.30', 'product_additionals': '(6.5p/100ml)'}, {'shop': 'asda', 'url': 'https://groceries.asda.com/product/910003056838', 'product_name': 'Apple Cans', 'product_price': '£2.50', 'product_additionals': '(16.7p/100ml)'}, {'shop': 'asda', 'url': 'https://groceries.asda.com/product/19063', 'product_name': 'ASDA 100% Pure Apple Juice Cartons', 'product_price': '£2.58', 'product_additionals': '(6.5p/100ml)'}, {'shop': 'asda', 'url': 'https://groceries.asda.com/product/1000121205579', 'product_name': 'Lucozade Energy Croft Apple', 'product_price': '£2.50', 'product_additionals': '(11.0p/100ml)'}, {'shop': 'asda', 'url': 'https://groceries.asda.com/product/910000882894', 'product_name': 'Old Jamaica Pineapple Soda', 'product_price': '£0.39', 'product_additionals': '(11.8p/100ml)'}, {'shop': 'asda', 'url': 'https://groceries.asda.com/product/910000424346', 'product_name': 'ASDA Apple & Mango Juice Drink', 'product_price': '£0.85', 'product_additionals': '(8.5p/100ml)'}, {'shop': 'asda', 'url': 'https://groceries.asda.com/product/910000558765', 'product_name': 'ASDA Pineapple & Coconut Juice Drink', 'product_price': '£1.00', 'product_additionals': '(10.0p/100ml)'}, {'shop': 'asda', 'url': 'https://groceries.asda.com/product/910003028586', 'product_name': 'Volvic Touch of Fruit Sugar Free Apple & Elderflower Flavoured Water', 'product_price': '£0.85', 'product_additionals': '(5.7p/100ml)'}, {'shop': 'asda', 'url': 'https://groceries.asda.com/product/910002821425', 'product_name': 'ASDA Smart Price No Added Sugar Apple & Blackcurrant Double Strength Squash', 'product_price': '£0.40', 'product_additionals': '(5.3p/100ml)'}, {'shop': 'asda', 'url': 'https://groceries.asda.com/product/910002821402', 'product_name': 'ASDA No Added Sugar Double Strength Orange & Pineapple Squash', 'product_price': '£1.00', 'product_additionals': '(6.7p/100ml)'}, {'shop': 'tesco', 'url': 'https://www.tesco.com/groceries/en-GB/products/279842814', 'product_name': 'Sis. Go Isotonic Gel Apple 60Ml', 'product_price': '£ 6.00', 'product_additionals': '£10.00/100ml'}, {'shop': 'asda', 'url': 'https://groceries.asda.com/product/1000038368834', 'product_name': 'Sun Exotic Pineapple & Coconut Still Drink', 'product_price': '£1.00', 'product_additionals': '(10.0p/100ml)'}, {'shop': 'asda', 'url': 'https://groceries.asda.com/product/1000063438285', 'product_name': 'Tymbark Mango, Apple, Orange Multifruit Drink', 'product_price': '£1.00', 'product_additionals': '(10.0p/100ml)'}, {'shop': 'asda', 'url': 'https://groceries.asda.com/product/1000110474126', 'product_name': 'Get More Vits Still Apple & Raspberry', 'product_price': '£1.00', 'product_additionals': '(10.0p/100ml)'}, {'shop': 'asda', 'url': 'https://groceries.asda.com/product/19049', 'product_name': 'Robinsons No Added Sugar Orange & Pineapple Squash', 'product_price': '£1.00', 'product_additionals': '(10.0p/100ml)'}, {'shop': 'asda', 'url': 'https://groceries.asda.com/product/910003055311', 'product_name': 'ASDA Apple & Blackcurrant Juice Drinks', 'product_price': '£1.65', 'product_additionals': '(10.3p/100ml)'}, {'shop': 'asda', 'url': 'https://groceries.asda.com/product/910002822103', 'product_name': 'ASDA 50% Fruit Apple High Juice', 'product_price': '£1.25', 'product_additionals': '(12.5p/100ml)'}, {'shop': 'asda', 'url': 'https://groceries.asda.com/product/910001437513', 'product_name': 'Bigga Pineapple Drink', 'product_price': '£0.75', 'product_additionals': '(22.7p/100ml)'}, {'shop': 'asda', 'url': 'https://groceries.asda.com/product/910000905534', 'product_name': 'KA Sparkling Pineapple Flavour Drink', 'product_price': '£0.49', 'product_additionals': '(14.8p/100ml)'}, {'shop': 'asda', 'url': 'https://groceries.asda.com/product/1527139', 'product_name': 'Fruit Shoot Apple Kids Juice Drink', 'product_price': '£2.00', 'product_additionals': '(12.5p/100ml)'}, {'shop': 'asda', 'url': 'https://groceries.asda.com/product/910000770853', 'product_name': "Welch's Grape Boost White Grape Pear & Apple Juice Drink", 'product_price': '£1.00', 'product_additionals': '(10.0p/100ml)'}, {'shop': 'asda', 'url': 'https://groceries.asda.com/product/1000070824804', 'product_name': 'Appletiser Can', 'product_price': '£0.40', 'product_additionals': '(26.7p/100ml)'}, {'shop': 'asda', 'url': 'https://groceries.asda.com/product/910000332521', 'product_name': 'Kubus Carrot, Banana, Apple Multifruit Juice Drink', 'product_price': '£1.10', 'product_additionals': '(12.2p/100ml)'}, {'shop': 'asda', 'url': 'https://groceries.asda.com/product/1000191362456', 'product_name': 'Volvic Touch of Fruit Limited Edition Apple & Blackcurrant Natural Flavoured Sugar Free Water', 'product_price': '£0.85', 'product_additionals': '(5.7p/100ml)'}, {'shop': 'asda', 'url': 'https://groceries.asda.com/product/1000121694453', 'product_name': 'ASDA 50% Fruit High Juice Apple & Cherry', 'product_price': '£1.25', 'product_additionals': '(12.5p/100ml)'}, {'shop': 'asda', 'url': 'https://groceries.asda.com/product/1000150899991', 'product_name': 'Capri-Sun No Added Sugar Blackcurrant & Apple 8 Pack', 'product_price': '£2.00', 'product_additionals': '(12.5p/100ml)'}, {'shop': 'asda', 'url': 'https://groceries.asda.com/product/1000234166723', 'product_name': 'ASDA Apple & Mango Juice Drink Cartons', 'product_price': '£1.00', 'product_additionals': '(13.3p/100ml)'}, {'shop': 'asda', 'url': 'https://groceries.asda.com/product/910000332961', 'product_name': 'Kubus Carrot, Apple & Raspberry Multifruit Juice Drink', 'product_price': '£1.10', 'product_additionals': '(12.2p/100ml)'}, {'shop': 'asda', 'url': 'https://groceries.asda.com/product/910000771015', 'product_name': 'Fruit Shoot Hydro Orange & Pineapple Kids Water Drink', 'product_price': '£2.00', 'product_additionals': '(12.5p/100ml)'}, {'shop': 'asda', 'url': 'https://groceries.asda.com/product/1000121694562', 'product_name': 'ASDA 50% Fruit High Juice Apple & Mango', 'product_price': '£1.36', 'product_additionals': '(13.6p/100ml)'}, {'shop': 'asda', 'url': 'https://groceries.asda.com/product/1000234166665', 'product_name': 'ASDA No Added Sugar Apple & Pear Juice Drink Cartons', 'product_price': '£1.00', 'product_additionals': '(13.3p/100ml)'}, {'shop': 'asda', 'url': 'https://groceries.asda.com/product/910000399487', 'product_name': 'Robinsons Double Concentrate Apple & Blackcurrant Squash No Added Sugar', 'product_price': '£1.75', 'product_additionals': '(10.0p/100ml)'}, {'shop': 'asda', 'url': 'https://groceries.asda.com/product/18448182', 'product_name': 'Robinsons Fruit & Barley Apple & Pear Squash No Added Sugar', 'product_price': '£1.25', 'product_additionals': '(12.5p/100ml)'}, {'shop': 'asda', 'url': 'https://groceries.asda.com/product/1000146865753', 'product_name': 'Robinsons Fruit Shoot Apple & Blackcurrant Bottles', 'product_price': '£3.50', 'product_additionals': '(11.7p/100ml)'}, {'shop': 'asda', 'url': 'https://groceries.asda.com/product/1000234166611', 'product_name': 'ASDA Pineapple Juice from Concentrate Cartons', 'product_price': '£0.75', 'product_additionals': '(16.7p/100ml)'}, {'shop': 'asda', 'url': 'https://groceries.asda.com/product/26035', 'product_name': 'Fruit Shoot Apple & Blackcurrant Kids Juice Drink', 'product_price': '£2.00', 'product_additionals': '(12.5p/100ml)'}, {'shop': 'asda', 'url': 'https://groceries.asda.com/product/1000015061493', 'product_name': 'Carabao Energy Drink Green Apple Sugar Free', 'product_price': '£0.59', 'product_additionals': '(17.9p/100ml)'}, {'shop': 'asda', 'url': 'https://groceries.asda.com/product/1000234166573', 'product_name': 'ASDA No Added Sugar Apple & Blackcurrant Juice Drink Cartons', 'product_price': '£1.00', 'product_additionals': '(13.3p/100ml)'}, {'shop': 'asda', 'url': 'https://groceries.asda.com/product/910002345098', 'product_name': 'Don Simon My First Apple Juice', 'product_price': '£1.00', 'product_additionals': '(20.0p/100ml)'}, {'shop': 'asda', 'url': 'https://groceries.asda.com/product/910002462757', 'product_name': 'Fruit Shoot Hydro Apple & Raspberry Kids Water Drink', 'product_price': '£2.00', 'product_additionals': '(12.5p/100ml)'}, {'shop': 'asda', 'url': 'https://groceries.asda.com/product/35187', 'product_name': 'Robinsons Apple & Blackcurrant Squash No Added Sugar', 'product_price': '£1.25', 'product_additionals': '(12.5p/100ml)'}, {'shop': 'asda', 'url': 'https://groceries.asda.com/product/1000141000064', 'product_name': 'ASDA 50% Fruit High Juice Mango, Apple & Passion Fruit Cordial', 'product_price': '£1.35', 'product_additionals': '(13.5p/100ml)'}, {'shop': 'asda', 'url': 'https://groceries.asda.com/product/910001797400', 'product_name': 'J2O Spritz Apple & Watermelon Sparkling Juice Drink', 'product_price': '£1.00', 'product_additionals': '(13.3p/100ml)'}, {'shop': 'asda', 'url': 'https://groceries.asda.com/product/1000234166732', 'product_name': 'ASDA Apple & Mango Juice Drink Cartons', 'product_price': '£0.79', 'product_additionals': '(17.6p/100ml)'}, {'shop': 'asda', 'url': 'https://groceries.asda.com/product/1000117784314', 'product_name': 'Cawston Press Cloudy Apple Cans', 'product_price': '£3.50', 'product_additionals': '(26.5p/100ml)'}, {'shop': 'asda', 'url': 'https://groceries.asda.com/product/1000027213953', 'product_name': 'Fruit Shoot Juiced Apple & Pear Kids Juice Drink', 'product_price': '£2.00', 'product_additionals': '(16.7p/100ml)'}, {'shop': 'asda', 'url': 'https://groceries.asda.com/product/910003007348', 'product_name': 'Snapple Fruit Punch Juice Drink', 'product_price': '£1.50', 'product_additionals': '(31.7p/100ml)'}, {'shop': 'asda', 'url': 'https://groceries.asda.com/product/1000234166744', 'product_name': 'ASDA 100% Pure Apple Juice from Concentrate Cartons', 'product_price': '£0.75', 'product_additionals': '(16.7p/100ml)'}, {'shop': 'asda', 'url': 'https://groceries.asda.com/product/910002264439', 'product_name': 'Alberto Balsam Juicy Green Apple Shampoo', 'product_price': '£0.95', 'product_additionals': '(27.1p/100ml)'}, {'shop': 'asda', 'url': 'https://groceries.asda.com/product/910003192237', 'product_name': 'Snapple Blushing Apple Juice Drink', 'product_price': '£1.50', 'product_additionals': '(31.7p/100ml)'}, {'shop': 'asda', 'url': 'https://groceries.asda.com/product/1000138674262', 'product_name': 'ASDA Pomegranate and Apple Extract Shower Gel', 'product_price': '£0.65', 'product_additionals': '(26.0p/100ml)'}, {'shop': 'asda', 'url': 'https://groceries.asda.com/product/910002264687', 'product_name': 'Alberto Balsam Juicy Green Apple Conditioner', 'product_price': '£0.95', 'product_additionals': '(27.1p/100ml)'}, {'shop': 'asda', 'url': 'https://groceries.asda.com/product/624072', 'product_name': 'J2O Apple & Mango Juice Drink', 'product_price': '£3.50', 'product_additionals': '(31.8p/100ml)'}, {'shop': 'asda', 'url': 'https://groceries.asda.com/product/910003007161', 'product_name': 'Snapple Pink Lemonade Still Juice Drink', 'product_price': '£1.50', 'product_additionals': '(31.7p/100ml)'}, {'shop': 'asda', 'url': 'https://groceries.asda.com/product/2061609', 'product_name': 'Apple Sparkling Apple Drink', 'product_price': '£2.70', 'product_additionals': '(36.0p/100ml)'}, {'shop': 'asda', 'url': 'https://groceries.asda.com/product/7507940', 'product_name': 'J2O Apple & Raspberry Juice Drink', 'product_price': '£3.50', 'product_additionals': '(31.8p/100ml)'}, {'shop': 'asda', 'url': 'https://groceries.asda.com/product/1000000582420', 'product_name': 'Robinsons Fruit Creations Exotic Pineapple Mango & Passion Fruit Squash', 'product_price': '£2.00', 'product_additionals': '(20.0p/100ml)'}, {'shop': 'asda', 'url': 'https://groceries.asda.com/product/1000194987914', 'product_name': 'J2O Apple & Elderflower Spritz 4 Pack', 'product_price': '£3.50', 'product_additionals': '(31.8p/100ml)'}, {'shop': 'asda', 'url': 'https://groceries.asda.com/product/1000176228047', 'product_name': 'Fruit Shoot Hydro Apple & Raspberry Kids Water Drink', 'product_price': '£1.89', 'product_additionals': '(23.6p/100ml)'}, {'shop': 'asda', 'url': 'https://groceries.asda.com/product/1000197663912', 'product_name': "Innocent Kids' Cherry, Strawberry & Apple Smoothies", 'product_price': '£2.00', 'product_additionals': '(33.3p/100ml)'}, {'shop': 'asda', 'url': 'https://groceries.asda.com/product/1000197663836', 'product_name': "Innocent Kids' Orange, Mangoe & Pineapple Smoothies", 'product_price': '£2.00', 'product_additionals': '(33.3p/100ml)'}, {'shop': 'asda', 'url': 'https://groceries.asda.com/product/1000244431728', 'product_name': 'Collection Gloss Me Up Lip Gloss Sh6 Red Apple', 'product_price': '£2.98', 'product_additionals': '(£2.98/10ml)'}, {'shop': 'asda', 'url': 'https://groceries.asda.com/product/1000197663814', 'product_name': "Innocent Kids' Strawberry, Raspberry & Apple Smoothies", 'product_price': '£2.00', 'product_additionals': '(33.3p/100ml)'}, {'shop': 'asda', 'url': 'https://groceries.asda.com/product/1000197663906', 'product_name': "Innocent Kids' Apple & Blackcurrant Smoothies", 'product_price': '£2.00', 'product_additionals': '(33.3p/100ml)'}, {'shop': 'asda', 'url': 'https://groceries.asda.com/product/1000027214032', 'product_name': 'J2O Spritz Apple & Watermelon Sparkling Juice Drink', 'product_price': '£3.50', 'product_additionals': '(31.8p/100ml)'}, {'shop': 'asda', 'url': 'https://groceries.asda.com/product/1000222808988', 'product_name': 'Sally Hansen Insta-Dri Nail Polish Asap Apple', 'product_price': '£4.95', 'product_additionals': '(£5.50/10ml)'}, {'shop': 'asda', 'url': 'https://groceries.asda.com/product/1000143100235', 'product_name': 'Swizzels 5 Pack Push-UP! Blackcurrant Cherry & Apple Strawberry', 'product_price': '£1.24', 'product_additionals': '(44.3p/100ml)'}, {'shop': 'asda', 'url': 'https://groceries.asda.com/product/910002470255', 'product_name': 'Garnier Ultimate Blends Kids Apple & Kiwi Shampoo', 'product_price': '£1.50', 'product_additionals': '(60.0p/100ml)'}, {'shop': 'asda', 'url': 'https://groceries.asda.com/product/910000800928', 'product_name': 'Head & Shoulders Apple Fresh Anti Dandruff Shampoo', 'product_price': '£4.75', 'product_additionals': '(95.0p/100ml)'}, {'shop': 'asda', 'url': 'https://groceries.asda.com/product/1000102496185', 'product_name': 'Dove Go Fresh Apple & White Tea Anti-Perspirant Deodorant Aerosol', 'product_price': '£1.68', 'product_additionals': '(67.2p/100ml)'}]

