rv[('aldi', 'https://www.aldi.co.uk/6-apple-fruit-%26-grain-cereal-bars/p/041918236883300', '6 Apple Fruit & Grain Cereal Bars', '0.79', '35.6p per 100g'), ('aldi', 'https://www.aldi.co.uk/6-bramley-apple-pies/p/042547003107200', '6 Bramley Apple Pies', '0.75', '12.5p each'), ('asda', 'https://groceries.asda.com/product/1000186791296', 'Air Wick Botanica Plug In Kit, Fresh Pineapple and Tunisian Rosemary - Holder & 1 Refill', '£2.25', 'No weight data'), ('asda', 'https://groceries.asda.com/product/1000186791352', 'Air Wick Botanica Reed Diffuser, Fresh Pineapple & Tunisian Rosemary', '£5.00', 'No weight data'), ('asda', 'https://groceries.asda.com/product/1000186791453', 'Air Wick Botanica Room Spray, Fresh Pineapple & Tunisian Rosemary', '£2.50', 'No weight data'), ('asda', 'https://groceries.asda.com/product/1000149948109', 'Air Wick Limited Edition Essential Mist Diffuser Kit, Apple & Cinnamon – Holder & 1 Refill', '£9.00', 'No weight data'), ('asda', 'https://groceries.asda.com/product/1000149948067', 'Air Wick Limited Edition Essential Mist Diffuser Refill, Apple & Cinnamon – 1 Refill', '£4.00', 'No weight data'), ('tesco', 'https://www.tesco.com/groceries/en-GB/products/291195922', 'Alberto Balsam Green Apple Conditioner 350Ml', '£ 0.95', '£0.27/100ml'), ('asda', 'https://groceries.asda.com/product/910002264687', 'Alberto Balsam Juicy Green Apple Conditioner', '£0.95', '(27.1p/100ml)'), ('asda', 'https://groceries.asda.com/product/910002264439', 'Alberto Balsam Juicy Green Apple Shampoo', '£0.95', '(27.1p/100ml)'), ('tesco', 'https://www.tesco.com/groceries/en-GB/products/291181300', 'Alberto Balsam Juicy Green Apple Shampoo 350Ml', '£ 0.95', '£0.27/100ml'), ('asda', 'https://groceries.asda.com/product/910003200959', 'Ambrosia Apple Rice Pudding Pot', '£0.59', '(39.3p/100g)'), ('tesco', 'https://www.tesco.com/groceries/en-GB/products/299456279', 'Angioletti Apple Cider 500Ml Bottle', '£ 2.00', '£4.00/litre'), ('tesco', 'https://www.tesco.com/groceries/en-GB/products/292254680', 'Angry Orchard Apple Cider 500Ml Bottle', '£ 2.00', '£4.00/litre'), ('asda', 'https://groceries.asda.com/product/910003028715', 'Angry Orchard Hard Cider Crisp Apple', '£2.00', '(£4.00/lt)'), ('aldi', 'https://www.aldi.co.uk/apple-%26-salted-caramel-crumble/p/072888318067600', 'Apple & Salted Caramel Crumble', '1.99', '39.8p per 100g'), ('asda', 'https://groceries.asda.com/product/910003056838', 'Apple Cans', '£2.50', '(16.7p/100ml)'), ('asda', 'https://groceries.asda.com/product/2061609', 'Apple Sparkling Apple Drink', '£2.70', '(36.0p/100ml)'), ('tesco', 'https://www.tesco.com/groceries/en-GB/products/254654263', 'Apple Turnover 2 Pack', '£ 1.20', '£0.60/each'), ('tesco', 'https://www.tesco.com/groceries/en-GB/products/297413040', 'Appletiser 100% Apple Juice Lightly Sparkling 6X250ml', '£ 3.25', '£0.22/100ml'), ('sains', 'https://www.sainsburys.co.uk/shop/gb/groceries/product/details/bigger-packs-/appletiser-6x250ml', 'Appletiser 6x250ml', '£3.65', '24p / 100ml'), ('asda', 'https://groceries.asda.com/product/1000070824804', 'Appletiser Can', '£0.40', '(26.7p/100ml)'), ('tesco', 'https://www.tesco.com/groceries/en-GB/products/250448258', 'Appletiser Sparkling Apple Juice 750 Ml', '£ 2.50', '£0.33/100ml'), ('tesco', 'https://www.tesco.com/groceries/en-GB/products/259678371', 'Appleton Estate Jamaica Rum 70Cl', '£ 24.00', '£34.29/litre'), ('tesco', 'https://www.tesco.com/groceries/en-GB/products/266659562', 'Applewood Slices 160G', '£ 2.15', '£13.44/kg'), ('asda', 'https://groceries.asda.com/product/910001085696', 'Applewood Smoke Flavour Cheddar Cheese Snack Pack', '£1.00', '(£13.33/kg)'), ('asda', 'https://groceries.asda.com/product/910001972071', 'Applewood Smoke Flavoured Cheddar Cheese', '£2.00', 'No weight data'), ('tesco', 'https://www.tesco.com/groceries/en-GB/products/308089256', 'Applewood Smoky Vegan Cheese Alternative Grated 200G', '£ 2.75', '£13.75/kg'), ('asda', 'https://groceries.asda.com/product/1000167816442', 'Applewood Vegan Smoky Cheese Alternative', '£2.30', 'No weight data'), ('tesco', 'https://www.tesco.com/groceries/en-GB/products/305836512', 'Applewood Vegan Smoky Cheese Alternative 200G', '£ 2.30', '£1.15/100g'), ('tesco', 'https://www.tesco.com/groceries/en-GB/products/283467544', 'Aptamil Oats Apple & Plum Muesli 275G 10 Month Plus', '£ 3.30', '£12.00/kg'), ('asda', 'https://groceries.asda.com/product/910001386632', 'Aptamil with Pronutravi+ Apple & Plum Muesli 10+ Months', '£3.09', 'No weight data'), ('asda', 'https://groceries.asda.com/product/1000207494897', 'Armitage Pet Care Wild Bird 8 Blackcurrant & Apple Flavoured Fat Balls', '£1.50', '(18.8p/each)'), ('asda', 'https://groceries.asda.com/product/25807', 'ASDA 100% Pure Apple Juice Carton', '£0.65', '(6.5p/100ml)'), ('asda', 'https://groceries.asda.com/product/19063', 'ASDA 100% Pure Apple Juice Cartons', '£2.58', '(6.5p/100ml)'), ('asda', 'https://groceries.asda.com/product/1000234166744', 'ASDA 100% Pure Apple Juice from Concentrate Cartons', '£0.75', '(16.7p/100ml)'), ('asda', 'https://groceries.asda.com/product/24870', 'ASDA 100% Pure Orange & Pineapple Juice', '£0.95', 'No weight data'), ('asda', 'https://groceries.asda.com/product/1000086123540', 'ASDA 2 Apple Tarts', '£1.75', '(87.5p/each)'), ('asda', 'https://groceries.asda.com/product/910002822103', 'ASDA 50% Fruit Apple High Juice', '£1.25', '(12.5p/100ml)'), ('asda', 'https://groceries.asda.com/product/1000121694453', 'ASDA 50% Fruit High Juice Apple & Cherry', '£1.25', '(12.5p/100ml)'), ('asda', 'https://groceries.asda.com/product/1000121694562', 'ASDA 50% Fruit High Juice Apple & Mango', '£1.36', '(13.6p/100ml)'), ('asda', 'https://groceries.asda.com/product/1000141000064', 'ASDA 50% Fruit High Juice Mango, Apple & Passion Fruit Cordial', '£1.35', '(13.5p/100ml)'), ('asda', 'https://groceries.asda.com/product/1000213879511', 'ASDA 6 Mini Pork & Apple Pies', '£1.55', '(51.7p/100g)'), ('asda', 'https://groceries.asda.com/product/1000236571433', 'ASDA 6 Pork Stuffing Stars with Cranberry & Apple', '£2.25', 'No weight data'), ('asda', 'https://groceries.asda.com/product/1000110474745', 'ASDA Apple & Blackberry Pie', '£3.00', '(£3.00/each)'), ('asda', 'https://groceries.asda.com/product/910003055311', 'ASDA Apple & Blackcurrant Juice Drinks', '£1.65', '(10.3p/100ml)'), ('asda', 'https://groceries.asda.com/product/910003043764', 'ASDA Apple & Blueberry Porridge Oats', '£0.79', 'No weight data'), ('asda', 'https://groceries.asda.com/product/910003043564', 'ASDA Apple & Blueberry Porridge Pot', '£0.35', '(61.4p/100g)'), ('asda', 'https://groceries.asda.com/product/1000114612689', 'ASDA Apple & Cinnamon Fruit & Grain Bars', '£0.95', '(42.8p/100g)'), ('asda', 'https://groceries.asda.com/product/1942590', 'ASDA Apple & Mango Juice', '£1.25', 'No weight data'), ('asda', 'https://groceries.asda.com/product/910000424346', 'ASDA Apple & Mango Juice Drink', '£0.85', '(8.5p/100ml)'), ('asda', 'https://groceries.asda.com/product/1000234166723', 'ASDA Apple & Mango Juice Drink Cartons', '£1.00', '(13.3p/100ml)'), ('asda', 'https://groceries.asda.com/product/1000234166732', 'ASDA Apple & Mango Juice Drink Cartons', '£0.79', '(17.6p/100ml)'), ('asda', 'https://groceries.asda.com/product/1000228153913', 'ASDA Apple & Raspberry Flavour Sparkling Water', '£0.40', '(4.0p/100ml)'), ('asda', 'https://groceries.asda.com/product/910003033748', 'ASDA Apple Crumble', '£2.50', '(50.0p/100g)'), ('asda', 'https://groceries.asda.com/product/910003018832', 'ASDA Apple Crumble', '£1.00', 'No weight data'), ('asda', 'https://groceries.asda.com/product/1000083187604', 'ASDA Apple Crumble Traybake', '£2.10', 'No weight data'), ('asda', 'https://groceries.asda.com/product/910003034051', 'ASDA Apple Crumbles', '£1.79', '(89.5p/each)'), ('asda', 'https://groceries.asda.com/product/910000426024', 'ASDA Apple Grapes & Cheese', '£1.25', '(£8.33/kg)'), ('asda', 'https://groceries.asda.com/product/1942585', 'ASDA Apple Juice', '£1.19', 'No weight data'), ('asda', 'https://groceries.asda.com/product/910002512325', 'ASDA Apple Juice From Concentrate', '£0.69', 'No weight data'), ('asda', 'https://groceries.asda.com/product/910001413502', 'ASDA Apple Slices', '£0.35', '(£4.38/kg)'), ('asda', 'https://groceries.asda.com/product/21081', 'ASDA Apple Slices', '£0.79', '(20.5p/100g)'), ('asda', 'https://groceries.asda.com/product/910001413503', 'ASDA Apple Slices & Grapes', '£0.35', '(£4.38/kg)'), ('asda', 'https://groceries.asda.com/product/910001130897', 'ASDA Apple Strudel', '£0.90', 'No weight data'), ('asda', 'https://groceries.asda.com/product/35450', 'ASDA Apple Turnovers', '£1.40', '(70.0p/each)'), ('asda', 'https://groceries.asda.com/product/910001183317', "ASDA Baker's Selection Apple Pie", '£1.10', '(£1.10/each)'), ('asda', 'https://groceries.asda.com/product/910002152748', 'ASDA Braised Red Cabbage with Apple, Onion and Red Wine Vinegar', '£1.50', 'No weight data'), ('asda', 'https://groceries.asda.com/product/9197420', 'ASDA Bramley Apple & Blackcurrant Pies', '£1.00', '(16.7p/each)'), ('asda', 'https://groceries.asda.com/product/910002754242', 'ASDA Bramley Apple Pie', '£2.75', '(£2.75/each)'), ('asda', 'https://groceries.asda.com/product/35268', 'ASDA Bramley Apple Pies', '£0.85', '(14.2p/each)'), ('asda', 'https://groceries.asda.com/product/1000133331310', 'ASDA Bramley Apple Sauce', '£0.49', '(17.5p/100g)'), ('asda', 'https://groceries.asda.com/product/910000908196', 'ASDA Candy Apple', '£0.60', '(60.0p/each)'), ('asda', 'https://groceries.asda.com/product/1000228555971', 'ASDA Energise Apple, Kiwi & Mango Juice', '£1.60', 'No weight data'), ('asda', 'https://groceries.asda.com/product/910001309336', 'ASDA Extra Special 6 Pork & Armagh Bramley Apple Sausages', '£2.25', 'No weight data'), ('asda', 'https://groceries.asda.com/product/910003101587', 'ASDA Extra Special Apple Balsamic Vinegar Infused Beetroot', '£1.00', 'No weight data'), ('asda', 'https://groceries.asda.com/product/1000004538423', 'ASDA Extra Special Berry & Bramley Apple Jam', '£1.25', '(36.8p/100g)'), ('asda', 'https://groceries.asda.com/product/910002091563', 'ASDA Extra Special English Bramley Apple Sauce with Cider', '£1.65', '(75.0p/100g)'), ('asda', 'https://groceries.asda.com/product/910000048124', 'ASDA Extra Special Mango Apple & Ginger Chutney', '£1.98', '(68.3p/100g)'), ('asda', 'https://groceries.asda.com/product/1000177394765', 'ASDA Extra Special Passion Fruit & Pineapple Cider', '£2.05', '(£4.10/lt)'), ('asda', 'https://groceries.asda.com/product/1000155195017', 'ASDA Extra Special Yorkshire Bred Apple & Sage Pulled Hog Roast', '£4.00', '(£4.00/kg)'), ('asda', 'https://groceries.asda.com/product/910003095036', 'ASDA Farm Stores Apples (Colour and Variety may vary)', '£0.59', '(£1.18/kg)'), ('asda', 'https://groceries.asda.com/product/910001837593', 'ASDA Fat Free Cottage Cheese With Pineapple', '£1.00', 'No weight data'), ('asda', 'https://groceries.asda.com/product/910001696687', 'ASDA Floor Cleaning Wipes Apple', '£0.90', 'No weight data'), ('asda', 'https://groceries.asda.com/product/910002597651', 'ASDA Free From 4 Bramley Apple Pies', '£2.00', 'No weight data'), ('asda', 'https://groceries.asda.com/product/910002339713', 'ASDA Frozen for Freshness Pineapple Chunks', '£1.65', 'No weight data'), ('asda', 'https://groceries.asda.com/product/1000144509295', 'ASDA Garden Gang Apples (Colour may vary)', '£0.90', '(15.0p/each)'), ('asda', 'https://groceries.asda.com/product/910000899721', "ASDA Grower's Selection Apples (Colour and Variety may vary)", '£1.60', '(£1.33/kg)'), ('asda', 'https://groceries.asda.com/product/910002849507', "ASDA Grower's Selection Apples (Colour and Variety may vary)", '£1.20', 'No weight data'), ('asda', 'https://groceries.asda.com/product/910002849516', "ASDA Grower's Selection Braeburn Apples", '£1.20', 'No weight data'), ('asda', 'https://groceries.asda.com/product/910002849545', "ASDA Grower's Selection Cox Apples", '£1.20', 'No weight data'), ('asda', 'https://groceries.asda.com/product/910002849510', "ASDA Grower's Selection Gala Apples", '£1.20', '(20.0p/each)'), ('asda', 'https://groceries.asda.com/product/20326', "ASDA Grower's Selection Giant Pineapple", '£1.50', '(£1.50/each)'), ('asda', 'https://groceries.asda.com/product/910002849529', "ASDA Grower's Selection Golden Delicious Apples", '£1.20', '(20.0p/each)'), ('asda', 'https://groceries.asda.com/product/910002849538', "ASDA Grower's Selection Granny Smith Apples", '£1.20', '(20.0p/each)'), ('asda', 'https://groceries.asda.com/product/910000059733', "ASDA Grower's Selection Honey Crunch Apples", '£2.00', '(50.0p/each)'), ('asda', 'https://groceries.asda.com/product/1000183742527', "ASDA Grower's Selection Jazz Apples", '£2.00', '(33.3p/each)'), ('asda', 'https://groceries.asda.com/product/20375', "ASDA Grower's Selection Loose Braeburn Apple (order by number of apples or select kg)", '£0.24', '(£1.50/kg)'), ('asda', 'https://groceries.asda.com/product/47285966', "ASDA Grower's Selection Loose Bramley Cooking Apple (order by number of apples or select kg)", '£0.27', '(£1.69/kg)'), ('asda', 'https://groceries.asda.com/product/20361', "ASDA Grower's Selection Loose Gala Apple (order by number of apples or select kg)", '£0.24', '(£1.50/kg)'), ('asda', 'https://groceries.asda.com/product/910002849503', "ASDA Grower's Selection Organic Apples", '£2.00', 'No weight data'), ('asda', 'https://groceries.asda.com/product/910001512881', "ASDA Grower's Selection Pineapple", '£0.95', '(95.0p/each)'), ('asda', 'https://groceries.asda.com/product/910002849540', "ASDA Grower's Selection Russet Apples", '£1.20', 'No weight data'), ('asda', 'https://groceries.asda.com/product/910000290272', 'ASDA Little Angels Apple Flavoured Rice Cakes 7+ Months', '£0.55', 'No weight data'), ('asda', 'https://groceries.asda.com/product/1000137976678', 'ASDA Little Angels Bubble Bath Pineapple', '£1.75', 'No weight data'), ('asda', 'https://groceries.asda.com/product/910001789007', 'ASDA Little Angels Organic Apple Flavoured Biscotti 7+ Months', '£0.75', 'No weight data'), ('asda', 'https://groceries.asda.com/product/910002313859', 'ASDA Little Angels Organic Squeezy Fruit Apple Strawberry & Blueberry 6+ Months', '£0.52', 'No weight data'), ('asda', 'https://groceries.asda.com/product/910002313405', 'ASDA Little Angels Organic Squeezy Fruit Pouch Apple & Strawberry 6+ Months', '£0.52', 'No weight data'), ('asda', 'https://groceries.asda.com/product/910002314137', 'ASDA Little Angels Organic Squeezy Fruit Pouch Apple Mango & Banana 6+ Months', '£0.52', 'No weight data'), ('asda', 'https://groceries.asda.com/product/1000001821232', 'ASDA Little Angels Organic Yummy Fruit Apple & Strawberry 6+ Months', '£1.50', 'No weight data'), ('asda', 'https://groceries.asda.com/product/1000001819529', 'ASDA Little Angels Organic Yummy Fruit Apple, Banana, Peach & Pear 6+ Months', '£1.50', 'No weight data'), ('asda', 'https://groceries.asda.com/product/1000001819412', 'ASDA Little Angels Organic Yummy Fruit Apple, Mango & Banana Pouches 6+ Months', '£1.50', 'No weight data'), ('asda', 'https://groceries.asda.com/product/910001932638', 'ASDA Mango & Pineapple Smoothie Mix', '£1.65', 'No weight data'), ('asda', 'https://groceries.asda.com/product/910000347964', 'ASDA Mango Melon & Pineapple Mini Platter', '£1.50', '(£6.25/kg)'), ('asda', 'https://groceries.asda.com/product/1000234166573', 'ASDA No Added Sugar Apple & Blackcurrant Juice Drink Cartons', '£1.00', '(13.3p/100ml)'), ('asda', 'https://groceries.asda.com/product/910002821913', 'ASDA No Added Sugar Apple & Blackcurrant Squash', '£0.79', '(5.3p/100ml)'), ('asda', 'https://groceries.asda.com/product/985450', 'ASDA No Added Sugar Apple & Mango Flavoured Sparkling Water Bottle', '£0.40', '(4.0p/100ml)'), ('asda', 'https://groceries.asda.com/product/1000234166665', 'ASDA No Added Sugar Apple & Pear Juice Drink Cartons', '£1.00', '(13.3p/100ml)'), ('asda', 'https://groceries.asda.com/product/910002821402', 'ASDA No Added Sugar Double Strength Orange & Pineapple Squash', '£1.00', '(6.7p/100ml)'), ('asda', 'https://groceries.asda.com/product/910000558765', 'ASDA Pineapple & Coconut Juice Drink', '£1.00', '(10.0p/100ml)'), ('asda', 'https://groceries.asda.com/product/910001512390', 'ASDA Pineapple Chunks', '£1.50', '(£3.75/kg)'), ('asda', 'https://groceries.asda.com/product/1942216', 'ASDA Pineapple Juice', '£1.25', 'No weight data'), ('asda', 'https://groceries.asda.com/product/910000429001', 'ASDA Pineapple Juice', '£0.80', '(8.0p/100ml)'), ('asda', 'https://groceries.asda.com/product/1000234166611', 'ASDA Pineapple Juice from Concentrate Cartons', '£0.75', '(16.7p/100ml)'), ('asda', 'https://groceries.asda.com/product/910001505105', 'ASDA Pineapple Kiwi & Grape', '£1.00', '(£5.00/kg)'), ('asda', 'https://groceries.asda.com/product/910001413505', 'ASDA Pineapple Lolly', '£0.35', '(£4.38/kg)'), ('asda', 'https://groceries.asda.com/product/1000186981310', 'ASDA Pineapple Rose Gold Fashion Pen', '£1.50', '(£1.50/each)'), ('asda', 'https://groceries.asda.com/product/910000423336', 'ASDA Pineapple, Banana & Coconut Smoothie', '£1.29', 'No weight data'), ('asda', 'https://groceries.asda.com/product/1000121694551', 'ASDA Pineapple, Grapes & Apple', '£1.00', '(£4.44/kg)'), ('asda', 'https://groceries.asda.com/product/1000244229120', 'ASDA Pineapple, Grapes & Cheese', '£1.25', '(£7.81/kg)'), ('asda', 'https://groceries.asda.com/product/1000207495043', 'ASDA Pineapple, Mango & Passion Fruit', '£1.00', 'No weight data'), ('asda', 'https://groceries.asda.com/product/1000208855984', 'ASDA Pineapple, Watermelon & Grapes', '£1.00', 'No weight data'), ('asda', 'https://groceries.asda.com/product/1000138674262', 'ASDA Pomegranate and Apple Extract Shower Gel', '£0.65', '(26.0p/100ml)'), ('asda', 'https://groceries.asda.com/product/1000093406033', 'ASDA Pressed Fruit Apple Juice', '£1.85', 'No weight data'), ('asda', 'https://groceries.asda.com/product/1000228959326', 'ASDA Pressed Fruit Apple Juice', '£1.95', 'No weight data'), ('asda', 'https://groceries.asda.com/product/1000228556097', 'ASDA Protect Apple, Strawberry & Guarana Juice', '£1.60', 'No weight data'), ('asda', 'https://groceries.asda.com/product/1000071331622', 'ASDA Simple to Cook 2 Ham Hocks in an Apple Glaze', '£4.00', 'No weight data'), ('asda', 'https://groceries.asda.com/product/32823', 'ASDA Smart Price Apple Juice', '£0.55', '(5.5p/100ml)'), ('asda', 'https://groceries.asda.com/product/910002821425', 'ASDA Smart Price No Added Sugar Apple & Blackcurrant Double Strength Squash', '£0.40', '(5.3p/100ml)'), ('asda', 'https://groceries.asda.com/product/1000226714593', 'ASDA Stonebaked Ham & Pineapple Pizza', '£1.15', 'No weight data'), ('asda', 'https://groceries.asda.com/product/910002689102', 'ASDA Strawberry Raspberry & Apple Granola', '£2.00', '(20.0p/100g)'), ('asda', 'https://groceries.asda.com/product/1000151138637', 'ASDA Sweet Apple Washing Up Liquid', '£0.50', '(£1.00/lt)'), ('asda', 'https://groceries.asda.com/product/1000225889754', 'ASDA Thin Stonebaked Ham & Pineapple Pizza', '£2.00', 'No weight data'), ('asda', 'https://groceries.asda.com/product/910000908762', 'ASDA Toffee Apple', '£0.49', '(49.0p/each)'), ('asda', 'https://groceries.asda.com/product/910000565836', 'Aspall Classic Apple Cyder Vinegar', '£1.50', 'No weight data'), ('tesco', 'https://www.tesco.com/groceries/en-GB/products/262597364', 'Aspall Draught Apple Cyder 500Ml Bottle', '£ 2.00', '£4.00/litre'), ('tesco', 'https://www.tesco.com/groceries/en-GB/products/257810454', 'Aspall Premium Cru Apple Cyder 500Ml Bottle', '£ 2.00', '£4.00/litre'), ('tesco', 'https://www.tesco.com/groceries/en-GB/products/302273220', 'Aspall Raw Apple Cyder Vinegar With Honey 500Ml', '£ 6.00', '£1.20/100ml'), ('tesco', 'https://www.tesco.com/groceries/en-GB/products/297105301', 'Aspall Raw Organic Apple Cyder Vinegar 500Ml', '£ 2.50', '£0.50/100ml'), ('tesco', 'https://www.tesco.com/groceries/en-GB/products/271262073', "Aunt Bessie's Bramley Apple Crumble 500G", '£ 1.35', '£0.27/100g'), ('asda', 'https://groceries.asda.com/product/910001045951', "Aunt Bessie's Bramley Apple Pie", '£1.50', 'No weight data'), ('sains', 'https://www.sainsburys.co.uk/shop/gb/groceries/product/details/easter-special-offers/aunt-bessies-bramley-apple-pie-550g', "Aunt Bessie's Family Apple Pie 550g", '£1.50', '27p / 100g'), ('sains', 'https://www.sainsburys.co.uk/shop/gb/groceries/product/details/easter-special-offers/aunt-bessies-braley-apple-crumble-500g', "Aunt Bessie's Scrumptious Apple Crumble 500g", '£1.50', '30p / 100g'), ('tesco', 'https://www.tesco.com/groceries/en-GB/products/302462117', 'Babease Organic Strawberry Apple Brown Rice 100G', '£ 1.10', '£1.10/100g'), ('tesco', 'https://www.tesco.com/groceries/en-GB/products/306502416', 'Barefoot Wine Seltzer Pineapple Passion Fruit 250Ml', '£ 1.80', '£7.20/litre'), ('asda', 'https://groceries.asda.com/product/910001478772', 'Bartons Apple Sauce', '£1.50', 'No weight data'), ('sains', 'https://www.sainsburys.co.uk/shop/gb/groceries/product/details/vitamins-and-supplements-/bassetts-multivitamin---omega-3--blackcurrant-3-6-years-x30', 'Bassetts Vitamins Multivitamins Blackcurrant & Apple Flavour 3-6 Years One A Day Soft & Chewies x30', '£4.50', '15p / ea'), ('asda', 'https://groceries.asda.com/product/910002068823', 'Bassetts Vitamins Vitamins Multivitamins Blackcurrant & Apple Flavour 3-6 Years Soft & Chewies', '£4.00', '(13.3p/each)'), ('tesco', 'https://www.tesco.com/groceries/en-GB/products/291421074', 'Baylis & Harding Antibacterial Handwash Jasmine & Apple 500Ml', '£ 2.00', '£0.40/100ml'), ('asda', 'https://groceries.asda.com/product/910002145414', 'Baylis & Harding Jasmine & Apple Blossom Antibacterial Luxury Hand Wash', '£1.48', 'No weight data'), ('asda', 'https://groceries.asda.com/product/910002425249', 'Baylis & Harding Jasmine & Apple Blossom Luxury Hand Gel', '£1.00', 'No weight data'), ('asda', 'https://groceries.asda.com/product/1000108780783', 'BEAR Fruit & Veg Paws Apple & Pumpkin', '£2.45', 'No weight data'), ('asda', 'https://groceries.asda.com/product/910002026272', 'BEAR Fruit Yoyos Apple Multipack', '£2.00', 'No weight data'), ('asda', 'https://groceries.asda.com/product/910003040723', 'BEAR Fruit Yoyos Super Sour Strawberry & Apple Multipack 5 Pack', '£2.00', 'No weight data'), ('sains', 'https://www.sainsburys.co.uk/shop/gb/groceries/product/details/special-offers-462368-44/bear-super-sour-strawberry---apple-yoyos-10-fruit-rolls-x5', 'BEAR Fruit Yoyos Super Sour Strawberry & Apple Multipack x5 20g', '£2.00', '£2.00 / 100g'), ('tesco', 'https://www.tesco.com/groceries/en-GB/products/306927708', 'Bear Giant Yoyo Apple & Blackcurrant 5 X 20G', '£ 2.40', '£24.00/kg'), ('asda', 'https://groceries.asda.com/product/910001582911', 'BEAR Pure Fruit Paws Apple & Blackcurrant 5 Pack', '£1.98', 'No weight data'), ('asda', 'https://groceries.asda.com/product/910001583071', 'BEAR Pure Fruit Paws Strawberry & Apple 5 Pack', '£1.98', 'No weight data'), ('tesco', 'https://www.tesco.com/groceries/en-GB/products/284983000', 'Bear Pure Fruit Yoyo Apple 5 X 20G', '£ 2.40', '£24.00/kg'), ('tesco', 'https://www.tesco.com/groceries/en-GB/products/297490420', 'Bear Yoyo Sours Blackcurrant & Apple 100G', '£ 2.40', '£24.00/kg'), ('tesco', 'https://www.tesco.com/groceries/en-GB/products/295684395', 'Bear Yoyo Sours Mango & Apple 10 Rolls 5 Pack', '£ 2.40', '£0.48/each'), ('tesco', 'https://www.tesco.com/groceries/en-GB/products/295684372', 'Bear Yoyo Sours Strawberry & Apple 10 Rolls 5 Pack', '£ 2.40', '£0.48/each'), ('tesco', 'https://www.tesco.com/groceries/en-GB/products/307357223', 'Belvoir Pink Lady Sparkling Apple Juice 750Ml', '£ 2.50', '£0.33/100ml'), ('asda', 'https://groceries.asda.com/product/910001437513', 'Bigga Pineapple Drink', '£0.75', '(22.7p/100ml)'), ('asda', 'https://groceries.asda.com/product/1000134726909', 'Black Sheep Pineapple Milkshake IPA', '£1.80', 'No weight data'), ('asda', 'https://groceries.asda.com/product/910000271963', 'Bloo Flowers In-Cistern Blocks Rose & Apple Blossom Pink Water', '£1.80', '(90.0p/each)'), ('tesco', 'https://www.tesco.com/groceries/en-GB/products/302820564', 'Bloo Fragrance Switch Lily & Apple Rim Block 50G', '£ 1.75', '£35.00/kg'), ('asda', 'https://groceries.asda.com/product/1000142866255', 'Blu Green Apple E-Liquid 8mg', '£3.99', '(£3.99/each)'), ('tesco', 'https://www.tesco.com/groceries/en-GB/products/271681734', 'Bobo Frut Apple Banana & Carrot Juice 300Ml', '£ 1.40', '£0.47/100ml'), ('tesco', 'https://www.tesco.com/groceries/en-GB/products/305256484', 'Botanica Airwick Pineapple & Rosemary Diffuser 80Ml', '£ 7.00', '£87.50/litre'), ('tesco', 'https://www.tesco.com/groceries/en-GB/products/305037202', 'Botanica Airwick Pineapple & Rosemary Refill 19Ml', '£ 4.50', '£236.85/litre'), ('tesco', 'https://www.tesco.com/groceries/en-GB/products/305252239', 'Botanica Airwick Pineapple Tunisian Rosemary 205G', '£ 7.00', '£34.15/kg'), ('tesco', 'https://www.tesco.com/groceries/en-GB/products/253807413', 'Braeburn Apples Loose Class 1', '£ 0.44', '£2.20/kg'), ('aldi', 'https://www.aldi.co.uk/bramley-apple-pie/p/072181420105200', 'Bramley Apple Pie', '0.85', '15.5p/17p per 100g'), ('tesco', 'https://www.tesco.com/groceries/en-GB/products/256859922', 'Bramley Apple Pie Each', '£ 1.25', '£1.25/each'), ('asda', 'https://groceries.asda.com/product/1000051700064', 'Branston Dorset Ale & Apple Chutney', '£1.55', '(53.4p/100g)'), ('sains', 'https://www.sainsburys.co.uk/shop/gb/groceries/product/details/special-offers-462352-44/brite-focus-pineapple-mango-330ml', 'Brite Focus Pineapple & Mango 330ml', '£1.60', '49p / 100ml'), ('asda', 'https://groceries.asda.com/product/1000015062703', 'Brompton House Apple Puffs', '£2.50', '(20.8p/each)'), ('tesco', 'https://www.tesco.com/groceries/en-GB/products/268225531', 'Brothers Toffee Apple Cider 500Ml Bottle', '£ 2.00', '£4.00/litre'), ('asda', 'https://groceries.asda.com/product/1000159248332', 'Brothers Toffee Apple English Cider', '£2.00', '(£4.00/lt)'), ('asda', 'https://groceries.asda.com/product/1000207107040', 'Bubble Up Pineapple Peach Sunny Side Up The Big Bath Melt Bar', '£3.00', '(£1.43/100g)'), ('tesco', 'https://www.tesco.com/groceries/en-GB/products/294348536', 'Bulmers Original Apple Cider 8X500ml Bottle', '£ 6.00', '£1.50/litre'), ('asda', 'https://groceries.asda.com/product/910000562411', 'Calcough Infant Syrup Apple Flavour 3+ Months', '£3.50', '(£2.80/100ml)'), ('asda', 'https://groceries.asda.com/product/1000150899991', 'Capri-Sun No Added Sugar Blackcurrant & Apple 8 Pack', '£2.00', '(12.5p/100ml)'), ('tesco', 'https://www.tesco.com/groceries/en-GB/products/266385580', 'Caprio Apple & Raspberry Drink 2 Litre Carton', '£ 1.10', '£0.06/100ml'), ('asda', 'https://groceries.asda.com/product/910000290031', 'Caprio Apple and Raspberry Multifruit Drink', '£1.30', '(6.5p/100ml)'), ('tesco', 'https://www.tesco.com/groceries/en-GB/products/305831293', 'Captain Morgan Tiki Mango & Pineapple 700Ml', '£ 15.50', '£22.15/litre'), ('asda', 'https://groceries.asda.com/product/1000204973277', 'Captain Morgan Tiki Pineapple and Mango', '£16.50', '(£23.57/lt)'), ('asda', 'https://groceries.asda.com/product/1000015061493', 'Carabao Energy Drink Green Apple Sugar Free', '£0.59', '(17.9p/100ml)'), ('tesco', 'https://www.tesco.com/groceries/en-GB/products/251888083', 'Castello Pineapple Halo 125G', '£ 1.30', '£10.40/kg'), ('sains', 'https://www.sainsburys.co.uk/shop/gb/groceries/product/details/perfect-cheeseboards/castello-pineapple-halo-125g', 'Castello Pineapple Halo Soft Cheese 125g', '£1.00', '£8.00 / kg'), ('asda', 'https://groceries.asda.com/product/910000237200', 'Castello Soft Cheese With Pineapple', '£1.20', 'No weight data'), ('tesco', 'https://www.tesco.com/groceries/en-GB/products/263879352', 'Cawston Press Apple & Ginger Juice 1L', '£ 2.30', '£0.23/100ml'), ('tesco', 'https://www.tesco.com/groceries/en-GB/products/278584055', 'Cawston Press Apple & Pear 3X200ml', '£ 1.60', '£0.27/100ml'), ('tesco', 'https://www.tesco.com/groceries/en-GB/products/263879438', 'Cawston Press Apple & Rhubarb Juice 1Ltr', '£ 2.30', '£0.23/100ml'), ('asda', 'https://groceries.asda.com/product/1000117784314', 'Cawston Press Cloudy Apple Cans', '£3.50', '(26.5p/100ml)'), ('tesco', 'https://www.tesco.com/groceries/en-GB/products/278583954', 'Cawston Press Kids Apple & Mango 3X200ml', '£ 1.60', '£0.27/100ml'), ('tesco', 'https://www.tesco.com/groceries/en-GB/products/254914198', 'Certo Apple Pectin 250Gml', '£ 2.50', '£1.00/100ml'), ('tesco', 'https://www.tesco.com/groceries/en-GB/products/256385065', 'Chewits Xtreme Sour Apple Stick 31G', '£ 0.20', '£0.20/each'), ('asda', 'https://groceries.asda.com/product/910000544075', 'Chicago Town 2 Deep Dish Ham & Pineapple Pizzas', '£1.50', 'No weight data'), ('tesco', 'https://www.tesco.com/groceries/en-GB/products/275038051', 'Chicago Town Ham & Pineapple Twin Pack Mini Pizza 330G', '£ 1.50', '£0.46/100g'), ('asda', 'https://groceries.asda.com/product/1000202846309', 'Childs Farm 3 in 1 Sport, Watermelon & Organic Pineapple', '£4.00', 'No weight data'), ('tesco', 'https://www.tesco.com/groceries/en-GB/products/297115462', 'Childs Farm Blackberry & Apple Body Wash 250Ml', '£ 4.00', '£1.60/100ml'), ('tesco', 'https://www.tesco.com/groceries/en-GB/products/303483845', 'Childs Farm Hair & Body Wash 250Ml Watermelon Pineapple', '£ 4.00', '£1.60/100ml'), ('asda', 'https://groceries.asda.com/product/1000107088365', 'Childs Farm Hair & Body Wash Watermelon & Organic Pineapple', '£4.00', '(£1.60/100ml)'), ('coop', 'https://www.coop.co.uk/products/co-op-family-apple-pack', 'Co-op Family Apple Pack', '£2.20', 'Per pack (99p per pack)'), ('coop', 'https://www.coop.co.uk/products/co-op-gold-pineapple', 'Co-op Gold Pineapple Each', '£1.15', 'Each (85.0p per item)'), ('coop', 'https://www.coop.co.uk/products/co-op-irresistible-limited-edition-bramley-apple-and-cinnamon-hot-cross-buns-4-pack', 'Co-op Irresistible Limited Edition Bramley Apple & Cinnamon Hot Cross Buns 4 Pack', '£1.35', '4 pack (33.8p per item)'), ('coop', 'https://www.coop.co.uk/products/co-op-irresistible-pineapple-rum-838532', 'Co-op Irresistible Pineapple Rum 70cl', '£20', 'No weight data'), ('coop', 'https://www.coop.co.uk/products/co-op-pineapple-and-coconut-coolers-3x90ml-270ml', 'Co-op Pineapple & Coconut Coolers 3x90ml (270ml)', '£1.50', '270ml (55.6p per 100ml)\n3 pack'), ('coop', 'https://www.coop.co.uk/products/co-op-royal-gala-apples', 'Co-op Royal Gala Apples', '£2', '(99.0p per item)'), ('asda', 'https://groceries.asda.com/product/1000244431728', 'Collection Gloss Me Up Lip Gloss Sh6 Red Apple', '£2.98', '(£2.98/10ml)'), ('asda', 'https://groceries.asda.com/product/910003020651', "Colman's Bramley Apple Sauce", '£1.00', '(64.5p/100g)'), ('tesco', 'https://www.tesco.com/groceries/en-GB/products/296186827', "Colman's Bramley Apple Sauce 155G", '£ 1.00', '£0.65/100g'), ('sains', 'https://www.sainsburys.co.uk/shop/gb/groceries/product/details/coffee-shop/copella-apple---elderflower-15l', 'Copella Apple & Elderflower Juice 1.35L', '£2.00', '15p / 100ml'), ('tesco', 'https://www.tesco.com/groceries/en-GB/products/288307410', 'Copella Apple & Elderflower Juice 900Ml', '£ 2.00', '£0.22/100ml'), ('tesco', 'https://www.tesco.com/groceries/en-GB/products/301443856', 'Copella Apple And Elderflower Juice 1.35L', '£ 3.00', '£0.22/100ml'), ('tesco', 'https://www.tesco.com/groceries/en-GB/products/288306532', 'Copella Apple Juice 900Ml', '£ 2.00', '£0.22/100ml'), ('sains', 'https://www.sainsburys.co.uk/shop/gb/groceries/product/details/all-mothers-day/copella-apple-15l', 'Copella Cloudy Apple Juice 1.35L', '£2.00', '15p / 100ml'), ('tesco', 'https://www.tesco.com/groceries/en-GB/products/262019572', 'Cornish Rattler Apple Cider 500Ml Bottle', '£ 2.00', '£4.00/litre'), ('tesco', 'https://www.tesco.com/groceries/en-GB/products/253052928', 'Cow & Gate Apple & Banana Fruit Pot 4X100g 4 Mth+', '£ 1.45', '£3.63/kg'), ('asda', 'https://groceries.asda.com/product/910003267758', 'Cow & Gate Apple & Banana Fruit Pouches 4+ Months', '£2.80', 'No weight data'), ('sains', 'https://www.sainsburys.co.uk/shop/gb/groceries/product/details/price-lock-baby-toddler/cow-gate-apple-banana-frt-pot', 'Cow & Gate Apple & Banana Fruit Puree Pots 4x100g', '£1.45', '36p / 100g'), ('asda', 'https://groceries.asda.com/product/910002552735', 'Cow & Gate Apple & Blueberry Yoghurt Baby Food Jar 7+ Months', '£0.65', 'No weight data'), ('asda', 'https://groceries.asda.com/product/2305968', 'Cow & Gate Apple & Pear 100% Fruit Pots 4+ Months', '£1.30', 'No weight data'), ('tesco', 'https://www.tesco.com/groceries/en-GB/products/253052208', 'Cow & Gate Apple & Pear Fruit Pot 4X100g 4 Mth+', '£ 1.45', '£3.63/kg'), ('asda', 'https://groceries.asda.com/product/1000000986718', 'Cow & Gate Apple & Pear Pouches 4-6+ Months', '£2.80', 'No weight data'), ('tesco', 'https://www.tesco.com/groceries/en-GB/products/253052358', 'Cow & Gate Apple Apricot & Strawberry Fruit Pot 4X100g 4 Mth+', '£ 1.45', '£3.63/kg'), ('tesco', 'https://www.tesco.com/groceries/en-GB/products/305248540', 'Cow & Gate Apple Banana & Strawberry Pouches 4 X 100G', '£ 2.60', '£0.65/100g'), ('asda', 'https://groceries.asda.com/product/910002552787', 'Cow & Gate Apple Crumble Baby Food Jar 7+ Months', '£0.65', 'No weight data'), ('tesco', 'https://www.tesco.com/groceries/en-GB/products/264226336', 'Cow & Gate Apple Crumble Jar 200G 7 Mth+', '£ 0.70', '£3.50/kg'), ('asda', 'https://groceries.asda.com/product/910002552347', 'Cow & Gate Apple Pear & Raspberry Baby Food Jar 7+ Months', '£0.65', 'No weight data'), ('asda', 'https://groceries.asda.com/product/1000027214099', 'Cow & Gate Apple, Blackcurrant & Banana Fruit Pots from 4-6+ Months', '£1.30', 'No weight data'), ('asda', 'https://groceries.asda.com/product/1000195178720', 'Cow & Gate Apple, Strawberry & Banana Baby Fruit Pouches 4+ Months', '£2.80', 'No weight data'), ('asda', 'https://groceries.asda.com/product/910002552619', 'Cow & Gate Bursting Apple Banana & Berries Baby Food Jar 4m+', '£0.58', 'No weight data'), ('tesco', 'https://www.tesco.com/groceries/en-GB/products/296715393', 'Cow & Gate Fruit Pouch Apple & Banana 4 X 100G', '£ 2.60', '£0.65/100g'), ('asda', 'https://groceries.asda.com/product/910002551974', 'Cow & Gate Juicy Apple & Mango Baby Food Jar 4m+', '£0.58', 'No weight data'), ('asda', 'https://groceries.asda.com/product/910002552722', 'Cow & Gate Juicy Apple & Strawberry Baby Food Jar 4m+', '£0.58', 'No weight data'), ('asda', 'https://groceries.asda.com/product/910002552341', 'Cow & Gate Peach Apple & Kiwi Baby Food Jar 7+ Months', '£0.65', 'No weight data'), ('asda', 'https://groceries.asda.com/product/15397917', 'Cow & Gate Plum & Apple 100% Fruit Pots 4-6 Months', '£1.30', 'No weight data'), ('tesco', 'https://www.tesco.com/groceries/en-GB/products/258899992', 'Cow & Gate Plum & Apple Fruit Pot 4X100g 4 Mth+', '£ 1.45', '£3.63/kg'), ('tesco', 'https://www.tesco.com/groceries/en-GB/products/292718420', 'Cow & Gate Stage 2 Peach Apple & Kiwi 200G', '£ 0.70', '£3.50/kg'), ('asda', 'https://groceries.asda.com/product/1000053215763', 'Cranes Blueberries & Apples Cider', '£2.20', '(£4.40/lt)'), ('asda', 'https://groceries.asda.com/product/910003221437', 'Creative Nature Apple Pie Protein Flapjack', '£0.99', 'No weight data'), ('asda', 'https://groceries.asda.com/product/910002657218', 'Cristalinas Reed Diffuser, Cosy Apple & Cinnamon', '£2.00', 'No weight data'), ('tesco', 'https://www.tesco.com/groceries/en-GB/products/268607379', 'Crofters Apple Cider 5% 2L', '£ 2.05', '£1.03/litre'), ('tesco', 'https://www.tesco.com/groceries/en-GB/products/293089960', 'Crumpton Oaks Apple Cider 500Ml Bottle', '£ 0.85', '£1.70/litre'), ('tesco', 'https://www.tesco.com/groceries/en-GB/products/305522797', 'Dawtona Red Cabbage With Apple 500G', '£ 1.00', '£0.29/100g DR.WT'), ('tesco', 'https://www.tesco.com/groceries/en-GB/products/305973003', "Dead Man's Fingers Pineapple Rum 70Cl", '£ 22.00', '£31.43/litre'), ('tesco', 'https://www.tesco.com/groceries/en-GB/products/256265858', 'Del Monte Crushed Pineapple In Juice 435G', '£ 1.00', '£3.60/kg DR.WT'), ('asda', 'https://groceries.asda.com/product/466253', 'Del Monte Crushed Pineapple in Own Juice', '£1.10', '(39.6p/100g)'), ('asda', 'https://groceries.asda.com/product/1000052962645', 'Del Monte Gold Pineapple Chunks in Juice', '£1.20', '(46.2p/100g)'), ('tesco', 'https://www.tesco.com/groceries/en-GB/products/301443597', 'Del Monte Gold Pineapple Chunks In Juice 435G', '£ 1.20', '£4.62/kg DR.WT'), ('asda', 'https://groceries.asda.com/product/1000052962713', 'Del Monte Gold Pineapple Slices in Juice', '£1.20', '(46.2p/100g)'), ('tesco', 'https://www.tesco.com/groceries/en-GB/products/301443614', 'Del Monte Gold Pineapple Slices In Juice 435G', '£ 1.20', '£4.62/kg DR.WT'), ('asda', 'https://groceries.asda.com/product/37638', 'Del Monte Pineapple Chunks in Juice', '£1.10', '(42.3p/100g)'), ('tesco', 'https://www.tesco.com/groceries/en-GB/products/254900560', 'Del Monte Pineapple Chunks In Juice 230G', '£ 0.80', '£0.57/100g'), ('tesco', 'https://www.tesco.com/groceries/en-GB/products/257977129', 'Del Monte Pineapple Chunks In Juice 432G', '£ 1.00', '£3.85/kg DR.WT'), ('asda', 'https://groceries.asda.com/product/910001068902', 'Del Monte Quality Pineapple Chunks in Own Juice', '£0.80', '(57.1p/100g)'), ('asda', 'https://groceries.asda.com/product/23397', 'Del Monte Sliced Pineapple in Juice', '£1.10', '(42.3p/100g)'), ('asda', 'https://groceries.asda.com/product/37805', 'Del Monte Sliced Pineapple in Juice', '£0.80', '(57.1p/100g)'), ('sains', 'https://www.sainsburys.co.uk/shop/gb/groceries/product/details/all-price-lock/del-monte-sliced-pineapple-in-juice-227g', 'Del Monte Sliced Pineapple in Juice 220g (140g Drained)', '80p', '57p / 100g'), ('asda', 'https://groceries.asda.com/product/910002522972', 'Del Monte Squeezie Apple & Mango', '£0.50', '(50.0p/100g)'), ('asda', 'https://groceries.asda.com/product/910002523074', 'Del Monte Squeezie Apple Strawberry & Banana', '£0.50', '(50.0p/100g)'), ('asda', 'https://groceries.asda.com/product/910002522987', 'Del Monte Squeezie Apple Strawberry & Blueberry', '£0.50', '(50.0p/100g)'), ('tesco', 'https://www.tesco.com/groceries/en-GB/products/304784637', 'Deliciously Ella Apple & Blackberry Crumble 275G', '£ 3.00', '£10.91/kg'), ('sains', 'https://www.sainsburys.co.uk/shop/gb/groceries/product/details/special-offers-454372-44/deliciously-ella-apple-raisin-cinnamon-oat-bars-3x50g', 'Deliciously Ella Apple, Raisin & Cinnamon Oat Bars 3x50g', '£2.00', '£1.34 / 100g'), ('sains', 'https://www.sainsburys.co.uk/shop/gb/groceries/product/details/all-gluten-free-food-and-drink/deliciously-ella-apple-raisin-cinnamon-oat-bars-3x50g', 'Deliciously Ella Apple, Raisin & Cinnamon Oat Bars 3x50g', '£2.00', '£1.34 / 100g'), ('asda', 'https://groceries.asda.com/product/910000953620', 'Dole Fruit in Jelly Pineapple in Raspberry Flavour Jelly', '£0.50', '(44.2p/100g)'), ('asda', 'https://groceries.asda.com/product/37354', 'Dole Fruit in Juice Pineapple', '£0.50', '(44.2p/100g)'), ('asda', 'https://groceries.asda.com/product/910000953796', 'Dole Fruit in Juice Pineapple & Mandarins', '£0.50', '(44.2p/100g)'), ('tesco', 'https://www.tesco.com/groceries/en-GB/products/271142843', 'Dole Pineapple In Juice 113G', '£ 0.50', '£7.36/kg DR.WT'), ('asda', 'https://groceries.asda.com/product/910002345098', 'Don Simon My First Apple Juice', '£1.00', '(20.0p/100ml)'), ('tesco', 'https://www.tesco.com/groceries/en-GB/products/305949845', 'Don Simon My First Juice Apple 4X125ml', '£ 1.00', '£0.20/100ml'), ('asda', 'https://groceries.asda.com/product/1000029264073', 'Don Simon Pineapple & Coconut Juice Drink', '£1.00', 'No weight data'), ('tesco', 'https://www.tesco.com/groceries/en-GB/products/306650136', 'Don Simon Pineapple & Coconut Juice Drink 1.5Ltr', '£ 1.00', '£0.07/100ml'), ('asda', 'https://groceries.asda.com/product/1000102496185', 'Dove Go Fresh Apple & White Tea Anti-Perspirant Deodorant Aerosol', '£1.68', '(67.2p/100ml)'), ('tesco', 'https://www.tesco.com/groceries/en-GB/products/291419849', 'Eat Natural Bars Apple, Ginger & Dark Chocolate 3 X 45G', '£ 2.00', '£1.49/100g'), ('asda', 'https://groceries.asda.com/product/1000199580496', 'Eco Wix Apple and Cinnamon Large Candle', '£8.00', '(£8.00/each)'), ('asda', 'https://groceries.asda.com/product/1000199580430', 'Eco Wix Apple and Cinnamon Small Candle', '£5.00', '(£5.00/each)'), ('asda', 'https://groceries.asda.com/product/1000000982543', 'Ecover Fabric Softener Apple Blossom & Almond 50 Washes', '£3.50', 'No weight data'), ('asda', 'https://groceries.asda.com/product/1000189834582', 'Ecover Sensitive Fabric Softener Apple Blossom & Almond 25 Washes', '£2.25', 'No weight data'), ('tesco', 'https://www.tesco.com/groceries/en-GB/products/297781639', 'Ecover Softener Apple Blossom & Almond 50W 1.5L', '£ 4.00', '£2.67/litre'), ('tesco', 'https://www.tesco.com/groceries/en-GB/products/292759393', "Ella's Kitchen Apple & Cinnamon Crumble 4X80g", '£ 1.75', '£4.87/kg'), ('tesco', 'https://www.tesco.com/groceries/en-GB/products/271028386', "Ella's Kitchen Apples Apples Apples 70G", '£ 0.80', '£11.43/kg'), ('tesco', 'https://www.tesco.com/groceries/en-GB/products/261383169', "Ella's Kitchen Apples Carrots Plus Parsnips 120G", '£ 1.10', '£9.17/kg'), ('tesco', 'https://www.tesco.com/groceries/en-GB/products/301892082', "Ella's Kitchen Cheese Plus Apple Melty Sticks 16G", '£ 1.00', '£62.50/kg'), ('asda', 'https://groceries.asda.com/product/910002650164', "Ella's Kitchen Organic Apple and Cinnamon Crumble Baby Dessert Pot Multipack 7+ Months", '£1.70', 'No weight data'), ('asda', 'https://groceries.asda.com/product/910002075305', "Ella's Kitchen Organic Apple and Ginger Baby Biscuits Multipack Snack 10+ Months", '£2.00', 'No weight data'), ('asda', 'https://groceries.asda.com/product/910000530569', "Ella's Kitchen Organic Apples First Tastes Baby Pouch 4+ Months", '£0.90', 'No weight data'), ('asda', 'https://groceries.asda.com/product/1000000470327', "Ella's Kitchen Organic Apples, Carrots and Parsnips Baby Pouch 4+ Months", '£1.05', 'No weight data'), ('asda', 'https://groceries.asda.com/product/910000971264', "Ella's Kitchen Organic Apples, Sweet Potatoes and Peppers Baby Pouch 4+ Months", '£1.05', 'No weight data'), ('sains', 'https://www.sainsburys.co.uk/shop/gb/groceries/product/details/all-price-lock/ellas-red-peppers--swt-pot-appl-s1-120g', "Ella's Kitchen Organic Apples, Sweet Potatoes and Peppers Baby Pouch 4+ Months 120g", '£1.00', '83p / 100g'), ('tesco', 'https://www.tesco.com/groceries/en-GB/products/305435733', "Ella's Kitchen Organic Banana Apple Blueberry Baby Rice 120G", '£ 1.10', '£0.92/100g'), ('asda', 'https://groceries.asda.com/product/1000000470330', "Ella's Kitchen Organic Bananas and Apples Baby Pouch 4+ Months", '£1.05', 'No weight data'), ('asda', 'https://groceries.asda.com/product/910001801510', "Ella's Kitchen Organic Bluberries, Apples, Bananas and Vanilla Baby Pouch 4+ Months", '£1.05', 'No weight data'), ('asda', 'https://groceries.asda.com/product/1000059825254', "Ella's Kitchen Organic Cheese and Apple Melty Sticks Baby Snack 7+ Months", '£0.75', 'No weight data'), ('asda', 'https://groceries.asda.com/product/910000368039', "Ella's Kitchen Organic Pear and Apple Baby Rice Baby Pouch 4+ Months", '£1.05', 'No weight data'), ('asda', 'https://groceries.asda.com/product/1000201691447', "Ella's Kitchen Organic Rice Pudding with Mangoes and Apples Baby Pouch 4+ Months", '£1.05', 'No weight data'), ('asda', 'https://groceries.asda.com/product/910000042378', "Ella's Kitchen Organic Strawberries and Apples Baby Pouch 4+ Months", '£1.05', 'No weight data'), ('asda', 'https://groceries.asda.com/product/1000054991437', "Ella's Kitchen Organic Strawberries, Rhubarb and Apples Baby Pouch 4+ Months", '£1.05', 'No weight data'), ('asda', 'https://groceries.asda.com/product/910002650661', "Ella's Kitchen Organic Strawberry and Apple Oaty Fingers Bars Multipack Snack 12+ Months", '£2.35', 'No weight data'), ('sains', 'https://www.sainsburys.co.uk/shop/gb/groceries/product/details/price-lock-baby-toddler/ellas-organic-sweet-potato--plumb--apple---blueberries-120g', "Ella's Kitchen Organic Sweet Potatoes, Pumkin, Apples and Blueberries Baby Pouch 4+ Months 120g", '£1.00', '83p / 100g'), ('sains', 'https://www.sainsburys.co.uk/shop/gb/groceries/product/details/all-price-lock/ellas-organic-sweet-potato--plumb--apple---blueberries-120g', "Ella's Kitchen Organic Sweet Potatoes, Pumkin, Apples and Blueberries Baby Pouch 4+ Months 120g", '£1.00', '83p / 100g'), ('asda', 'https://groceries.asda.com/product/1000000470329', "Ella's Kitchen Organic Sweet Potatoes, Pumpkin, Apples and Blueberries Baby Pouch 4+ Months", '£1.05', 'No weight data'), ('tesco', 'https://www.tesco.com/groceries/en-GB/products/271645755', "Ella's Kitchen Spinach Apple Plus Swede Stage 120G", '£ 1.10', '£9.17/kg'), ('tesco', 'https://www.tesco.com/groceries/en-GB/products/261384001', "Ella's Kitchen Sweet Potato Pumpkin Apple & Blueberries 120G", '£ 1.10', '£9.17/kg'), ('tesco', 'https://www.tesco.com/groceries/en-GB/products/271413609', "Ella's Strawberries & Apples Nibbly Fingers 5 X 25G", '£ 2.50', '£20.00/kg'), ('sains', 'https://www.sainsburys.co.uk/shop/gb/groceries/product/details/top-rated-44/emily-fruit-crisps--crunchy-red-apple-30g', 'Emily Fruit Crisps, Crunchy Red Apple 30g', '£1.00', '£3.33 / 100g'), ('tesco', 'https://www.tesco.com/groceries/en-GB/products/270094808', 'Epson Apple T1291 Black Printer Ink', '£ 17.50', '£17.50/each'), ('sains', 'https://www.sainsburys.co.uk/shop/gb/groceries/product/details/price-lock-household/fairy-liquid-apple-orchard-520ml', 'Fairy Clean & Fresh Washing Up Liquid Apple 520ml', '£1.00', '£1.92 / ltr'), ('asda', 'https://groceries.asda.com/product/910002091715', 'Fairy Clean & Fresh Washing Up Liquid Apple Orchard', '£1.00', '(£1.92/lt)'), ('asda', 'https://groceries.asda.com/product/1000110960429', 'Fairy Clean & Fresh Washing Up Liquid Apple Orchard', '£2.00', '(£1.68/lt)'), ('asda', 'https://groceries.asda.com/product/1000225477741', 'Febreze 3Volution Air Freshener Plug-In Refill Spice Apple - 1 Refill', '£3.00', 'No weight data'), ('asda', 'https://groceries.asda.com/product/1000004042190', 'Febreze 3Volution Plug-In Starter Kit, Spiced Apple - Holder & 1 Refill', '£3.00', 'No weight data'), ('asda', 'https://groceries.asda.com/product/2215673303494', 'Febreze Air Freshener Bathroom Block & 3Volution Plug-In Starter Kit, Spiced Apple', '£5.00', 'No weight data'), ('asda', 'https://groceries.asda.com/product/1000228959142', 'Febreze Air Freshener Bathroom Block; Spiced Apple', '£2.00', 'No weight data'), ('asda', 'https://groceries.asda.com/product/1000004043709', 'Febreze Air Freshener Spray, Spiced Apple', '£2.00', 'No weight data'), ('asda', 'https://groceries.asda.com/product/1000004043395', 'Febreze with Ambi Pur 3Volution Plug-In Refill, Spiced Apple - 1 Refill', '£1.50', 'No weight data'), ('sains', 'https://www.sainsburys.co.uk/shop/gb/groceries/product/details/all-fruit/fosters-toffee-apple--single', 'Fosters Toffee Apple, Single', '75p', '75p / ea'), ('asda', 'https://groceries.asda.com/product/1000222400172', 'Freaks of Nature Bramley Apple Crumble', '£2.95', 'No weight data'), ('asda', 'https://groceries.asda.com/product/26035', 'Fruit Shoot Apple & Blackcurrant Kids Juice Drink', '£2.00', '(12.5p/100ml)'), ('tesco', 'https://www.tesco.com/groceries/en-GB/products/262460802', 'Fruit Shoot Apple & Blackcurrant No Added Sugar 24 X 200Ml', '£ 4.50', '£0.09/100ml'), ('asda', 'https://groceries.asda.com/product/1527139', 'Fruit Shoot Apple Kids Juice Drink', '£2.00', '(12.5p/100ml)'), ('tesco', 'https://www.tesco.com/groceries/en-GB/products/292069443', 'Fruit Shoot Hydro Apple & Raspberry 8X200ml', '£ 2.00', '£0.12/100ml'), ('asda', 'https://groceries.asda.com/product/1000176228047', 'Fruit Shoot Hydro Apple & Raspberry Kids Water Drink', '£1.89', '(23.6p/100ml)'), ('asda', 'https://groceries.asda.com/product/910002462757', 'Fruit Shoot Hydro Apple & Raspberry Kids Water Drink', '£2.00', '(12.5p/100ml)'), ('tesco', 'https://www.tesco.com/groceries/en-GB/products/305252586', 'Fruit Shoot Hydro Apple & Raspberry Spring Water 4X200ml', '£ 1.00', '£0.12/100ml'), ('asda', 'https://groceries.asda.com/product/910000771015', 'Fruit Shoot Hydro Orange & Pineapple Kids Water Drink', '£2.00', '(12.5p/100ml)'), ('tesco', 'https://www.tesco.com/groceries/en-GB/products/301870592', 'Fruit Shoot Juiced Apple & Pear 6 X 200 Ml', '£ 3.00', '£0.25/100ml'), ('asda', 'https://groceries.asda.com/product/1000027213953', 'Fruit Shoot Juiced Apple & Pear Kids Juice Drink', '£2.00', '(16.7p/100ml)'), ('tesco', 'https://www.tesco.com/groceries/en-GB/products/272417736', 'Fruit Shoot No Added Sugar Apple & Blackcurrant 15X200ml', '£ 3.50', '£0.12/100ml'), ('asda', 'https://groceries.asda.com/product/1000022119934', 'Fruitypot Jelly Squeeze Apple & Blackcurrant Flavour Jelly', '£0.50', 'No weight data'), ('tesco', 'https://www.tesco.com/groceries/en-GB/products/307344238', 'Fuel 10K Toffee Apple Oat Muffin 60G', '£ 0.85', '£1.42/100g'), ('tesco', 'https://www.tesco.com/groceries/en-GB/products/253559147', 'Gala Apples Class 1 Loose', '£ 0.35', '£2.20/kg'), ('asda', 'https://groceries.asda.com/product/910001814978', 'Gallo Family Vineyards Spritz Pineapple & Passionfruit', '£4.50', '(£4.50/75c3)'), ('tesco', 'https://www.tesco.com/groceries/en-GB/products/288178170', 'Gallo Spritz Pineapple & Passion Fruit 75Cl', '£ 4.25', '£4.25/75cl'), ('asda', 'https://groceries.asda.com/product/910002470255', 'Garnier Ultimate Blends Kids Apple & Kiwi Shampoo', '£1.50', '(60.0p/100ml)'), ('tesco', 'https://www.tesco.com/groceries/en-GB/products/305052713', 'Genius 2 Gluten Free Apple Pies 320G', '£ 3.25', '£10.16/kg'), ('asda', 'https://groceries.asda.com/product/1000136584419', 'George Home Pineapple Marble Geo Pot', '£4.00', '(£4.00/each)'), ('asda', 'https://groceries.asda.com/product/1000230965309', 'George Home Spiced Apple Tealights', '£1.00', '(4.2p/each)'), ('asda', 'https://groceries.asda.com/product/1000110474126', 'Get More Vits Still Apple & Raspberry', '£1.00', '(10.0p/100ml)'), ('asda', 'https://groceries.asda.com/product/1000224243196', 'Glade Aerosol Arctic Apple Pie Air Freshener', '£0.50', 'No weight data'), ('asda', 'https://groceries.asda.com/product/1000224243221', 'Glade Automatic Spray Holder & Refill Arctic Apple Pie Air Freshener - Holder & 1 Refill', '£6.00', 'No weight data'), ('asda', 'https://groceries.asda.com/product/1000224243246', 'Glade Automatic Spray Refill Arctic Apple Pie Air Freshener - 1 Refill', '£2.50', 'No weight data'), ('asda', 'https://groceries.asda.com/product/1000224243229', 'Glade Candle Arctic Apple Pie Air Freshener', '£1.00', 'No weight data'), ('asda', 'https://groceries.asda.com/product/1000224243205', 'Glade Electric Holder & Refill Arctic Apple Pie Air Freshener - Holder & 1 Refill', '£2.65', 'No weight data'), ('asda', 'https://groceries.asda.com/product/1000224243243', 'Glade Electric Refill Arctic Apple Pie Air Freshener - 1 Refill', '£1.00', 'No weight data'), ('asda', 'https://groceries.asda.com/product/1000224243168', 'Glade Large Candle Arctic Apple Pie Air Freshener', '£4.00', 'No weight data'), ('asda', 'https://groceries.asda.com/product/1000224243166', 'Glade Sense & Spray Holder & Refill Arctic Apple Pie Air Freshener - Holder & 1 Refill', '£3.75', 'No weight data'), ('asda', 'https://groceries.asda.com/product/1000224243218', 'Glade Sense & Spray Refill Arctic Apple Pie Air Freshener - 1 Refill', '£2.00', 'No weight data'), ('asda', 'https://groceries.asda.com/product/1000157817693', 'Glow Scented Pineapple Hair Hoops', '£4.00', '(£1.00/each)'), ('tesco', 'https://www.tesco.com/groceries/en-GB/products/283420093', 'Go Ahead Apple & Sultana 5 X 43G', '£ 0.99', '£0.46/100g'), ('tesco', 'https://www.tesco.com/groceries/en-GB/products/251232560', 'Go Ahead Apple Bakes 6X35g', '£ 1.00', '£0.48/100g'), ('asda', 'https://groceries.asda.com/product/910002993005', 'Go Ahead! Apple Bakes', '£1.50', '(71.4p/100g)'), ('asda', 'https://groceries.asda.com/product/910001322962', 'Go Ahead! Crispy Apple Slices', '£1.00', '(45.9p/100g)'), ('sains', 'https://www.sainsburys.co.uk/shop/gb/groceries/product/details/200-calories-or-less/mcvities-go-ahead-apple-bakes-x6-210g', 'Go Ahead! Fruit Bakes Apple Bars x6 210g', '£1.00', '48p / 100g'), ('sains', 'https://www.sainsburys.co.uk/shop/gb/groceries/product/details/new-trending-special-offers/gogo-squeez-fruit-snack-apple-strawberry-4x90g', 'GoGo squeeZ Fruit Snack Apple Strawberry 4x90g', '£1.95', '54p / 100g'), ('sains', 'https://www.sainsburys.co.uk/shop/gb/groceries/product/details/new-355373-44/good-boy-oh-so-natural-apple-with-tasty-chicken-85g', 'Good Boy Natural Apple with Tasty Chicken Dog Treats 85g', '£3.00', '£35.29 / kg'), ('tesco', 'https://www.tesco.com/groceries/en-GB/products/304868625', 'Goodbelly Oat Flakes With Apple & Cranberry 350G', '£ 3.50', '£1.00/100g'), ('asda', 'https://groceries.asda.com/product/910000543852', "Goodfella's Thin Ham & Pineapple Pizza", '£1.75', 'No weight data'), ('tesco', 'https://www.tesco.com/groceries/en-GB/products/304369299', 'Gran Luchito Crunchy Jalapeno & Pineapple 215G', '£ 2.00', '£1.74/100g DR.WT'), ('tesco', 'https://www.tesco.com/groceries/en-GB/products/301107472', 'Growers Harvest Apple Juice 3X200ml', '£ 0.40', '£0.07/100ml'), ('tesco', 'https://www.tesco.com/groceries/en-GB/products/301219535', 'Growers Harvest Apple Juice Drink 1 Litre', '£ 0.55', '£0.06/100ml'), ('tesco', 'https://www.tesco.com/groceries/en-GB/products/306927609', 'Growers Harvest Pineapple In A Light Syrup 425G', '£ 0.65', '£0.25/100g DR.WT'), ('tesco', 'https://www.tesco.com/groceries/en-GB/products/300473931', 'Growers Harvest Pure Apple Juice 1 Litre', '£ 0.69', '£0.07/100ml'), ('tesco', 'https://www.tesco.com/groceries/en-GB/products/301219495', 'Growers Harvest Pure Apple Juice 1 Litre', '£ 0.59', '£0.06/100ml'), ('tesco', 'https://www.tesco.com/groceries/en-GB/products/300474095', 'Growers Harvest Pure Apple Juice 2 Litre', '£ 1.35', '£0.07/100ml'), ('sains', 'https://www.sainsburys.co.uk/shop/gb/groceries/product/details/vegetarian-food/gu-hot-puds-apple-salted-caramel-sponge-2x82g', 'Gü Hot Apple & Salted Caramel Sponge Desserts 2x82g', '£3.30', '£2.01 / 100g'), ('asda', 'https://groceries.asda.com/product/910001525835', 'Happy Monkey Apple & Blackcurrant Smoothie', '£2.00', 'No weight data'), ('asda', 'https://groceries.asda.com/product/910000442252', "Hartley's 10 Cal Apple & Watermelon Flavour Jelly", '£0.50', '(28.6p/100g)'), ('asda', 'https://groceries.asda.com/product/1000136120575', "Hartley's Best of Pineapple Jam", '£1.00', '(33.3p/100g)'), ('asda', 'https://groceries.asda.com/product/910001390377', "Hartley's Jelly Pineapple Flavour", '£0.50', '(40.0p/100g)'), ('asda', 'https://groceries.asda.com/product/910001389140', "Hartley's No Added Sugar Jelly Apple Flavour", '£0.50', '(43.5p/100g)'), ('asda', 'https://groceries.asda.com/product/910001952864', "Hartley's Pineapple Flavour Jelly", '£0.55', '(40.7p/100g)'), ('asda', 'https://groceries.asda.com/product/910000027400', "Hartley's Pineapple in Jelly", '£0.72', '(41.1p/100g)'), ('tesco', 'https://www.tesco.com/groceries/en-GB/products/253520878', 'Hartleys Best Pineapple Jam 340G', '£ 1.00', '£0.30/100g'), ('tesco', 'https://www.tesco.com/groceries/en-GB/products/264772194', 'Hartleys Pineapple In Jelly 175G', '£ 0.60', '£0.34/100g'), ('asda', 'https://groceries.asda.com/product/1000132865960', 'Hawkes Urban Orchard Apple Cider', '£5.00', '(£3.79/lt)'), ('asda', 'https://groceries.asda.com/product/910001461224', 'Hazerbaba Turkish Apple Tea', '£3.09', '(£1.24/100g)'), ('sains', 'https://www.sainsburys.co.uk/shop/gb/groceries/product/details/bigger-packs-/head---shoulder-apple-2-in-1-450ml', 'Head & Shoulders Apple Anti-Dandruff 2 in 1 Shampoo 450ml', '£4.50', '£1.00 / 100ml'), ('asda', 'https://groceries.asda.com/product/910001269784', 'Head & Shoulders Apple Fresh 2-in-1 Anti Dandruff Shampoo', '£4.75', '(£1.06/100ml)'), ('asda', 'https://groceries.asda.com/product/910000800928', 'Head & Shoulders Apple Fresh Anti Dandruff Shampoo', '£4.75', '(95.0p/100ml)'), ('asda', 'https://groceries.asda.com/product/910000800372', 'Head & Shoulders Apple Fresh Anti Dandruff Shampoo', '£3.00', '(£1.20/100ml)'), ('asda', 'https://groceries.asda.com/product/1000121450050', 'Head & Shoulders Apple Fresh Anti-Dandruff Shampoo', '£1.50', 'No weight data'), ('tesco', 'https://www.tesco.com/groceries/en-GB/products/303607038', 'Head & Shoulders Apple Fresh Conditioner 275Ml', '£ 5.00', '£1.82/100ml'), ('tesco', 'https://www.tesco.com/groceries/en-GB/products/272892903', 'Head & Shoulders Apple Fresh Shampoo 500Ml', '£ 5.00', '£1.00/100ml'), ('tesco', 'https://www.tesco.com/groceries/en-GB/products/306806086', 'Heck Meat Free Apple Chipolatas 300G', '£ 2.00', '£6.67/kg'), ('tesco', 'https://www.tesco.com/groceries/en-GB/products/288988032', 'Heinz Apple & Blackcurrant Juice 500Ml', '£ 1.50', '£0.30/100ml'), ('asda', 'https://groceries.asda.com/product/1000246461969', 'Heinz Apple & Cucumber Fruit Pouch 6+ Months', '£0.80', 'No weight data'), ('tesco', 'https://www.tesco.com/groceries/en-GB/products/305745775', 'Heinz Apple & Cucumber Pouch 100G', '£ 1.00', '£10.00/kg'), ('tesco', 'https://www.tesco.com/groceries/en-GB/products/305745838', 'Heinz Apple & Yogurt Jar 120G', '£ 0.65', '£5.42/kg'), ('tesco', 'https://www.tesco.com/groceries/en-GB/products/264154471', 'Heinz Apple Biscotti 60G', '£ 0.70', '£11.67/kg'), ('asda', 'https://groceries.asda.com/product/910000038638', 'Heinz Apple Biscotti 7+ Months', '£0.67', 'No weight data'), ('tesco', 'https://www.tesco.com/groceries/en-GB/products/289132272', 'Heinz Apple Juice 150Ml', '£ 0.79', '£5.27/litre'), ('asda', 'https://groceries.asda.com/product/1000246462060', 'Heinz Apple, Banana & Cereal Fruit Pouch 6+ Months', '£0.80', 'No weight data'), ('asda', 'https://groceries.asda.com/product/1000246462080', 'Heinz Apple, Banana & Watermelon Fruit Pouch 6+ Months', '£0.80', 'No weight data'), ('asda', 'https://groceries.asda.com/product/1000246462072', 'Heinz Apple, Carrot & Mango Fruit Pouch 6+ Months', '£0.80', 'No weight data'), ('asda', 'https://groceries.asda.com/product/1000019306782', 'Heinz By Nature Apple & Blueberries 4+ Months', '£0.80', 'No weight data'), ('asda', 'https://groceries.asda.com/product/1000019306941', 'Heinz By Nature Apple & Oat Pudding 4+ Months', '£1.20', 'No weight data'), ('asda', 'https://groceries.asda.com/product/1000019306823', 'Heinz By Nature Apple & Strawberry 4+ Months', '£0.80', 'No weight data'), ('asda', 'https://groceries.asda.com/product/1000195178682', 'Heinz By Nature Apple & Yogurt 6+ Months', '£0.65', 'No weight data'), ('tesco', 'https://www.tesco.com/groceries/en-GB/products/304379766', 'Heinz By Nature Apple Banana Apricot 4 Month Plus 4 X 100G', '£ 1.35', '£3.38/kg'), ('asda', 'https://groceries.asda.com/product/1000195178733', 'Heinz By Nature Apple, Apricot, Banana & Orange 6+ Months', '£0.65', 'No weight data'), ('asda', 'https://groceries.asda.com/product/1000123650072', 'Heinz By Nature Apple, Banana & Apricot 4+ Months', '£1.20', 'No weight data'), ('asda', 'https://groceries.asda.com/product/1000019306634', 'Heinz By Nature Apple, Pear & Banana 4+ Months', '£0.80', 'No weight data'), ('asda', 'https://groceries.asda.com/product/1000019306867', 'Heinz By Nature Peach, Mango, Banana & Apple 4+ Months', '£0.80', 'No weight data'), ('asda', 'https://groceries.asda.com/product/1000019306770', 'Heinz By Nature Peach, Mango, Banana & Apple 4+ Months', '£3.00', 'No weight data'), ('asda', 'https://groceries.asda.com/product/1000019306976', 'Heinz By Nature Strawberry, Banana, Raspberry & Apple 4+ Months', '£0.80', 'No weight data'), ('asda', 'https://groceries.asda.com/product/1000019306623', 'Heinz By Nature Strawberry, Banana, Raspberry & Apple 4+ Months', '£3.00', 'No weight data'), ('tesco', 'https://www.tesco.com/groceries/en-GB/products/278234073', 'Heinz Fruit Pouch Apple & Blueberry 100G', '£ 1.00', '£1.00/100g'), ('tesco', 'https://www.tesco.com/groceries/en-GB/products/276867536', 'Heinz Fruit Pouch Apple Mango 100G', '£ 1.00', '£1.00/100g'), ('asda', 'https://groceries.asda.com/product/910001991932', 'Heinz Fruity! Spring Water Apple & Blackcurrant 6+ Months', '£1.20', 'No weight data'), ('asda', 'https://groceries.asda.com/product/910001992506', 'Heinz Fruity! Spring Water Apple 6+ Months', '£1.20', 'No weight data'), ('asda', 'https://groceries.asda.com/product/910002650083', 'Heinz Oat & Apple Baby Porridge 6+ Months', '£2.95', 'No weight data'), ('sains', 'https://www.sainsburys.co.uk/shop/gb/groceries/product/details/price-lock-baby-toddler/heinz-oat---apple-porridge-240g-4-month', 'Heinz Oat & Apple porridge 240g 4 Month+', '£2.65', '£1.10 / 100g'), ('tesco', 'https://www.tesco.com/groceries/en-GB/products/299234162', 'Heinz Pear & Apple Custard 4X100g', '£ 1.60', '£4.00/kg'), ('asda', 'https://groceries.asda.com/product/1000111689972', 'HiPP Apple & Banana Swiss Style Muesli Baby Cereal 7+ Months', '£2.15', 'No weight data'), ('asda', 'https://groceries.asda.com/product/1000111689989', 'HiPP Multigrain Apple Porridge Baby Cereal 7+ Months', '£2.15', 'No weight data'), ('sains', 'https://www.sainsburys.co.uk/shop/gb/groceries/product/details/all-price-lock/hipp-organic-rice-pudding-with-apple-pear-7-months-160g', 'Hipp Organic Rice Pudding with Apple & Pear 7+ Months 160g', '70p', '44p / 100g'), ('asda', 'https://groceries.asda.com/product/1000028748583', 'HiPP Rice Pudding With Apple & Pear Baby Food Jar 7+ Months', '£0.85', 'No weight data'), ('sains', 'https://www.sainsburys.co.uk/shop/gb/groceries/product/details/aldi-price-match/sainsburys-apple---blackcurrant-squash--basics-no-added-sugar-750ml', "Hubbard's Foodstore Double Strength Apple & Blackcurrant Squash 750ml", '40p', '5p / 100ml'), ('tesco', 'https://www.tesco.com/groceries/en-GB/products/302275857', 'Ilchester Applewood Smoked Cheddar 170G', '£ 2.20', '£12.95/kg'), ('tesco', 'https://www.tesco.com/groceries/en-GB/products/264014086', 'Ilchester Applewood Smoked Cheddar 185G', '£ 2.10', '£11.36/kg'), ('tesco', 'https://www.tesco.com/groceries/en-GB/products/288178014', 'Innocent Apple & Berry Juice 1.35L', '£ 3.20', '£0.24/100ml'), ('tesco', 'https://www.tesco.com/groceries/en-GB/products/276683488', 'Innocent Apple And Mango Juice 1.35 Litre', '£ 3.20', '£0.24/100ml'), ('asda', 'https://groceries.asda.com/product/1000165446598', 'Innocent Apple Juice', '£2.00', 'No weight data'), ('tesco', 'https://www.tesco.com/groceries/en-GB/products/272489114', 'Innocent Apple Juice 1.35L', '£ 3.20', '£0.24/100ml'), ('tesco', 'https://www.tesco.com/groceries/en-GB/products/268219251', 'Innocent Apple Juice 900Ml', '£ 2.49', '£0.28/100ml'), ('tesco', 'https://www.tesco.com/groceries/en-GB/products/291746450', 'Innocent Bubbles Lemon Lime & Apple 330Ml', '£ 1.45', '£0.44/100ml'), ('tesco', 'https://www.tesco.com/groceries/en-GB/products/305530240', 'Innocent Kids Apple Juice 4X150ml', '£ 3.00', '£0.50/100ml'), ('tesco', 'https://www.tesco.com/groceries/en-GB/products/305251351', 'Innocent Kids Orange Mango & Pineapple 10X150ml', '£ 5.99', '£0.40/100ml'), ('tesco', 'https://www.tesco.com/groceries/en-GB/products/305529830', 'Innocent Kids Orange Mango & Pineapple 4X150ml', '£ 3.00', '£0.50/100ml'), ('tesco', 'https://www.tesco.com/groceries/en-GB/products/305524599', 'Innocent Kids Pineapple Apple & Carrot 4X150ml', '£ 3.00', '£0.50/100ml'), ('tesco', 'https://www.tesco.com/groceries/en-GB/products/305524927', 'Innocent Kids Smoothies Apple & Blackcurrant 4X150ml', '£ 3.00', '£0.50/100ml'), ('sains', 'https://www.sainsburys.co.uk/shop/gb/groceries/product/details/dairy-and-chilled-essentials/innocent-kids-strawberry-raspb-4x150ml', 'Innocent Kids Smoothies, Strawberries, Raspberries & Apples 4x150ml', '£3.00', '50p / 100ml'), ('tesco', 'https://www.tesco.com/groceries/en-GB/products/305522492', 'Innocent Kids Strawberry Apple & Beetroot 4X150ml', '£ 3.00', '£0.50/100ml'), ('tesco', 'https://www.tesco.com/groceries/en-GB/products/305251564', 'Innocent Kids Strawberry Raspberry & Apple 10X150ml', '£ 5.99', '£0.40/100ml'), ('tesco', 'https://www.tesco.com/groceries/en-GB/products/305249700', 'Innocent Kids Strawberry Raspberry & Apple 4X150ml', '£ 3.00', '£0.50/100ml'), ('asda', 'https://groceries.asda.com/product/1000197663906', "Innocent Kids' Apple & Blackcurrant Smoothies", '£2.00', '(33.3p/100ml)'), ('asda', 'https://groceries.asda.com/product/1000197663912', "Innocent Kids' Cherry, Strawberry & Apple Smoothies", '£2.00', '(33.3p/100ml)'), ('asda', 'https://groceries.asda.com/product/1000197663836', "Innocent Kids' Orange, Mangoe & Pineapple Smoothies", '£2.00', '(33.3p/100ml)'), ('asda', 'https://groceries.asda.com/product/1000197663814', "Innocent Kids' Strawberry, Raspberry & Apple Smoothies", '£2.00', '(33.3p/100ml)'), ('asda', 'https://groceries.asda.com/product/910000485060', 'Innocent Pineapple Banana & Coconut Smoothie', '£2.00', 'No weight data'), ('asda', 'https://groceries.asda.com/product/1000231165295', 'Innocent Smoothies Just for Kids Oranges, Mangoes & Pineapples', '£6.00', 'No weight data'), ('asda', 'https://groceries.asda.com/product/1000231165272', 'Innocent Smoothies Just for Kids Strawberries, Raspberries & Apples', '£6.00', 'No weight data'), ('tesco', 'https://www.tesco.com/groceries/en-GB/products/298358149', 'J20 Apple & Mango 6X275ml', '£ 6.00', '£0.36/100ml'), ('tesco', 'https://www.tesco.com/groceries/en-GB/products/298358063', 'J20 Apple & Raspberry 275Ml X 6', '£ 6.00', '£0.36/100ml'), ('tesco', 'https://www.tesco.com/groceries/en-GB/products/275522226', 'J20 Apple & Raspberry Cans 6 X 250Ml', '£ 3.00', '£0.20/100ml'), ('tesco', 'https://www.tesco.com/groceries/en-GB/products/306951097', 'J20 Spritz Apple & Elderflower Juice Drink 6X275ml', '£ 6.00', '£0.36/100ml'), ('tesco', 'https://www.tesco.com/groceries/en-GB/products/305968309', 'J20 Spritz Apple & Watermelon 4X250ml', '£ 2.00', '£0.20/100ml'), ('asda', 'https://groceries.asda.com/product/1000194987914', 'J2O Apple & Elderflower Spritz 4 Pack', '£3.50', '(31.8p/100ml)'), ('asda', 'https://groceries.asda.com/product/624072', 'J2O Apple & Mango Juice Drink', '£3.50', '(31.8p/100ml)'), ('sains', 'https://www.sainsburys.co.uk/shop/gb/groceries/product/details/all-easter-/j2o-apple---mango-4x275ml', 'J2O Apple & Mango Juice Drink 4x275ml', '£3.50', '32p / 100ml'), ('sains', 'https://www.sainsburys.co.uk/shop/gb/groceries/product/details/easter-special-offers/j2o-apple---mango-4x275ml', 'J2O Apple & Mango Juice Drink 4x275ml', '£3.50', '32p / 100ml'), ('asda', 'https://groceries.asda.com/product/7507940', 'J2O Apple & Raspberry Juice Drink', '£3.50', '(31.8p/100ml)'), ('sains', 'https://www.sainsburys.co.uk/shop/gb/groceries/product/details/easterlunch/j2o-apple---raspberry-4x275ml', 'J2O Apple & Raspberry Juice Drink 4x275ml', '£3.50', '32p / 100ml'), ('sains', 'https://www.sainsburys.co.uk/shop/gb/groceries/product/details/all-easter-/j2o-apple---raspberry-4x275ml', 'J2O Apple & Raspberry Juice Drink 4x275ml', '£3.50', '32p / 100ml'), ('asda', 'https://groceries.asda.com/product/1000027214032', 'J2O Spritz Apple & Watermelon Sparkling Juice Drink', '£3.50', '(31.8p/100ml)'), ('asda', 'https://groceries.asda.com/product/910001797400', 'J2O Spritz Apple & Watermelon Sparkling Juice Drink', '£1.00', '(13.3p/100ml)'), ('tesco', 'https://www.tesco.com/groceries/en-GB/products/299914158', 'J2o Spritz Apple Watermelon 6X275ml', '£ 6.00', '£0.36/100ml'), ('asda', 'https://groceries.asda.com/product/1000197472250', "Jack Daniel's Tennessee Apple", '£25.00', '(£35.71/lt)'), ('tesco', 'https://www.tesco.com/groceries/en-GB/products/267765676', 'Jammin Sparkling Pineapple Drink 2 Litres', '£ 0.90', '£0.04/100ml'), ('asda', 'https://groceries.asda.com/product/1000120961286', 'Jealous Sweets Grizzly Bears Lemon, Apple, Orange & Strawberry', '£2.00', 'No weight data'), ('asda', 'https://groceries.asda.com/product/1000120961322', 'Jealous Sweets Tangy Worms Apple, Lemon, Strawberry & Orange', '£2.00', 'No weight data'), ('asda', 'https://groceries.asda.com/product/1000120961445', 'Jealous Sweets Tropic Wonder Mango, Melon, Pineapple & Grapefruit', '£2.00', 'No weight data'), ('asda', 'https://groceries.asda.com/product/910002073931', 'Jim Beam Apple Bourbon', '£14.00', 'No weight data'), ('tesco', 'https://www.tesco.com/groceries/en-GB/products/303717392', 'Juice Apple Lightning - Type C 2m Charging Cable White', '£ 18.00', '£18.00/each'), ('tesco', 'https://www.tesco.com/groceries/en-GB/products/306758706', 'Juice Apple Lightning 15cm Charging Cable Coral', '£ 11.00', '£11.00/each'), ('tesco', 'https://www.tesco.com/groceries/en-GB/products/306782106', 'Juice Apple Lightning 1m Charging Cable Aqua', '£ 15.00', '£15.00/each'), ('tesco', 'https://www.tesco.com/groceries/en-GB/products/306782112', 'Juice Apple Lightning 1m Charging Cable Coral', '£ 15.00', '£15.00/each'), ('tesco', 'https://www.tesco.com/groceries/en-GB/products/294102482', 'Juice Apple Lightning 2m Charging Cable Aqua', '£ 16.00', '£16.00/each'), ('tesco', 'https://www.tesco.com/groceries/en-GB/products/294102499', 'Juice Apple Lightning 2m Charging Cable Coral', '£ 16.00', '£16.00/each'), ('tesco', 'https://www.tesco.com/groceries/en-GB/products/303717363', 'Juice Apple Lightning 3m Braided Charging Cable Rose Gold', '£ 20.00', '£20.00/each'), ('tesco', 'https://www.tesco.com/groceries/en-GB/products/296004140', 'Juice Apple Lightning 3m Charging Cable Aqua', '£ 18.00', '£18.00/each'), ('tesco', 'https://www.tesco.com/groceries/en-GB/products/294102516', 'Juice Apple Lightning 3m Charging Cable Black', '£ 18.00', '£18.00/each'), ('tesco', 'https://www.tesco.com/groceries/en-GB/products/306942655', 'Juice Burst Apple Juice 1L', '£ 1.25', '£0.12/100ml'), ('tesco', 'https://www.tesco.com/groceries/en-GB/products/276003678', 'K.A. Sparkling Pineapple Drink 2 Litre', '£ 1.35', '£0.07/100ml'), ('tesco', 'https://www.tesco.com/groceries/en-GB/products/275389752', 'K.A. Sparkling Pineapple Soda Can 330Ml', '£ 0.37', '£0.11/100ml'), ('asda', 'https://groceries.asda.com/product/910000905534', 'KA Sparkling Pineapple Flavour Drink', '£0.49', '(14.8p/100ml)'), ('asda', 'https://groceries.asda.com/product/910000934279', 'KA Sparkling Pineapple Juice Drink', '£1.25', '(6.2p/100ml)'), ('asda', 'https://groceries.asda.com/product/910000395872', "Kellogg's Nutri-Grain Fruity Apple Breakfast Bars", '£2.19', '(98.7p/100g)'), ('coop', 'https://www.coop.co.uk/products/kelloggs-w-k-k-kids-strawberry-and-apple-350g', "Kellogg's W.K.K. Kids Strawberry & Apple 350g", '£3', '350g (57.1p per 100g)'), ('coop', 'https://www.coop.co.uk/products/kelloggs-wk-k-kids-blueberry-and-apple-350g', "Kellogg's WK.K Kids Blueberry & Apple 350g", '£3', '350g (57.1p per 100g)'), ('tesco', 'https://www.tesco.com/groceries/en-GB/products/304177918', "Kellogg's Wkk Apple&Pumpkin Bar 4X30g", '£ 2.49', '£2.08/100g'), ('tesco', 'https://www.tesco.com/groceries/en-GB/products/305867999', "Kellogg's Wkk Kids Blueberry & Apple 350G", '£ 3.00', '£8.58/kg'), ('tesco', 'https://www.tesco.com/groceries/en-GB/products/305868353', "Kellogg's Wkk Kids Strawbrry Apple & Carrot 350G", '£ 3.00', '£8.58/kg'), ('sains', 'https://www.sainsburys.co.uk/shop/gb/groceries/product/details/all-future-brands/kevita-master-brew-kombucha-pineapple-peach-450ml', 'KeVita Master Brew Kombucha Pineapple Peach 450ml', '£3.00', '67p / 100ml'), ('sains', 'https://www.sainsburys.co.uk/shop/gb/groceries/product/details/vegan-drink/kevita-master-brew-kombucha-pineapple-peach-450ml', 'KeVita Master Brew Kombucha Pineapple Peach 450ml', '£3.00', '67p / 100ml'), ('tesco', 'https://www.tesco.com/groceries/en-GB/products/305250375', 'Kiddylicious Apple & Carrot Rice Crispy Sticks 6 X 10G', '£ 2.75', '£45.84/kg'), ('tesco', 'https://www.tesco.com/groceries/en-GB/products/296704740', 'Kiddylicious Apple Bakes 6 X 22G', '£ 2.20', '£1.67/100g'), ('asda', 'https://groceries.asda.com/product/910000038634', 'Kiddylicious Apple Crisps 12+ Months', '£1.75', 'No weight data'), ('asda', 'https://groceries.asda.com/product/910001707250', 'Kiddylicious Apple Fruit Wriggles 12+ Months', '£1.75', 'No weight data'), ('asda', 'https://groceries.asda.com/product/910000447514', 'Kiddylicious Apple Fruit Wriggles 12+ Months', '£0.50', '(£4.17/100g)'), ('tesco', 'https://www.tesco.com/groceries/en-GB/products/271394573', 'Kiddylicious Apple Fruit Wriggles 12G', '£ 0.55', '£45.84/kg'), ('asda', 'https://groceries.asda.com/product/910003257677', 'Kiddylicious Apple Fruity Bakes 12+ Months', '£2.00', 'No weight data'), ('tesco', 'https://www.tesco.com/groceries/en-GB/products/301892709', 'Kiddylicious Apple Soft Biscotti 6X20g', '£ 2.20', '£18.34/kg'), ('tesco', 'https://www.tesco.com/groceries/en-GB/products/305253176', 'Kiddylicious Juicy Fruit Bars Pineapple & Coconut 100G', '£ 2.35', '£23.50/kg'), ('asda', 'https://groceries.asda.com/product/1000195178876', 'Kiddylicious Pineapple, Coconut & Mango Juicy Fruit Bars 12+ Months', '£1.75', 'No weight data'), ('asda', 'https://groceries.asda.com/product/1000140301798', "Kirsty's Luxury Apple Pie", '£2.60', 'No weight data'), ('tesco', 'https://www.tesco.com/groceries/en-GB/products/304799764', "Kirsty's Luxury Apple Pie 322G", '£ 3.00', '£9.32/kg'), ('tesco', 'https://www.tesco.com/groceries/en-GB/products/280823888', 'Kubus Apple & Banana Mousse 100G', '£ 0.55', '£0.55/100g'), ('tesco', 'https://www.tesco.com/groceries/en-GB/products/279842342', 'Kubus Apple Banana Carrot & Strawberry Mousse 100G', '£ 0.55', '£0.55/100g'), ('tesco', 'https://www.tesco.com/groceries/en-GB/products/300413139', 'Kubus Carrot Banana & Apple 100% Juice 900Ml', '£ 1.20', '£0.13/100ml'), ('tesco', 'https://www.tesco.com/groceries/en-GB/products/300413174', 'Kubus Carrot Raspberry & Apple 100% Juice 900Ml', '£ 1.20', '£0.13/100ml'), ('asda', 'https://groceries.asda.com/product/910000332961', 'Kubus Carrot, Apple & Raspberry Multifruit Juice Drink', '£1.10', '(12.2p/100ml)'), ('asda', 'https://groceries.asda.com/product/910000332521', 'Kubus Carrot, Banana, Apple Multifruit Juice Drink', '£1.10', '(12.2p/100ml)'), ('tesco', 'https://www.tesco.com/groceries/en-GB/products/305247063', 'Kubus Still Water Apple Flavoured Drink 1.5L', '£ 1.35', '£0.09/100ml'), ('tesco', 'https://www.tesco.com/groceries/en-GB/products/306952597', "Libby's Pineapple Chunks In Juice 425G", '£ 0.80', '£3.08/kg DR.WT'), ('asda', 'https://groceries.asda.com/product/18995', 'Lilt Pineapple & Grapefruit', '£1.00', '(5.0p/100ml)'), ('asda', 'https://groceries.asda.com/product/6391525', 'Lilt Zero Pineapple & Grapefruit', '£1.00', '(5.0p/100ml)'), ('tesco', 'https://www.tesco.com/groceries/en-GB/products/306943971', 'Limehouse Apple And Cinnamon Gin 70Cl', '£ 15.00', '£21.43/litre'), ('sains', 'https://www.sainsburys.co.uk/shop/gb/groceries/product/details/special-offers-454372-44/linwoods-milled-chia-apple---cinnamon-200g', 'Linwoods Milled Chia Apple & Cinnamon 200g', '£4.00', '£2.00 / 100g'), ('sains', 'https://www.sainsburys.co.uk/shop/gb/groceries/product/details/all-organic-/little-freddie-organic-simply-pink-lady-apples-stage-1-4m-smooth-70g', 'Little Freddie Organic Simply Pink Lady Apples Stage 1 4m+ Smooth 70g', '£1.00', '£1.43 / 100g'), ('tesco', 'https://www.tesco.com/groceries/en-GB/products/306498944', 'Little Yeos Organic Apple & Pear Yogurt 90G', '£ 0.75', '£0.83/100g'), ('asda', 'https://groceries.asda.com/product/1000189643969', 'Longley Farm Apple Yogurt', '£0.42', '(28.0p/100g)'), ('tesco', 'https://www.tesco.com/groceries/en-GB/products/286212064', 'Loyd Grossman Creamy Cider & Apple 330G', '£ 2.00', '£0.61/100g'), ('asda', 'https://groceries.asda.com/product/1000121205646', 'Lucozade Energy Apple Blast', '£0.99', '(99.0p/lt)'), ('tesco', 'https://www.tesco.com/groceries/en-GB/products/302012311', 'Lucozade Energy Apple Blast 1 Litre', '£ 0.99', '£0.10/100ml'), ('coop', 'https://www.coop.co.uk/products/lucozade-energy-apple-blast-1-ltr', 'Lucozade Energy Apple Blast 1ltr', '£1.60', '1 Litre (10p per 100ml)'), ('tesco', 'https://www.tesco.com/groceries/en-GB/products/302012271', 'Lucozade Energy Apple Blast 500Ml', '£ 1.50', '£0.30/100ml'), ('tesco', 'https://www.tesco.com/groceries/en-GB/products/302012294', 'Lucozade Energy Apple Blast 6X380ml', '£ 3.00', '£0.13/100ml'), ('asda', 'https://groceries.asda.com/product/1000121205579', 'Lucozade Energy Croft Apple', '£2.50', '(11.0p/100ml)'), ('sains', 'https://www.sainsburys.co.uk/shop/gb/groceries/product/details/price-lock-drinks/lucozade-energy-croft-apple-1l-7966594-p', 'Lucozade Energy Croft Apple 1L', '£1.00', '10p / 100ml'), ('tesco', 'https://www.tesco.com/groceries/en-GB/products/304416723', 'Lucozade Sport Apple Vs Raspberry Fruit Punch 500Ml', '£ 1.45', '£0.29/100ml'), ('tesco', 'https://www.tesco.com/groceries/en-GB/products/271013490', 'Magners Apple Cider 10X440ml Can', '£ 8.00', '£1.82/litre'), ('tesco', 'https://www.tesco.com/groceries/en-GB/products/265213509', 'Magners Apple Cider 4X440ml Can', '£ 3.75', '£2.14/litre'), ('tesco', 'https://www.tesco.com/groceries/en-GB/products/274821041', 'Magners Apple Cider 8X500ml Bottle', '£ 9.00', '£2.25/litre'), ('asda', 'https://groceries.asda.com/product/910001186993', 'Magners Irish Cider Original Apple', '£3.47', '(£1.97/lt)'), ('asda', 'https://groceries.asda.com/product/910000994862', 'Magners Original Apple Irish Cider', '£7.00', '(£1.75/lt)'), ('asda', 'https://groceries.asda.com/product/79491465', 'Magners Original Apple Irish Cider', '£2.00', '(£3.52/lt)'), ('asda', 'https://groceries.asda.com/product/910001501520', 'Magners Original Apple Irish Cider Cans', '£13.00', '(£1.64/lt)'), ('asda', 'https://groceries.asda.com/product/910001270035', 'Magners Original Apple Irish Cider Cans', '£8.00', '(£1.82/lt)'), ('coop', 'https://www.coop.co.uk/products/magners-original-cans-10x440ml', 'Magners Original Apple Irish Cider Cans 10x440ml', '£9.75', '10x440ml (£2.22 per litre)\n10 pack'), ('asda', 'https://groceries.asda.com/product/910001170470', 'Malibu Caribbean Rum with Coconut & Pineapple Sparkling Pre-Mixed Drink', '£1.80', '(£7.20/lt)'), ('tesco', 'https://www.tesco.com/groceries/en-GB/products/278654860', 'Malibu Coconut Rum & Pineapple 250Ml Can', '£ 1.80', '£7.20/litre'), ('sains', 'https://www.sainsburys.co.uk/shop/gb/groceries/product/details/big-night-in/walls-twister-ice-cream-lolly-mini-8x50ml', 'Max Twister Mini Ice Cream Lolly Pineapple, Strawberry & Lemon 8x50ml', '£2.20', '55p / 100ml'), ('asda', 'https://groceries.asda.com/product/1000199388624', "McVitie's 10 Pineapple Jaffa Cakes", '£0.60', '(49.2p/100g)'), ('tesco', 'https://www.tesco.com/groceries/en-GB/products/305734834', "Mcvitie's Jaffa Cakes Pineapple Flavour 10 Pack", '£ 0.75', '£0.08/each'), ('tesco', 'https://www.tesco.com/groceries/en-GB/products/274983482', 'Melon & Pineapple Finger 300G', '£ 2.00', '£6.67/kg'), ('asda', 'https://groceries.asda.com/product/1000136352450', 'Merrydown Original Vintage Apple Cider', '£2.00', '(£2.67/lt)'), ('asda', 'https://groceries.asda.com/product/1000203425026', "Metcalfe's Jumbles Popcorn Toffee Apple Sharing Bag", '£1.25', 'No weight data'), ('asda', 'https://groceries.asda.com/product/1000109748125', 'Method Granite & Marble Cleaner Apple Orchard', '£4.00', '(£11.30/lt)'), ('sains', 'https://www.sainsburys.co.uk/shop/gb/groceries/product/details/all-yogurt/mia-ben-banana-mango-organic-100g', 'Mia & Ben Super Food for Kids Banana, Mango & Pineapple 6+ Months 100g', '£1.20', '£1.20 / 100g'), ('sains', 'https://www.sainsburys.co.uk/shop/gb/groceries/product/details/about-future-brands/mia-ben-banana-mango-organic-100g', 'Mia & Ben Super Food for Kids Banana, Mango & Pineapple 6+ Months 100g', '£1.20', '£1.20 / 100g'), ('sains', 'https://www.sainsburys.co.uk/shop/gb/groceries/product/details/organic-dairy-products/mia-ben-banana-mango-organic-100g', 'Mia & Ben Super Food for Kids Banana, Mango & Pineapple 6+ Months 100g', '£1.20', '£1.20 / 100g'), ('sains', 'https://www.sainsburys.co.uk/shop/gb/groceries/product/details/gluten-free-cereal/moma-apple-almond-cinnamon-65g', 'MOMA Apple, Almond & Cinnamon Porridge Pot 65g', '£1.15', '£1.77 / 100g'), ('tesco', 'https://www.tesco.com/groceries/en-GB/products/305988061', 'Moma Jumbo Oat Porridge Apple Date & Caramel 7 X 35G', '£ 2.90', '£1.19/100g'), ('tesco', 'https://www.tesco.com/groceries/en-GB/products/304380821', 'Mr Kipling 6Pack Apple Pear& Custard Crumble Tarts', '£ 2.25', '£0.38/each'), ('asda', 'https://groceries.asda.com/product/21009', 'Mr Kipling Apple & Blackcurrant Pies', '£1.80', '(30.0p/each)'), ('tesco', 'https://www.tesco.com/groceries/en-GB/products/254948250', 'Mr Kipling Apple & Blackcurrant Pies 6 Pack', '£ 1.80', '£0.30/each'), ('sains', 'https://www.sainsburys.co.uk/shop/gb/groceries/product/details/big-night-in/mr-kipling-apple---blackcurrant-pies-x6', 'Mr Kipling Apple & Blackcurrant Pies x6', '£1.00', '17p / ea'), ('asda', 'https://groceries.asda.com/product/21010', 'Mr Kipling Bramley Apple Pies', '£1.80', '(30.0p/each)'), ('tesco', 'https://www.tesco.com/groceries/en-GB/products/254948273', 'Mr Kipling Bramley Apple Pies 6 Pack', '£ 1.80', '£0.30/each'), ('sains', 'https://www.sainsburys.co.uk/shop/gb/groceries/product/details/easter-special-offers/mr-kipling-apple-pies-x6-432g', 'Mr Kipling Bramley Apple Pies x6', '£1.00', '17p / ea'), ('sains', 'https://www.sainsburys.co.uk/shop/gb/groceries/product/details/big-night-in/mr-kipling-apple-pies-x6-432g', 'Mr Kipling Bramley Apple Pies x6', '£1.00', '17p / ea'), ('sains', 'https://www.sainsburys.co.uk/shop/gb/groceries/product/details/all-easter-/mr-kipling-fruit-pie-selection-x6-432g', 'Mr Kipling Fruit Pies Selection Bramley Apple & Blackcurrant, Apple, Cherry x6', '£1.00', '17p / ea'), ('sains', 'https://www.sainsburys.co.uk/shop/gb/groceries/product/details/easterlunch/mr-kipling-fruit-pie-selection-x6-432g', 'Mr Kipling Fruit Pies Selection Bramley Apple & Blackcurrant, Apple, Cherry x6', '£1.00', '17p / ea'), ('sains', 'https://www.sainsburys.co.uk/shop/gb/groceries/product/details/all-yogurt/muller-rice-raspberry---apple-6x180g', 'Müller Rice Apple & Raspberry Low Fat Pudding Dessert 6x180g', '£3.50', '32p / 100g'), ('sains', 'https://www.sainsburys.co.uk/shop/gb/groceries/product/details/multipack-yogurt/muller-rice-raspberry---apple-6x180g', 'Müller Rice Apple & Raspberry Low Fat Pudding Dessert 6x180g', '£3.50', '32p / 100g'), ('tesco', 'https://www.tesco.com/groceries/en-GB/products/285048749', 'Muller Rice Apple 180G', '£ 0.60', '£0.33/100g'), ('sains', 'https://www.sainsburys.co.uk/shop/gb/groceries/product/details/muller-yogurt/muller-rice-apple-190g', 'Müller Rice Apple Low Fat Pudding Dessert 180g', '50p', '28p / 100g'), ('tesco', 'https://www.tesco.com/groceries/en-GB/products/285060273', 'Muller Rice Raspberry & Apple 6X180g', '£ 3.00', '£0.28/100g'), ('asda', 'https://groceries.asda.com/product/910001390131', 'Muller Rice Raspberry & Apple Low Fat Desserts', '£3.00', '(27.8p/100g)'), ('asda', 'https://groceries.asda.com/product/910002053933', "Munchkin 3 Lil' Apple Plates 6m+", '£4.70', '(£1.57/each)'), ('tesco', 'https://www.tesco.com/groceries/en-GB/products/294781120', 'Munchkin Lil Apple Plates 3 Pack', '£ 6.00', '£2.00/each'), ('asda', 'https://groceries.asda.com/product/1000044106899', 'myblu Green Apple Liquidpods 9mg', '£5.99', '(£5.99/each)'), ('asda', 'https://groceries.asda.com/product/1000211461232', "Nairn's Gluten Free Biscuit Breaks Chunky Oats, Apple & Cinnamon", '£1.80', 'No weight data'), ('tesco', 'https://www.tesco.com/groceries/en-GB/products/304399270', 'Nairns Gluten Free Oat Bar Apple & Cinnamon 160G', '£ 2.50', '£1.57/100g'), ('tesco', 'https://www.tesco.com/groceries/en-GB/products/300113039', 'Naked Green Machine Apple Banana Smoothie 360Ml', '£ 2.36', '£0.66/100ml'), ('asda', 'https://groceries.asda.com/product/910002828848', 'Naked Green Machine Apple, Pineapple & Kiwi Smoothie', '£3.60', 'No weight data'), ('asda', 'https://groceries.asda.com/product/1000211259436', 'Naked Tropical Zing Pineapple, Passion Fruit, Kiwi & Lime Smoothie', '£2.00', 'No weight data'), ('tesco', 'https://www.tesco.com/groceries/en-GB/products/274709486', "Nature's Finest Pineapple In Juice 400G", '£ 1.70', '£7.40/kg'), ('aldi', 'https://www.aldi.co.uk/nature%27s-pick-apple-snack-pack-80g/p/701880322000200', "Nature's Pick Apple Snack Pack 80g", '0.30', '£3.75 per kg'), ('aldi', 'https://www.aldi.co.uk/nature%27s-pick-mini-apples-6-pack/p/087775252532800', "Nature's Pick Mini Apples 6 Pack", '0.59', '9.9p Each'), ('tesco', 'https://www.tesco.com/groceries/en-GB/products/305042731', 'Nestle Pure Life Mango Pineapple Sparkling Water 1L', '£ 0.50', '£0.05/100ml'), ('tesco', 'https://www.tesco.com/groceries/en-GB/products/300274913', "Nim's Air Dried Apple Crisps 20G", '£ 0.85', '£4.25/100g'), ('tesco', 'https://www.tesco.com/groceries/en-GB/products/304792472', 'Ocean Spray Apple Sauce 210G', '£ 1.30', '£0.62/100g'), ('tesco', 'https://www.tesco.com/groceries/en-GB/products/308111708', 'Oceansaver Apple Multi Purpose Cleaner Ecodrops 10Ml', '£ 1.50', '£150.00/litre'), ('tesco', 'https://www.tesco.com/groceries/en-GB/products/308086524', 'Oceansaver Kit Multi Purpose Cleaner Apple Breezer 10Ml', '£ 2.35', '£235.00/litre'), ('asda', 'https://groceries.asda.com/product/910000882894', 'Old Jamaica Pineapple Soda', '£0.39', '(11.8p/100ml)'), ('tesco', 'https://www.tesco.com/groceries/en-GB/products/274769638', 'Old Jamaica Sparkling Pineapple Soda Drink 330Ml', '£ 0.37', '£0.11/100ml'), ('tesco', 'https://www.tesco.com/groceries/en-GB/products/303191793', 'Old Mout Cider Pineapple & Raspberry 500Ml Bottle', '£ 2.20', '£0.44/100ml'), ('asda', 'https://groceries.asda.com/product/1000130309039', 'Old Mout Cider Pineapple & Raspberry Cider Bottle', '£2.20', '(£4.40/lt)'), ('asda', 'https://groceries.asda.com/product/1000130309071', 'Old Mout Cider Pineapple & Raspberry Cider Cans', '£10.00', '(£3.00/lt)'), ('tesco', 'https://www.tesco.com/groceries/en-GB/products/302275949', 'Old Mout Cider Pineapple Raspberry 10 X 330Ml', '£ 11.00', '£3.34/litre'), ('tesco', 'https://www.tesco.com/groceries/en-GB/products/306500129', 'One Gin Sage & Apple 70Cl', '£ 36.00', '£51.43/litre'), ('tesco', 'https://www.tesco.com/groceries/en-GB/products/255945384', 'Organix 12 Month Apple & Orange Fruit & Cereal Bar 6X30g', '£ 2.50', '£1.39/100g'), ('tesco', 'https://www.tesco.com/groceries/en-GB/products/255126023', 'Organix 12 Month Apple & Raspberry Fruit & Cereal Bar 6X30g', '£ 2.50', '£1.39/100g'), ('tesco', 'https://www.tesco.com/groceries/en-GB/products/255125099', 'Organix 7 Month Rice Cakes Apple 50G', '£ 1.20', '£24.00/kg'), ('tesco', 'https://www.tesco.com/groceries/en-GB/products/287001266', 'Organix Apple & Date 6 X 17G', '£ 2.00', '£1.97/100g'), ('asda', 'https://groceries.asda.com/product/8873057', 'Organix Apple & Orange Soft Oaty Bars 12+ Months', '£2.00', 'No weight data'), ('sains', 'https://www.sainsburys.co.uk/shop/gb/groceries/product/details/top-rated-44/organix-12m-goodies-apple---orange-soft-oaty-bars-6x30g', 'Organix Apple & Orange Soft Oaty Bars 6x30g', '£2.20', '£1.22 / 100g'), ('tesco', 'https://www.tesco.com/groceries/en-GB/products/298648808', 'Organix Apple Rice Cakes Multipack 4X28g', '£ 2.50', '£22.33/kg'), ('asda', 'https://groceries.asda.com/product/910000524007', 'Organix Finger Food Apple Rice Cake 7+ Months', '£1.00', 'No weight data'), ('asda', 'https://groceries.asda.com/product/910003258044', 'Organix Finger Foods Apple Rice Cakes 7+ Months', '£2.50', 'No weight data'), ('tesco', 'https://www.tesco.com/groceries/en-GB/products/298648843', 'Organix Goodies Raspberry & Apple Bars 12X30g', '£ 4.50', '£12.50/kg'), ('tesco', 'https://www.tesco.com/groceries/en-GB/products/302285373', 'Organix Just Apple Oats & Cinnamon 120G', '£ 1.10', '£9.17/kg'), ('tesco', 'https://www.tesco.com/groceries/en-GB/products/302291181', 'Organix Just Apple Strawberry & Blueberry 120G', '£ 1.10', '£9.17/kg'), ('asda', 'https://groceries.asda.com/product/8873058', 'Organix Raspberry & Apple Soft Oaty Bars 12+ Months', '£2.00', 'No weight data'), ('sains', 'https://www.sainsburys.co.uk/shop/gb/groceries/product/details/top-rated-44/organix-12m-goodies-raspberry---apple-soft-oaty-bars-6x30g', 'Organix Raspberry & Apple Soft Oaty Bars 6x30g', '£2.20', '£1.22 / 100g'), ('tesco', 'https://www.tesco.com/groceries/en-GB/products/306804065', 'Osu Apple Cider Vinegar Blueberry & Pomegranate Juice 500Ml', '£ 7.00', '£1.40/100ml'), ('tesco', 'https://www.tesco.com/groceries/en-GB/products/306814099', 'Osu Apple Cider Vinegar With Mother Lemon & Ginger 500Ml', '£ 7.00', '£1.40/100ml'), ('asda', 'https://groceries.asda.com/product/1000045143540', 'Oykos Apple & Cinnamon Greek Style Yogurts', '£2.10', 'No weight data'), ('sains', 'https://www.sainsburys.co.uk/shop/gb/groceries/product/details/all-fruit/parrs-retro-milk-chocolate-coated-apple', 'Parrs Retro Milk Chocolate Coated Apple', '75p', '75p / ea'), ('sains', 'https://www.sainsburys.co.uk/shop/gb/groceries/product/details/all-fruit/parrs-toffee-apple-single', 'Parrs Toffee Apple Single', '75p', '£5.00 / kg'), ('asda', 'https://groceries.asda.com/product/1000187931262', 'Pen & Gear Pineapple Print Pencil Case', '£3.00', '(£3.00/each)'), ('tesco', 'https://www.tesco.com/groceries/en-GB/products/304398714', 'Petits Filous No Added Sugar Apple Pear & Banana Fromage Frais 6 X 47G', '£ 1.50', '£0.53/100g'), ('sains', 'https://www.sainsburys.co.uk/shop/gb/groceries/product/details/vitamins-and-supplements-/phizz-multivitamin-hydration-apple-blackcurrant-tablets-x20', 'Phizz Multivitamin Hydration Apple & Blackcurrant Tablets x20', '£5.00', '£5.00 / ea'), ('sains', 'https://www.sainsburys.co.uk/shop/gb/groceries/product/details/new-355373-44/phizz-multivitamin-hydration-apple-blackcurrant-tablets-x20', 'Phizz Multivitamin Hydration Apple & Blackcurrant Tablets x20', '£5.00', '£5.00 / ea'), ('tesco', 'https://www.tesco.com/groceries/en-GB/products/299583859', 'Piccolo Organic Banana Blueberry & Apple Baby Food 100G', '£ 1.10', '£11.00/kg'), ('asda', 'https://groceries.asda.com/product/910002685057', 'Piccolo Organic Banana, Blueberry & Apple from 4+ Months', '£1.10', 'No weight data'), ('tesco', 'https://www.tesco.com/groceries/en-GB/products/299583894', 'Piccolo Organic Pear Apple & Spring Greens 100G', '£ 1.10', '£1.10/100g'), ('aldi', 'https://www.aldi.co.uk/pineapple/p/051213225821200', 'Pineapple', '0.59', '59.0p Each'), ('aldi', 'https://www.aldi.co.uk/pineapple-tarts/p/084242306903501', 'Pineapple Tarts', '0.99', '24.8p each'), ('asda', 'https://groceries.asda.com/product/910001037283', 'Pink Lady Apples', '£1.69', '(42.2p/each)'), ('asda', 'https://groceries.asda.com/product/1000040467777', 'Polar Gear Pineapple Bottle', '£2.50', '(£2.50/each)'), ('asda', 'https://groceries.asda.com/product/1000040467690', 'Polar Gear Pineapple Lunch Bag', '£5.00', '(£5.00/each)'), ('tesco', 'https://www.tesco.com/groceries/en-GB/products/289724853', 'Princes Apple Fruit Filling 395G', '£ 1.25', '£3.43/kg'), ('tesco', 'https://www.tesco.com/groceries/en-GB/products/305835611', 'Princes Apple Slices 385G', '£ 1.00', '£0.26/100g'), ('asda', 'https://groceries.asda.com/product/910001000985', 'Princes Fruit Filling Apple', '£1.00', '(£2.53/kg)'), ('tesco', 'https://www.tesco.com/groceries/en-GB/products/273446786', 'Princes Pitted Prunes In Apple Juice 290G', '£ 0.85', '£4.86/kg DR.WT'), ('tesco', 'https://www.tesco.com/groceries/en-GB/products/279526774', 'Pukka Organic Spiced Apple Cinnamon Plus Ginger 20 Tea Bags 40G', '£ 2.80', '£7.00/100g'), ('asda', 'https://groceries.asda.com/product/77297209', 'Quaker Oat So Simple Apple & Blueberry Porridge 10 Pack', '£2.75', '(76.4p/100g)'), ('tesco', 'https://www.tesco.com/groceries/en-GB/products/268060828', 'Quaker Oat So Simple Apple & Blueberry Porridge 57G', '£ 0.90', '£1.58/100g'), ('asda', 'https://groceries.asda.com/product/910000395900', 'Quaker Oat So Simple Apple & Blueberry Porridge Pot', '£0.97', '(£1.70/100g)'), ('sains', 'https://www.sainsburys.co.uk/shop/gb/groceries/product/details/rednoseday-/quaker-oat-so-simple-apple---blueberry-flavour-porridge-x10-36g', 'Quaker Oat So Simple Apple & Blueberry Porridge Sachets 10x36g', '£2.75', '76p / 100g'), ('tesco', 'https://www.tesco.com/groceries/en-GB/products/263894926', 'Quaker Oat So Simple Apple Blueberry Porridge 10X36g', '£ 2.00', '£0.56/100g'), ('asda', 'https://groceries.asda.com/product/1000194606864', 'Quaker Perfect Blends Apple, Raisin & Cinnamon Porridge 8 Pack', '£2.00', '(72.0p/100g)'), ('asda', 'https://groceries.asda.com/product/1000194606778', 'Quaker Perfect Blends Raspberry, Apple & Acai Porridge 8 Pack', '£2.00', '(71.0p/100g)'), ('asda', 'https://groceries.asda.com/product/1000193273146', 'Quaker Porridge To Go Blueberry & Apple Breakfast Bars 2 Pack', '£1.30', '(£1.18/100g)'), ('sains', 'https://www.sainsburys.co.uk/shop/gb/groceries/product/details/rednoseday-/quaker-porridge-to-go-app-b-duo-2x55g', 'Quaker Porridge To Go Blueberry & Apple Breakfast Bars 2x55g', '70p', '64p / 100g'), ('tesco', 'https://www.tesco.com/groceries/en-GB/products/304795797', 'Quaker Raspberry Apple & Acai Porridge 8 Pack 281G', '£ 3.00', '£1.07/100g'), ('aldi', 'https://www.aldi.co.uk/raspberry-%26-apple-soft-oaty-bars/p/086202410420801', 'Raspberry & Apple Soft Oaty Bars', '1.39', '92.7p per 100g'), ('tesco', 'https://www.tesco.com/groceries/en-GB/products/306933015', 'Red Leg Pineapple Rum With Original Ginger Ale 250Ml', '£ 2.00', '£8.00/litre'), ('tesco', 'https://www.tesco.com/groceries/en-GB/products/302318140', 'Red Leg Vanilla Ginger & Pineapple Spiced Rum 70Cl', '£ 20.50', '£29.29/litre'), ('tesco', 'https://www.tesco.com/groceries/en-GB/products/307151276', 'Remedy Kombucha Apple Crisp Drink 4X330ml', '£ 5.00', '£0.38/100ml'), ('sains', 'https://www.sainsburys.co.uk/shop/gb/groceries/product/details/new-355373-44/ribena-pineapple-passion-fruit-squash-no-added-sugar-850ml', 'Ribena Pineapple & Passion Fruit Squash No Added Sugar 850ml', '£2.00', '24p / 100ml'), ('tesco', 'https://www.tesco.com/groceries/en-GB/products/304147344', 'Rob Refreshd Still Applel/ Kiwi 500Ml Pet', '£ 1.25', '£2.50/litre'), ('tesco', 'https://www.tesco.com/groceries/en-GB/products/296447773', "Robinson's Refreshd Raspberry Apple 500Ml", '£ 1.25', '£0.25/100ml'), ('tesco', 'https://www.tesco.com/groceries/en-GB/products/294422949', 'Robinsons Apple & Blackcurrant No Added Sugar Squash 2L', '£ 2.00', '£0.10/100ml'), ('asda', 'https://groceries.asda.com/product/35187', 'Robinsons Apple & Blackcurrant Squash No Added Sugar', '£1.25', '(12.5p/100ml)'), ('coop', 'https://www.coop.co.uk/products/robinsons-apple-and-blackcurrant-no-added-sugar-fruit-squash-1-ltr', 'Robinsons Apple and Blackcurrant No Added Sugar Fruit Squash 1 Ltr', '£1.80', '1 Ltr (12.5p per 100ml)'), ('tesco', 'https://www.tesco.com/groceries/en-GB/products/254854677', 'Robinsons Apple Blackcurrant No Added Sugar 1L', '£ 1.50', '£0.15/100ml'), ('tesco', 'https://www.tesco.com/groceries/en-GB/products/298025745', 'Robinsons Creations Mango Pineapple Drink 1L', '£ 2.00', '£0.20/100ml'), ('asda', 'https://groceries.asda.com/product/910000399487', 'Robinsons Double Concentrate Apple & Blackcurrant Squash No Added Sugar', '£1.75', '(10.0p/100ml)'), ('sains', 'https://www.sainsburys.co.uk/shop/gb/groceries/product/details/rednoseday-/robinsons-double-concentrate-apple---blackcurrant-squash--no-added-sugar-175l', 'Robinsons Double Concentrate Apple & Blackcurrant Squash, No Added Sugar 1.75L', '£2.50', '14p / 100ml'), ('tesco', 'https://www.tesco.com/groceries/en-GB/products/268345446', 'Robinsons Double Concentrate Blackcurrant & Apple No Added Sugar 1.75L', '£ 3.00', '£0.17/100ml'), ('tesco', 'https://www.tesco.com/groceries/en-GB/products/260074243', 'Robinsons Fruit & Barley Apple & Pear 1L', '£ 1.65', '£0.16/100ml'), ('asda', 'https://groceries.asda.com/product/18448182', 'Robinsons Fruit & Barley Apple & Pear Squash No Added Sugar', '£1.25', '(12.5p/100ml)'), ('tesco', 'https://www.tesco.com/groceries/en-GB/products/256682600', 'Robinsons Fruit Apple & Blackcurrant No Added Sugar 8X200ml', '£ 2.00', '£0.12/100ml'), ('asda', 'https://groceries.asda.com/product/1000000582420', 'Robinsons Fruit Creations Exotic Pineapple Mango & Passion Fruit Squash', '£2.00', '(20.0p/100ml)'), ('asda', 'https://groceries.asda.com/product/1000146865753', 'Robinsons Fruit Shoot Apple & Blackcurrant Bottles', '£3.50', '(11.7p/100ml)'), ('tesco', 'https://www.tesco.com/groceries/en-GB/products/256691606', 'Robinsons Fruit Shoot Apple No Added Sugar 8X200ml', '£ 2.00', '£0.12/100ml'), ('tesco', 'https://www.tesco.com/groceries/en-GB/products/256660315', 'Robinsons Fruit Shoots Blackcurrant & Apple No Added Sugar 4X200ml', '£ 1.00', '£0.12/100ml'), ('tesco', 'https://www.tesco.com/groceries/en-GB/products/272691801', 'Robinsons Hydro Orange & Pineapple 8X200ml', '£ 2.00', '£0.12/100ml'), ('asda', 'https://groceries.asda.com/product/19049', 'Robinsons No Added Sugar Orange & Pineapple Squash', '£1.00', '(10.0p/100ml)'), ('tesco', 'https://www.tesco.com/groceries/en-GB/products/268345043', 'Robinsons Orange & Pineapple Concentrate Double No Added Sugar 1.75L', '£ 3.00', '£0.17/100ml'), ('tesco', 'https://www.tesco.com/groceries/en-GB/products/255599833', 'Robinsons Orange Pineapple No Added Sugar 1L', '£ 1.50', '£0.15/100ml'), ('tesco', 'https://www.tesco.com/groceries/en-GB/products/282138037', "Robinsons Squash'd 66Ml Apple & Blackcurrant", '£ 2.00', '£3.04/100ml'), ('asda', 'https://groceries.asda.com/product/910001291026', "Robinsons Squash'd Apple & Blackcurrant On-The-Go Squash", '£1.50', '(£2.27/100ml)'), ('tesco', 'https://www.tesco.com/groceries/en-GB/products/305042760', 'Rockstar Power Apple 500Ml', '£ 1.29', '£0.26/100ml'), ('tesco', 'https://www.tesco.com/groceries/en-GB/products/305832741', 'Rosedene Farms Braeburn Apples 6 Pack', '£ 0.93', '£0.16/each'), ('tesco', 'https://www.tesco.com/groceries/en-GB/products/305831903', 'Rosedene Farms Gala Apples 6 Pack', '£ 0.93', '£0.16/each'), ('tesco', 'https://www.tesco.com/groceries/en-GB/products/292249576', 'Rosedene Farms Small Apple 6 Pack', '£ 0.79', '£0.13/each'), ('aldi', 'https://www.aldi.co.uk/rowan-glen-apple-crumble-yogurt/p/056818306840301', 'Rowan Glen Apple Crumble Yogurt', '0.40', '26.7p per 100g'), ('sains', 'https://www.sainsburys.co.uk/shop/gb/groceries/product/details/egg-free-food/sainsburys-apple---blackcurrant-pies-x6-355g', "Sainsbury's Apple & Blackcurrant Pies x6 355g", '81p', '14p / ea'), ('sains', 'https://www.sainsburys.co.uk/shop/gb/groceries/product/details/vegan-food/sainsburys-apple---blackcurrant-pies-x6-355g', "Sainsbury's Apple & Blackcurrant Pies x6 355g", '81p', '14p / ea'), ('sains', 'https://www.sainsburys.co.uk/shop/gb/groceries/product/details/all-price-lock/sainsburys-double-concentrate-apple---blackcurrant-squash--no-added-sugar-15l', "Sainsbury's Apple & Blackcurrant Squash, No Added Sugar 1.5L", '£1.00', '7p / 100ml'), ('sains', 'https://www.sainsburys.co.uk/shop/gb/groceries/product/details/breakfastbrunch/sainsburys-apple-cinnamon-hot-cross-buns-taste-the-difference-x4', "Sainsbury's Apple & Cinnamon Hot Cross Buns, Taste the Difference x4", '£1.25', '31p / ea'), ('sains', 'https://www.sainsburys.co.uk/shop/gb/groceries/product/details/easter-special-offers/sainsburys-apple-cinnamon-hot-cross-buns-taste-the-difference-x4', "Sainsbury's Apple & Cinnamon Hot Cross Buns, Taste the Difference x4", '£1.25', '31p / ea'), ('sains', 'https://www.sainsburys.co.uk/shop/gb/groceries/product/details/discover-build-a-roast/sainsburys-apple---herb-stuffing-mix-130g', "Sainsbury's Apple & Herb Stuffing Mix 130g", '75p', '£5.77 / kg'), ('sains', 'https://www.sainsburys.co.uk/shop/gb/groceries/product/details/special-offers-/sainsburys-apple---oat-crumble--taste-the-difference-600g', "Sainsbury's Apple & Oat Crumble Dessert, Taste the Difference 600g", '£4.00', '67p / 100g'), ('sains', 'https://www.sainsburys.co.uk/shop/gb/groceries/product/details/easter-special-offers/sainsburys-apple---oat-crumble--taste-the-difference-600g', "Sainsbury's Apple & Oat Crumble Dessert, Taste the Difference 600g", '£4.00', '67p / 100g'), ('sains', 'https://www.sainsburys.co.uk/shop/gb/groceries/product/details/all-price-lock/sainsburys-apple-raspberry-juice-drink-no-added-sugar-1l', "Sainsbury's Apple & Raspberry Juice Drink, No Added Sugar 1L", '90p', '9p / 100ml'), ('sains', 'https://www.sainsburys.co.uk/shop/gb/groceries/product/details/easterlunch/sainsburys-apple-pie-550g', "Sainsbury's Apple Pie Dessert 550g", '£2.80', '51p / 100g'), ('sains', 'https://www.sainsburys.co.uk/shop/gb/groceries/product/details/all-easter-/sainsburys-apple-pie-550g', "Sainsbury's Apple Pie Dessert 550g", '£2.80', '51p / 100g'), ('sains', 'https://www.sainsburys.co.uk/shop/gb/groceries/product/details/special-offers-454372-44/sainsburys-apple-pie-550g', "Sainsbury's Apple Pie Dessert 550g", '£2.80', '51p / 100g'), ('sains', 'https://www.sainsburys.co.uk/shop/gb/groceries/product/details/200-calories-or-less/sainsburys-pink-lady-apple-snack-pack-80g', "Sainsbury's Apple Slices 80g", '40p', '£5.00 / kg'), ('sains', 'https://www.sainsburys.co.uk/shop/gb/groceries/product/details/200-calories-or-less/sainsburys-pink-lady-apple---grape-snack-pack-80g', "Sainsbury's Apple Slices and Grapes 80g", '40p', '£5.00 / kg'), ('sains', 'https://www.sainsburys.co.uk/shop/gb/groceries/product/details/easterlunch/sainsburys-apple-strudel-x2-600g-serves-6-', "Sainsbury's Apple Strudel x2 600g (Serves 6)", '£1.60', '27p / 100g'), ('sains', 'https://www.sainsburys.co.uk/shop/gb/groceries/product/details/easter-special-offers/sainsburys-apple-strudel-x2-600g-serves-6-', "Sainsbury's Apple Strudel x2 600g (Serves 6)", '£1.60', '27p / 100g'), ('sains', 'https://www.sainsburys.co.uk/shop/gb/groceries/product/details/all-fruit/sainsburys-apple--kiwi---strawberry-160g', "Sainsbury's Apple, Kiwi & Strawberry 160g", '£1.25', '£7.81 / kg'), ('sains', 'https://www.sainsburys.co.uk/shop/gb/groceries/product/details/ready-to-eat-fruit/sainsburys-apple-mango-strawberry-raspberry-220g', "Sainsbury's Apple, Mango, Strawberry & Raspberry 220g", '£2.00', '£9.09 / kg'), ('sains', 'https://www.sainsburys.co.uk/shop/gb/groceries/product/details/all-prepared-fruit--veg---salad/sainsburys-apple--pineapple---grape-160g', "Sainsbury's Apple, Pineapple & Grape 160g", '£1.00', '£6.25 / kg'), ('sains', 'https://www.sainsburys.co.uk/shop/gb/groceries/product/details/price-lock-drinks/sainsburys-apple--pomegranate---raspberry-high-juice-squash-1l', "Sainsbury's Apple, Pomegranate & Raspberry High Juice Squash, No Added Sugar 1L", '£1.35', '14p / 100ml'), ('sains', 'https://www.sainsburys.co.uk/shop/gb/groceries/product/details/salads-and-coleslaw-/sainsburys-apple--raisin---walnut-coleslaw--taste-the-difference-275g', "Sainsbury's Apple, Raisin & Walnut Coleslaw, Taste the Difference 300g", '£1.80', '60p / 100g'), ('sains', 'https://www.sainsburys.co.uk/shop/gb/groceries/product/details/all-prepared-fruit--veg---salad/sainsburys-apple--strawb--grape---blueberry-240g', "Sainsbury's Apple, Strawberry, Grape & Blueberry 240g", '£2.00', '£8.33 / kg'), ('sains', 'https://www.sainsburys.co.uk/shop/gb/groceries/product/details/bigger-packs-/sainsburys-apples-1kg', "Sainsbury's Apples 1kg", '£1.95', '£1.95 / kg'), ('sains', 'https://www.sainsburys.co.uk/shop/gb/groceries/product/details/loose-produce/sainsburys-braeburn-apple-single', "Sainsbury's Braeburn Apple Single", '30p', '30p / ea'), ('sains', 'https://www.sainsburys.co.uk/shop/gb/groceries/product/details/all-fruit/sainsburys-braeburn-apple-single', "Sainsbury's Braeburn Apple Single", '30p', '30p / ea'), ('sains', 'https://www.sainsburys.co.uk/shop/gb/groceries/product/details/all-fruit/sainsburys-braeburn-apples-x4', "Sainsbury's Braeburn Apples x4", '£1.50', '38p / ea'), ('sains', 'https://www.sainsburys.co.uk/shop/gb/groceries/product/details/eat-the-rainbow/sainsburys-braeburn-apples-x6', "Sainsbury's Braeburn Apples x6", '£1.60', '27p / ea'), ('sains', 'https://www.sainsburys.co.uk/shop/gb/groceries/product/details/easter-special-offers/sainsburys-bramley-apple-crumble-500g', "Sainsbury's Bramley Apple Crumble Dessert 500g", '£2.80', '56p / 100g'), ('sains', 'https://www.sainsburys.co.uk/shop/gb/groceries/product/details/special-offers-/sainsburys-tarte-aux-pommes--taste-the-difference-470g', "Sainsbury's Bramley Apple Frangipane Tart , Taste the Difference 430g", '£4.00', '93p / 100g'), ('sains', 'https://www.sainsburys.co.uk/shop/gb/groceries/product/details/easter-special-offers/sainsburys-bramley-apple-pies-x6-355g', "Sainsbury's Bramley Apple Pies x6 355g", '81p', '14p / ea'), ('sains', 'https://www.sainsburys.co.uk/shop/gb/groceries/product/details/first-shop-essentials/sainsburys-british-bramley-cooking-apples-loose', "Sainsbury's British Bramley Cooking Apples Loose", '£1.76 / kg', '£1.76 / kg'), ('sains', 'https://www.sainsburys.co.uk/shop/gb/groceries/product/details/all-fruit/sainsburys-cox-apple-single', "Sainsbury's Cox Apple Single", '30p', '30p / ea'), ('sains', 'https://www.sainsburys.co.uk/shop/gb/groceries/product/details/loose-produce/sainsburys-cox-apples-loose', "Sainsbury's Cox Apples Loose", '£1.85 / kg', '£1.85 / kg'), ('sains', 'https://www.sainsburys.co.uk/shop/gb/groceries/product/details/coffee-shop/sainsburys-danish-apple-trellis-x2', "Sainsbury's Danish Pastry Bramley Apple Lattices x2", '£1.30', '65p / ea'), ('sains', 'https://www.sainsburys.co.uk/shop/gb/groceries/product/details/all-price-lock/sainsburys-double-strength-apple-squash--no-added-sugar-15l', "Sainsbury's Double Strength Apple Squash, No Added Sugar 1.5L", '£1.00', '7p / 100ml'), ('sains', 'https://www.sainsburys.co.uk/shop/gb/groceries/product/details/price-lock-drinks/sainsburys-double-strength-apple-squash--no-added-sugar-15l', "Sainsbury's Double Strength Apple Squash, No Added Sugar 1.5L", '£1.00', '7p / 100ml'), ('sains', 'https://www.sainsburys.co.uk/shop/gb/groceries/product/details/price-lock-drinks/sainsburys-double-strength-orange--lemon---pineapple-squash--no-added-sugar-15l', "Sainsbury's Double Strength Orange, Lemon & Pineapple Squash, No Added Sugar 1.5L", '£1.00', '7p / 100ml'), ('sains', 'https://www.sainsburys.co.uk/shop/gb/groceries/product/details/smoothie-mixes-294304-44/sainsburys-frozen-pineapple-chunks-500g', "Sainsbury's Frozen Pineapple Chunks 500g", '£2.00', '40p / 100g'), ('sains', 'https://www.sainsburys.co.uk/shop/gb/groceries/product/details/fruit-294303-44/sainsburys-frozen-pineapple-chunks-500g', "Sainsbury's Frozen Pineapple Chunks 500g", '£2.00', '40p / 100g'), ('sains', 'https://www.sainsburys.co.uk/shop/gb/groceries/product/details/ready-to-eat-fruit/sainsburys-ftg-pink-lady-apple-bag-80g', "Sainsbury's Ftg Pink Lady Apple Bag 80g", '60p', '£7.50 / kg'), ('sains', 'https://www.sainsburys.co.uk/shop/gb/groceries/product/details/loose-produce/sainsburys-golden-delicious-apples-loose', "Sainsbury's Golden Delicious Apples Loose", '£1.85 / kg', '£1.85 / kg'), ('sains', 'https://www.sainsburys.co.uk/shop/gb/groceries/product/details/eat-the-rainbow/sainsburys-golden-delicious-apples-x6', "Sainsbury's Golden Delicious Apples x6", '£1.60', '27p / ea'), ('sains', 'https://www.sainsburys.co.uk/shop/gb/groceries/product/details/loose-produce/sainsburys-granny-smith-apple-loose', "Sainsbury's Granny Smith Apple Loose", '£1.85 / kg', '£1.85 / kg'), ('sains', 'https://www.sainsburys.co.uk/shop/gb/groceries/product/details/all-fruit/sainsburys-granny-smith-apples-x6', "Sainsbury's Granny Smith Apples x6", '£1.60', '27p / ea'), ('sains', 'https://www.sainsburys.co.uk/shop/gb/groceries/product/details/eat-the-rainbow/sainsburys-granny-smith-apples-x6', "Sainsbury's Granny Smith Apples x6", '£1.60', '27p / ea'), ('sains', 'https://www.sainsburys.co.uk/shop/gb/groceries/product/details/all-gifting/sainsburys-home-boxed-candle-jasmine-pineapple-flower', "Sainsbury's Home Boxed Candle Jasmine & Pineapple Flower", '£4.00', '£4.00 / ea'), ('sains', 'https://www.sainsburys.co.uk/shop/gb/groceries/product/details/home-and-toys/sainsburys-home-jar-candle-jasmine-pineapple-flower', "Sainsbury's Home Jar Candle Jasmine & Pineapple Flower", '£5.00', '£5.00 / ea'), ('sains', 'https://www.sainsburys.co.uk/shop/gb/groceries/product/details/home-and-toys/sainsburys-home-large-pillar-jasmine-pineapple-flower', "Sainsbury's Home Large Pillar Jasmine & Pineapple Flower", '£4.50', '£4.50 / ea'), ('sains', 'https://www.sainsburys.co.uk/shop/gb/groceries/product/details/all-gifting/sainsburys-home-large-pillar-jasmine-pineapple-flower', "Sainsbury's Home Large Pillar Jasmine & Pineapple Flower", '£4.50', '£4.50 / ea'), ('sains', 'https://www.sainsburys.co.uk/shop/gb/groceries/product/details/home-and-toys/sainsburys-home-multi-wick-candle-jasmine-pineapple-flower', "Sainsbury's Home Multi Wick Candle Jasmine & Pineapple Flower", '£7.00', '£7.00 / ea'), ('sains', 'https://www.sainsburys.co.uk/shop/gb/groceries/product/details/pork-joints/sainsburys-just-cook-british-gammon-joint-with-apple-blackberry-glaze-470g-serves-3-', "Sainsbury's Just Cook British Gammon Joint With Apple & Blackberry Glaze 470g (Serves 3)", '£3.75', '£7.98 / kg'), ('sains', 'https://www.sainsburys.co.uk/shop/gb/groceries/product/details/just-cook-ready-meals/just-cook-gammon-steaks-pineapple-345g', "Sainsbury's Just Cook Gammon Steaks with Pineapple 345g (Serves 2)", '£3.00', '£8.70 / kg'), ('sains', 'https://www.sainsburys.co.uk/shop/gb/groceries/product/details/all-fruit/sainsburys-large-pineapple', "Sainsbury's Large Pineapple", '£1.50', '£1.50 / ea'), ('sains', 'https://www.sainsburys.co.uk/shop/gb/groceries/product/details/mango-exotic-fruit-dates-nuts/sainsburys-large-pineapple', "Sainsbury's Large Pineapple", '£1.50', '£1.50 / ea'), ('sains', 'https://www.sainsburys.co.uk/shop/gb/groceries/product/details/ready-to-eat-fruit/sainsburys-limited-edition-mango-red-grape-speciality-apple-210g', "Sainsbury's Limited Edition Mango, Red Grape & Speciality Apple 210g", '£2.00', '77p / kg'), ('sains', 'https://www.sainsburys.co.uk/shop/gb/groceries/product/details/fruit-294303-44/sainsburys-mango-papaya--pineapple-smoothie-480g', "Sainsbury's Mango, Papaya & Pineapple Smoothie Mix 480g", '£2.00', '42p / 100g'), ('sains', 'https://www.sainsburys.co.uk/shop/gb/groceries/product/details/make-a-smoothie/sainsburys-mango-papaya--pineapple-smoothie-480g', "Sainsbury's Mango, Papaya & Pineapple Smoothie Mix 480g", '£2.00', '42p / 100g'), ('sains', 'https://www.sainsburys.co.uk/shop/gb/groceries/product/details/smoothie-mixes-294304-44/sainsburys-mango-papaya--pineapple-smoothie-480g', "Sainsbury's Mango, Papaya & Pineapple Smoothie Mix 480g", '£2.00', '42p / 100g'), ('sains', 'https://www.sainsburys.co.uk/shop/gb/groceries/product/details/mango-exotic-fruit-dates-nuts/sainsburys-medium-pineapple', "Sainsbury's Medium Pineapple", '£1.00', '£1.00 / ea'), ('sains', 'https://www.sainsburys.co.uk/shop/gb/groceries/product/details/all-prepared-fruit--veg---salad/sainsburys-melon---pineapple-fingers-240g', "Sainsbury's Melon & Pineapple Fingers 260g", '£2.00', '£7.69 / kg'), ('sains', 'https://www.sainsburys.co.uk/shop/gb/groceries/product/details/ready-to-eat-fruit/sainsburys-melon---pineapple-fingers-240g', "Sainsbury's Melon & Pineapple Fingers 260g", '£2.00', '£7.69 / kg'), ('sains', 'https://www.sainsburys.co.uk/shop/gb/groceries/product/details/new-ready-meals/sainsburys-my-goodness!-pulled-pork-apple-380g', "Sainsbury's My Goodness! Pulled Pork & Apple 380g", '£3.00', '£7.89 / kg'), ('sains', 'https://www.sainsburys.co.uk/shop/gb/groceries/product/details/all-price-lock/sainsburys-no-added-sugar-fruit-slurps-orange-pineapple-flavoured-6x250ml', "Sainsbury's No Added Sugar Fruit Slurps Orange & Pineapple Flavoured 6x250ml", '£1.50', '10p / 100ml'), ('sains', 'https://www.sainsburys.co.uk/shop/gb/groceries/product/details/ready-to-eat-fruit/sainsburys-ftg-apple-grape-strawberry-135g', "Sainsbury's On the Go Apple, Grape & Strawberry 135g", '£1.00', '£7.41 / kg'), ('sains', 'https://www.sainsburys.co.uk/shop/gb/groceries/product/details/ready-to-eat-fruit/sainsburys-ftg-pink-lady-apple-grape-bag', "Sainsbury's On the Go Pink Lady Apple Slices & Grapes Meal Deal 80g", '60p', '£7.50 / kg'), ('sains', 'https://www.sainsburys.co.uk/shop/gb/groceries/product/details/single-pots-and-corner-yogurt/sainsburys-pineapple---coconut-yogurt--taste-the-difference-150g', "Sainsbury's Pineapple & Coconut Yogurt, Taste the Difference 150g", '70p', '47p / 100g'), ('sains', 'https://www.sainsburys.co.uk/shop/gb/groceries/product/details/top-rated-44/sainsburys-pineapple---grapefruit-juice-drink--zero-added-sugar-2l', "Sainsbury's Pineapple & Grapefruit Juice Drink, Zero Added Sugar 2L", '70p', '4p / 100ml'), ('sains', 'https://www.sainsburys.co.uk/shop/gb/groceries/product/details/200-calories-or-less/sainsburys-pineapple-160g', "Sainsbury's Pineapple 160g", '£1.00', '£6.25 / kg'), ('sains', 'https://www.sainsburys.co.uk/shop/gb/groceries/product/details/all-prepared-fruit--veg---salad/sainsburys-pineapple-fridge-bag-500g', "Sainsbury's Pineapple Fridge Bag 500g", '£2.75', '£5.50 / kg'), ('sains', 'https://www.sainsburys.co.uk/shop/gb/groceries/product/details/price-lock-drinks/sainsburys-pineapple-juice-1l', "Sainsbury's Pineapple Juice 1L", '90p', '9p / 100ml'), ('sains', 'https://www.sainsburys.co.uk/shop/gb/groceries/product/details/ready-to-eat-fruit/sainsburys-pineapple-lolly-80g', "Sainsbury's Pineapple Lolly 80g", '40p', '£5.00 / kg'), ('sains', 'https://www.sainsburys.co.uk/shop/gb/groceries/product/details/all-prepared-fruit--veg---salad/sainsburys-pineapple-lolly-80g', "Sainsbury's Pineapple Lolly 80g", '40p', '£5.00 / kg'), ('sains', 'https://www.sainsburys.co.uk/shop/gb/groceries/product/details/all-price-lock/sainsburys-no-added-sugar-pineapple--mango---passionfruit-juice-1l', "Sainsbury's Pineapple Mango & Passionfruit Juice Drink, No Added Sugar 1L", '90p', '9p / 100ml'), ('sains', 'https://www.sainsburys.co.uk/shop/gb/groceries/product/details/price-lock-drinks/sainsburys-no-added-sugar-pineapple--mango---passionfruit-juice-1l', "Sainsbury's Pineapple Mango & Passionfruit Juice Drink, No Added Sugar 1L", '90p', '9p / 100ml'), ('sains', 'https://www.sainsburys.co.uk/shop/gb/groceries/product/details/all-fruit/sainsburys-pineapple-pieces-400g', "Sainsbury's Pineapple Pieces 400g", '£2.00', '£5.00 / kg'), ('sains', 'https://www.sainsburys.co.uk/shop/gb/groceries/product/details/all-mothers-day/sainsburys-pineapple-pieces-400g', "Sainsbury's Pineapple Pieces 400g", '£2.00', '£5.00 / kg'), ('sains', 'https://www.sainsburys.co.uk/shop/gb/groceries/product/details/breakfast-in-bed/sainsburys-pineapple-pieces-400g', "Sainsbury's Pineapple Pieces 400g", '£2.00', '£5.00 / kg'), ('sains', 'https://www.sainsburys.co.uk/shop/gb/groceries/product/details/ready-to-eat-fruit/sainsburys-pineapple-pieces-400g', "Sainsbury's Pineapple Pieces 400g", '£2.00', '£5.00 / kg'), ('sains', 'https://www.sainsburys.co.uk/shop/gb/groceries/product/details/ready-to-eat-fruit/sainsburys-pineapple-slices-350g', "Sainsbury's Pineapple Slices 350g", '£2.00', '£5.71 / kg'), ('sains', 'https://www.sainsburys.co.uk/shop/gb/groceries/product/details/all-prepared-fruit--veg---salad/sainsburys-pineapple-slices-350g', "Sainsbury's Pineapple Slices 350g", '£2.00', '£5.71 / kg'), ('sains', 'https://www.sainsburys.co.uk/shop/gb/groceries/product/details/all-fruit/sainsburys-pineapple-grape-blueberries-210g', "Sainsbury's Pineapple, Grape & Blueberries 210g", '£2.00', '£9.52 / kg'), ('sains', 'https://www.sainsburys.co.uk/shop/gb/groceries/product/details/fruit-veg-bigger-packs/sainsburys-pink-lady-apple-bag-350g', "Sainsbury's Pink Lady Apple Bag 350g", '£2.50', '£7.14 / kg'), ('sains', 'https://www.sainsburys.co.uk/shop/gb/groceries/product/details/ready-to-eat-fruit/sainsburys-pink-lady-apple-bag-350g', "Sainsbury's Pink Lady Apple Bag 350g", '£2.50', '£7.14 / kg'), ('sains', 'https://www.sainsburys.co.uk/shop/gb/groceries/product/details/200-calories-or-less/sainsburys-pink-lady-apple-single-c', "Sainsbury's Pink Lady Apple Single", '50p', '50p / ea'), ('sains', 'https://www.sainsburys.co.uk/shop/gb/groceries/product/details/eat-the-rainbow/sainsburys-pink-lady-apples-so-organic-x6', "Sainsbury's Pink Lady Apples, SO Organic x6", '£3.00', '50p / ea'), ('sains', 'https://www.sainsburys.co.uk/shop/gb/groceries/product/details/discover-bbq/sainsburys-pork-bramley-apple-sausages-taste-the-difference-x6-400g', "Sainsbury's Pork & Bramley Apple Sausages, Taste the Difference x6 400g", '£2.75', '£6.88 / kg'), ('sains', 'https://www.sainsburys.co.uk/shop/gb/groceries/product/details/pub-food-and-drink/sainsburys-pork-bramley-apple-sausages-taste-the-difference-x6-400g', "Sainsbury's Pork & Bramley Apple Sausages, Taste the Difference x6 400g", '£2.75', '£6.88 / kg'), ('sains', 'https://www.sainsburys.co.uk/shop/gb/groceries/product/details/all-price-lock/sainsburys-pure-apple-juice-3x200ml', "Sainsbury's Pure Apple Juice 3x200ml", '80p', '13p / 100ml'), ('sains', 'https://www.sainsburys.co.uk/shop/gb/groceries/product/details/all-ready-meals-/sainsburys-red-cabbage-300g', "Sainsbury's Red Cabbage with Apple and Redcurrant Jelly 300g", '£2.00', '£6.67 / kg'), ('sains', 'https://www.sainsburys.co.uk/shop/gb/groceries/product/details/baby-vegetables/sainsburys-red-cabbage--taste-the-difference-400g', "Sainsbury's Red Cabbage with Sweet Apple & Cranberries 400g", '£2.75', '£9.17 / kg'), ('sains', 'https://www.sainsburys.co.uk/shop/gb/groceries/product/details/all-fruit/sainsburys-red-dessert-apples-x4', "Sainsbury's Red Dessert Apples x4", '£2.00', '£2.00 / ea'), ('sains', 'https://www.sainsburys.co.uk/shop/gb/groceries/product/details/loose-produce/sainsburys-british-royal-gala-apple-single-c', "Sainsbury's Royal Gala Apple Single", '30p', '30p / ea'), ('sains', 'https://www.sainsburys.co.uk/shop/gb/groceries/product/details/special-offers-279819-44/sainsburys-royal-gala-apples-x6', "Sainsbury's Royal Gala Apples x6", '£1.20', '20p / ea'), ('sains', 'https://www.sainsburys.co.uk/shop/gb/groceries/product/details/first-shop-essentials/sainsburys-royal-gala-apples-x6', "Sainsbury's Royal Gala Apples x6", '£1.20', '20p / ea'), ('sains', 'https://www.sainsburys.co.uk/shop/gb/groceries/product/details/all-fruit/sainsburys-rubens-apples-x5', "Sainsbury's Rubens Apples x5", '£1.50', '£1.50 / ea'), ('sains', 'https://www.sainsburys.co.uk/shop/gb/groceries/product/details/just-cook-ready-meals/sainsburys-just-cook-pork-belly-with-apple-sauce-470g', "Sainsbury's Slow Cooked British Pork Belly with Crackling Crumb & Apple Sauce 470g (Serves 2)", '£4.75', '£10.11 / kg'), ('sains', 'https://www.sainsburys.co.uk/shop/gb/groceries/product/details/taste-the-difference-meat-fish/sainsburys-smoked-applewood-s-cure-bcn--taste-the-difference-220g', "Sainsbury's Smoked Applewood Sweet Cure Bacon, Taste the Difference x6 220g", '£2.75', '£12.50 / kg'), ('sains', 'https://www.sainsburys.co.uk/shop/gb/groceries/product/details/simple-meals/sainsburys-stonebaked-ham---pineapple-pizza-10', "Sainsbury's Stonebaked Ham & Pineapple Hand Stretched Pizza 295g", '£3.00', '£10.17 / kg'), ('sains', 'https://www.sainsburys.co.uk/shop/gb/groceries/product/details/big-night-in/sainsburys-stonebaked-ham---pineapple-pizza-10', "Sainsbury's Stonebaked Ham & Pineapple Hand Stretched Pizza 295g", '£3.00', '£10.17 / kg'), ('sains', 'https://www.sainsburys.co.uk/shop/gb/groceries/product/details/meals-for-tonight/sainsburys-stonebaked-ham---pineapple-pizza-10', "Sainsbury's Stonebaked Ham & Pineapple Hand Stretched Pizza 295g", '£3.00', '£10.17 / kg'), ('sains', 'https://www.sainsburys.co.uk/shop/gb/groceries/product/details/all-fruit/sainsburys-toffee-apples-each-', "Sainsbury's Toffee Apples (each)", '60p', '60p / ea'), ('asda', 'https://groceries.asda.com/product/1000222808988', 'Sally Hansen Insta-Dri Nail Polish Asap Apple', '£4.95', '(£5.50/10ml)'), ('asda', 'https://groceries.asda.com/product/1000227127183', 'ScentSationals Pumpkin Apple Muffins Wax Cubes', '£2.00', '(£2.00/each)'), ('asda', 'https://groceries.asda.com/product/1000103026346', 'Schwartz Christmas Limited Edition Braised Red Cabbage with Apple & Cider Recipe Mix', '£0.85', '(£2.43/100g)'), ('tesco', 'https://www.tesco.com/groceries/en-GB/products/276688264', 'Scrumpy Jack Apple Cider 4X440ml Can', '£ 4.00', '£2.28/litre'), ('tesco', 'https://www.tesco.com/groceries/en-GB/products/259808535', 'Shloer White Grape And Apple Juice Drink 750Ml', '£ 2.20', '£0.29/100ml'), ('tesco', 'https://www.tesco.com/groceries/en-GB/products/279842814', 'Sis. Go Isotonic Gel Apple 60Ml', '£ 6.00', '£10.00/100ml'), ('sains', 'https://www.sainsburys.co.uk/shop/gb/groceries/product/details/new-355373-44/small-apple-plush-134412220-p', 'Small Apple Plush', '£4.50', '£4.50 / ea'), ('asda', 'https://groceries.asda.com/product/1000000460812', 'Smirnoff Premium Green Apple Vodka', '£17.00', '(£24.29/lt)'), ('asda', 'https://groceries.asda.com/product/910003192237', 'Snapple Blushing Apple Juice Drink', '£1.50', '(31.7p/100ml)'), ('asda', 'https://groceries.asda.com/product/910003007348', 'Snapple Fruit Punch Juice Drink', '£1.50', '(31.7p/100ml)'), ('asda', 'https://groceries.asda.com/product/910003007161', 'Snapple Pink Lemonade Still Juice Drink', '£1.50', '(31.7p/100ml)'), ('tesco', 'https://www.tesco.com/groceries/en-GB/products/292561044', 'Snapple Pink Lemonade Still Juice Drink 473Ml', '£ 1.50', '£0.32/100ml'), ('asda', 'https://groceries.asda.com/product/1000018541652', 'Soreen 5 Apple Lunchbox Loaves', '£1.40', '(28.0p/each)'), ('tesco', 'https://www.tesco.com/groceries/en-GB/products/297385855', 'Soreen 5 Apple Lunchbox Loaves 150G', '£ 1.40', '£0.93/100g'), ('coop', 'https://www.coop.co.uk/products/soreen-apple-lunchbox-loaves-5x30g', 'Soreen Apple Lunchbox Loaves 5x30g', '£1', '5x30g (66.6p per 100g)\n5 pack'), ('asda', 'https://groceries.asda.com/product/1000177860926', 'Soreen Scream Toffee Apple 5 Mini Loaves', '£1.00', '(20.0p/each)'), ('asda', 'https://groceries.asda.com/product/507315', 'Sourz Apple', '£7.50', '(£10.71/lt)'), ('tesco', 'https://www.tesco.com/groceries/en-GB/products/253146098', 'Sourz Apple 70Cl', '£ 11.00', '£15.72/litre'), ('tesco', 'https://www.tesco.com/groceries/en-GB/products/301107437', 'Stockwell & Co Apple & Blackcurrant No Added Sugar Squash 750Ml', '£ 0.40', '£0.05/100ml'), ('asda', 'https://groceries.asda.com/product/910001266849', 'Stowford Press Apple Cider', '£1.80', 'No weight data'), ('tesco', 'https://www.tesco.com/groceries/en-GB/products/303261526', 'Stowford Press Apple Cider 4 X 440Ml Can', '£ 3.00', '£1.71/litre'), ('tesco', 'https://www.tesco.com/groceries/en-GB/products/306951886', 'Stowford Press Apple Cider Low Alcohol 500Ml', '£ 1.30', '£2.60/litre'), ('tesco', 'https://www.tesco.com/groceries/en-GB/products/305988821', 'Strongbow Cloudy Apple Cider 10 X 440Ml', '£ 9.00', '£2.05/litre'), ('tesco', 'https://www.tesco.com/groceries/en-GB/products/305735689', 'Strongbow Cloudy Apple Cider 4 X 440Ml', '£ 3.75', '£2.14/litre'), ('asda', 'https://groceries.asda.com/product/1000150900154', 'Strongbow Cloudy Apple Cider Cans', '£8.00', '(£1.82/lt)'), ('asda', 'https://groceries.asda.com/product/1000150899830', 'Strongbow Cloudy Apple Cider Cans', '£3.75', '(£2.13/lt)'), ('coop', 'https://www.coop.co.uk/products/strongbow-cloudy-apple-cider-cans-4x440ml', 'Strongbow Cloudy Apple Cider Cans 4x440ml', '£4.15', '4x440ml (£2.36 per litre)\n4 pack'), ('tesco', 'https://www.tesco.com/groceries/en-GB/products/256607708', 'Sun Exotic Pineapple & Coconut Juice Drink 1Ltr', '£ 1.50', '£0.15/100ml'), ('asda', 'https://groceries.asda.com/product/1000038368834', 'Sun Exotic Pineapple & Coconut Still Drink', '£1.00', '(10.0p/100ml)'), ('tesco', 'https://www.tesco.com/groceries/en-GB/products/307132299', 'Sunkist No Added Sugar Apple & Blackcurrant Squash 1 Litre', '£ 1.00', '£0.10/100ml'), ('asda', 'https://groceries.asda.com/product/1000143100235', 'Swizzels 5 Pack Push-UP! Blackcurrant Cherry & Apple Strawberry', '£1.24', '(44.3p/100ml)'), ('sains', 'https://www.sainsburys.co.uk/shop/gb/groceries/product/details/all-easter-eggs-and-chocolate-/swizzels-squashies-drumchick-orange-pineapple-foam-gums-160g', 'Swizzels Drumchick Squashies Orange & Pineapple Foam Gums', '£1.00', '63p / 100g'), ('asda', 'https://groceries.asda.com/product/1000039942528', 'Swizzels Drumstick Squashies Sour Cherry & Apple Flavour', '£0.90', '(56.2p/100g)'), ('sains', 'https://www.sainsburys.co.uk/shop/gb/groceries/product/details/all-gluten-free-food-and-drink/swizzels-push-up!-blackcurrant-cherry-apple-strawberry-ice-lollies-5x56ml', 'Swizzels Push-UP! Blackcurrant Cherry & Apple Strawberry Ice Lollies 5x56ml', '£1.00', '36p / 100g'), ('tesco', 'https://www.tesco.com/groceries/en-GB/products/276956212', 'T.100% Pure Pressed Pineapple Juicenfc 1 Litre', '£ 1.25', '£0.12/100ml'), ('tesco', 'https://www.tesco.com/groceries/en-GB/products/278994762', 'Tesco 100% Pure Pressed Apple & Raspberry Juice 1L', '£ 1.25', '£0.12/100ml'), ('tesco', 'https://www.tesco.com/groceries/en-GB/products/307811982', 'Tesco 11Oz Scented Candle - Mango & Pineapple', '£ 3.50', '£3.50/each'), ('tesco', 'https://www.tesco.com/groceries/en-GB/products/299919429', 'Tesco 2 Apple & Blackberry Puddings 220G', '£ 2.00', '£0.91/100g'), ('tesco', 'https://www.tesco.com/groceries/en-GB/products/260881071', 'Tesco 2 Apple Crumble 270G', '£ 2.00', '£0.74/100g'), ('tesco', 'https://www.tesco.com/groceries/en-GB/products/297297274', 'Tesco 2 Fresh Cream Bramley Apple Turnovers 160G', '£ 1.60', '£1.00/100g'), ('tesco', 'https://www.tesco.com/groceries/en-GB/products/307811999', 'Tesco 20Oz Scented Candle - Mango & Pineapple', '£ 5.00', '£5.00/each'), ('tesco', 'https://www.tesco.com/groceries/en-GB/products/307812007', 'Tesco 27Pk Scented Tealights Mango & Pineapple', '£ 1.75', '£0.06/each'), ('tesco', 'https://www.tesco.com/groceries/en-GB/products/307812013', 'Tesco 30Ml Reed Diffuser - Mango & Pineapple', '£ 1.00', '£33.34/litre'), ('tesco', 'https://www.tesco.com/groceries/en-GB/products/275712998', 'Tesco 6 Apple Fruity Bakes 222G', '£ 0.95', '£0.43/100g'), ('tesco', 'https://www.tesco.com/groceries/en-GB/products/268849340', 'Tesco 8 British Pork & Apple Sausages 454G', '£ 1.70', '£3.75/kg'), ('tesco', 'https://www.tesco.com/groceries/en-GB/products/270887556', 'Tesco Antibacterial Floor Wipes Apple 15Pack', '£ 1.00', '£0.07/each'), ('tesco', 'https://www.tesco.com/groceries/en-GB/products/270887734', 'Tesco Antibacterial Multi Surface Wipes Apple 40 Pack', '£ 1.00', '£0.02/each'), ('tesco', 'https://www.tesco.com/groceries/en-GB/products/252905391', 'Tesco Apple & Blackcurrant Juice Drink No Added Sugar 3X250ml', '£ 0.70', '£0.09/100ml'), ('tesco', 'https://www.tesco.com/groceries/en-GB/products/288178256', 'Tesco Apple & Elderflower Not From Concentrated Juice 1L', '£ 1.25', '£0.12/100ml'), ('tesco', 'https://www.tesco.com/groceries/en-GB/products/284738142', 'Tesco Apple & Elderflower Sparkling Water 1 Litre', '£ 0.45', '£0.04/100ml'), ('tesco', 'https://www.tesco.com/groceries/en-GB/products/286681740', 'Tesco Apple & Grape Snack Pack 80G', '£ 0.50', '£6.25/kg'), ('tesco', 'https://www.tesco.com/groceries/en-GB/products/280823531', 'Tesco Apple & Mango High Juice 1Ltr', '£ 1.35', '£0.14/100ml'), ('tesco', 'https://www.tesco.com/groceries/en-GB/products/276956454', 'Tesco Apple & Mango Juice Not From Concentrate 1 Litre', '£ 1.25', '£0.12/100ml'), ('tesco', 'https://www.tesco.com/groceries/en-GB/products/301269129', 'Tesco Apple & Mango Pouch 70G', '£ 0.45', '£0.64/100g'), ('tesco', 'https://www.tesco.com/groceries/en-GB/products/292718079', 'Tesco Apple & Raspberry No Added Sugar Sparkling Water 4X500ml', '£ 1.29', '£0.06/100ml'), ('tesco', 'https://www.tesco.com/groceries/en-GB/products/289510599', 'Tesco Apple And Mango From Concentrate 1 Litre', '£ 0.90', '£0.09/100ml'), ('tesco', 'https://www.tesco.com/groceries/en-GB/products/301269439', 'Tesco Apple Anti-Dandruff Shampoo 300Ml', '£ 1.00', '£0.33/100ml'), ('tesco', 'https://www.tesco.com/groceries/en-GB/products/256595496', 'Tesco Apple Cider 4X440ml Can', '£ 2.20', '£1.25/litre'), ('tesco', 'https://www.tesco.com/groceries/en-GB/products/307136220', 'Tesco Apple Crumble 500G', '£ 2.80', '£0.56/100g'), ('tesco', 'https://www.tesco.com/groceries/en-GB/products/263450571', 'Tesco Apple Mango Passion Fruit & Peach Juice Not From Concentrate 1L', '£ 1.25', '£0.12/100ml'), ('tesco', 'https://www.tesco.com/groceries/en-GB/products/302000792', 'Tesco Apple Rice Cakes 4 X 20G', '£ 1.80', '£0.22/10g'), ('tesco', 'https://www.tesco.com/groceries/en-GB/products/302000832', 'Tesco Apple Rice Cakes 40G', '£ 0.80', '£0.20/10g'), ('tesco', 'https://www.tesco.com/groceries/en-GB/products/262290526', 'Tesco Apple Slices 300G', '£ 2.30', '£7.67/kg'), ('tesco', 'https://www.tesco.com/groceries/en-GB/products/254752129', 'Tesco Apple Strudel 600G', '£ 1.35', '£0.22/100g'), ('tesco', 'https://www.tesco.com/groceries/en-GB/products/306801166', 'Tesco Apple, Lemon & Ginger Juice 1L', '£ 1.25', '£0.12/100ml'), ('tesco', 'https://www.tesco.com/groceries/en-GB/products/256045013', 'Tesco Apple/Blackcurrant Juice (No Added Sugar) Drink 12X250ml', '£ 2.75', '£0.09/100ml'), ('tesco', 'https://www.tesco.com/groceries/en-GB/products/284475671', 'Tesco Braeburn Apple Minimum 5 Pack', '£ 1.60', '£0.32/each'), ('tesco', 'https://www.tesco.com/groceries/en-GB/products/257313927', 'Tesco Bramley Apple Pies 6 Pack', '£ 1.00', '£0.17/each'), ('tesco', 'https://www.tesco.com/groceries/en-GB/products/257471969', 'Tesco Bramley Apple Sauce 270G', '£ 0.55', '£0.20/100g'), ('tesco', 'https://www.tesco.com/groceries/en-GB/products/257471883', 'Tesco Bramley Apple Sauce 470G', '£ 1.15', '£0.24/100g'), ('tesco', 'https://www.tesco.com/groceries/en-GB/products/253558033', 'Tesco Bramley Cooking Apples Loose', '£ 0.50', '£2.00/kg'), ('tesco', 'https://www.tesco.com/groceries/en-GB/products/284477058', 'Tesco British Apple Minimum 5 Pack', '£ 1.60', '£0.32/each'), ('tesco', 'https://www.tesco.com/groceries/en-GB/products/263588172', 'Tesco Double Concentrate Apple & Blackcurrant No Added Sugar Squash 1.5L', '£ 1.00', '£0.07/100ml'), ('tesco', 'https://www.tesco.com/groceries/en-GB/products/263588926', 'Tesco Double Concentrate Apple & Strawberry Squash N/As 1.5L', '£ 1.00', '£0.07/100ml'), ('tesco', 'https://www.tesco.com/groceries/en-GB/products/263588362', 'Tesco Double Concentrate Lemon Orange & Pineapple No Added Sugar Squash 1.5L', '£ 1.00', '£0.07/100ml'), ('tesco', 'https://www.tesco.com/groceries/en-GB/products/263588621', 'Tesco Double Strength Apple Squash No Added Sugar 1.5L', '£ 1.00', '£0.07/100ml'), ('tesco', 'https://www.tesco.com/groceries/en-GB/products/275945100', 'Tesco Easy Oats Apple & Blueberry 360G', '£ 1.00', '£0.28/100g'), ('tesco', 'https://www.tesco.com/groceries/en-GB/products/301281338', 'Tesco Extracts Apple Shampoo 500Ml', '£ 0.80', '£0.16/100ml'), ('tesco', 'https://www.tesco.com/groceries/en-GB/products/286671239', 'Tesco Finest 4 Apple & Cinnamon Hot Cross Buns', '£ 1.50', '£0.38/each'), ('tesco', 'https://www.tesco.com/groceries/en-GB/products/305959453', 'Tesco Finest Apple & Blackcurrant Crumble Cake', '£ 12.00', '£12.00/each'), ('tesco', 'https://www.tesco.com/groceries/en-GB/products/288805713', 'Tesco Finest Apple & Cranberry Stuffing Mix 130G', '£ 1.40', '£10.77/kg'), ('tesco', 'https://www.tesco.com/groceries/en-GB/products/284477317', 'Tesco Finest Best Of British Apple 4 Pack 590G', '£ 1.80', '£3.06/kg'), ('tesco', 'https://www.tesco.com/groceries/en-GB/products/279232684', 'Tesco Finest British Bramley Apple Sauce With Cider 200G', '£ 1.50', '£0.75/100g'), ('tesco', 'https://www.tesco.com/groceries/en-GB/products/280520935', "Tesco Finest Cox's Apple & Elder Presse 750Ml", '£ 2.00', '£0.27/100ml'), ('tesco', 'https://www.tesco.com/groceries/en-GB/products/306658669', 'Tesco Finest Pnk/Ldy 2 Pack Apple Juice & Lemonade 750Ml', '£ 5.00', '£0.33/100ml'), ('tesco', 'https://www.tesco.com/groceries/en-GB/products/306651439', 'Tesco Finest Pressed Pink Lady Apple Juice 1L', '£ 2.50', '£0.25/100ml'), ('tesco', 'https://www.tesco.com/groceries/en-GB/products/297673445', 'Tesco Finest Slow Cooked Gammon Shank In Pineapple 550G', '£ 6.00', '£10.91/kg'), ('tesco', 'https://www.tesco.com/groceries/en-GB/products/296070895', 'Tesco Finest Smoked Applewood Ham 125G', '£ 2.50', '£2.00/100g'), ('tesco', 'https://www.tesco.com/groceries/en-GB/products/256682675', 'Tesco Free From Bramley Apple Pies 4 Pack', '£ 2.00', '£0.50/each'), ('tesco', 'https://www.tesco.com/groceries/en-GB/products/257819433', 'Tesco Fruit Splash Apple Juice Drink No Added Sugar 3X250ml', '£ 0.70', '£0.09/100ml'), ('tesco', 'https://www.tesco.com/groceries/en-GB/products/284475550', 'Tesco Gala Apple Minimum 5 Pack', '£ 1.60', '£0.27/each'), ('tesco', 'https://www.tesco.com/groceries/en-GB/products/289599764', 'Tesco Gammon Steak With Cheese & Pineapple 345G', '£ 3.00', '£8.70/kg'), ('tesco', 'https://www.tesco.com/groceries/en-GB/products/284475890', 'Tesco Golden Delicious Apple Minimum 5', '£ 1.60', '£0.32/each'), ('tesco', 'https://www.tesco.com/groceries/en-GB/products/284475832', 'Tesco Granny Smith Apple Minimum 5 Pack', '£ 1.60', '£0.27/each'), ('tesco', 'https://www.tesco.com/groceries/en-GB/products/302219827', 'Tesco Ham & Pineapple Pizza 316G', '£ 1.65', '£0.52/100g'), ('tesco', 'https://www.tesco.com/groceries/en-GB/products/301218916', 'Tesco High Juice Apple & Elderflower 1L', '£ 1.35', '£0.14/100ml'), ('tesco', 'https://www.tesco.com/groceries/en-GB/products/255185891', 'Tesco High Juice Apple Squash 1L', '£ 1.35', '£0.14/100ml'), ('tesco', 'https://www.tesco.com/groceries/en-GB/products/292991312', 'Tesco Instant Oats Porridge Pot Apple & Blueberry 55G', '£ 0.35', '£0.64/100g'), ('tesco', 'https://www.tesco.com/groceries/en-GB/products/284477628', 'Tesco Jazz Apple', '£ 2.40', '£0.40/each'), ('tesco', 'https://www.tesco.com/groceries/en-GB/products/301219472', 'Tesco Juice Drink Apple & Raspberry 1 Litre', '£ 0.90', '£0.09/100ml'), ('tesco', 'https://www.tesco.com/groceries/en-GB/products/276116625', 'Tesco Kids Apple & Melon 2 In 1 Shampoo 250Ml', '£ 1.00', '£0.40/100ml'), ('tesco', 'https://www.tesco.com/groceries/en-GB/products/260905678', 'Tesco Large Pineapple Each', '£ 1.70', '£1.70/each'), ('tesco', 'https://www.tesco.com/groceries/en-GB/products/250398900', 'Tesco Organic Apple Juice 3X200ml', '£ 1.10', '£0.18/100ml'), ('tesco', 'https://www.tesco.com/groceries/en-GB/products/287023171', 'Tesco Organic Gala Apples 630G', '£ 2.25', '£3.58/kg'), ('tesco', 'https://www.tesco.com/groceries/en-GB/products/293171580', 'Tesco Organic Pink Lady Apples 440G', '£ 2.50', '£5.69/kg'), ('tesco', 'https://www.tesco.com/groceries/en-GB/products/301269141', 'Tesco Pear & Apple Pouch 70G', '£ 0.45', '£0.64/100g'), ('tesco', 'https://www.tesco.com/groceries/en-GB/products/294770041', 'Tesco Pineapple 0% Fat Cottage Cheese 300G', '£ 1.00', '£3.34/kg'), ('tesco', 'https://www.tesco.com/groceries/en-GB/products/302971678', 'Tesco Pineapple Chunks 145G', '£ 1.00', '£6.90/kg'), ('tesco', 'https://www.tesco.com/groceries/en-GB/products/302971655', 'Tesco Pineapple Chunks 270G', '£ 2.00', '£7.41/kg'), ('tesco', 'https://www.tesco.com/groceries/en-GB/products/279054497', 'Tesco Pineapple Chunks 450G', '£ 2.00', '£4.45/kg'), ('tesco', 'https://www.tesco.com/groceries/en-GB/products/255230763', 'Tesco Pineapple Each', '£ 0.75', '£0.75/each'), ('tesco', 'https://www.tesco.com/groceries/en-GB/products/287872392', 'Tesco Pineapple Fingers 500G', '£ 2.60', '£5.20/kg'), ('tesco', 'https://www.tesco.com/groceries/en-GB/products/285347418', 'Tesco Pineapple Fingers 80G', '£ 0.60', '£7.50/kg'), ('tesco', 'https://www.tesco.com/groceries/en-GB/products/259336315', 'Tesco Pineapple Juice 1 Litre', '£ 0.90', '£0.09/100ml'), ('tesco', 'https://www.tesco.com/groceries/en-GB/products/258298194', 'Tesco Pineapple Juice 3X200ml', '£ 0.80', '£0.13/100ml'), ('tesco', 'https://www.tesco.com/groceries/en-GB/products/254900335', 'Tesco Pineapple Slices In Juice 432G', '£ 0.80', '£3.09/kg DR.WT'), ('tesco', 'https://www.tesco.com/groceries/en-GB/products/255605263', 'Tesco Pineapple Slices In Natural Juice 227G', '£ 0.50', '£3.68/kg DR.WT'), ('tesco', 'https://www.tesco.com/groceries/en-GB/products/301513359', 'Tesco Pink Lady Apple & Grape Pot 100G', '£ 1.00', '£1.00/100g'), ('tesco', 'https://www.tesco.com/groceries/en-GB/products/302947950', 'Tesco Pink Lady Apple And Grape Snack Pot 100G', '£ 1.00', '£10.00/kg'), ('tesco', 'https://www.tesco.com/groceries/en-GB/products/302947875', 'Tesco Pink Lady Apple Doy Bag 350G', '£ 2.40', '£6.86/kg'), ('tesco', 'https://www.tesco.com/groceries/en-GB/products/284477542', 'Tesco Pink Lady Apple Minimum 5 Pack', '£ 2.75', '£0.55/each'), ('tesco', 'https://www.tesco.com/groceries/en-GB/products/301513394', 'Tesco Pink Lady Apple Pot 80G', '£ 1.00', '£1.25/100g'), ('tesco', 'https://www.tesco.com/groceries/en-GB/products/305941600', 'Tesco Pork & Apple Casserole 580G', '£ 5.00', '£8.63/kg'), ('tesco', 'https://www.tesco.com/groceries/en-GB/products/305522048', 'Tesco Pork Belly With Apple Sauce 370G', '£ 3.50', '£9.46/kg'), ('tesco', 'https://www.tesco.com/groceries/en-GB/products/276956270', 'Tesco Pressed Apple Juice Not From Concentrate 1 Litre', '£ 1.25', '£0.12/100ml'), ('tesco', 'https://www.tesco.com/groceries/en-GB/products/254859580', 'Tesco Pure Apple Juice 1 Litre', '£ 0.90', '£0.09/100ml'), ('tesco', 'https://www.tesco.com/groceries/en-GB/products/254858137', 'Tesco Pure Apple Juice 3X200ml', '£ 0.80', '£0.13/100ml'), ('tesco', 'https://www.tesco.com/groceries/en-GB/products/254859608', 'Tesco Pure Apple Juice 4 X 1 Litre', '£ 3.30', '£0.08/100ml'), ('tesco', 'https://www.tesco.com/groceries/en-GB/products/287258739', 'Tesco Pure Apple Juice 5X150ml', '£ 1.00', '£0.13/100ml'), ('tesco', 'https://www.tesco.com/groceries/en-GB/products/294083203', 'Tesco Red Cabbage & Apple 300G', '£ 2.25', '£7.50/kg'), ('tesco', 'https://www.tesco.com/groceries/en-GB/products/307811976', 'Tesco Scented Candle Mango & Pineapple', '£ 1.00', '£1.00/each'), ('tesco', 'https://www.tesco.com/groceries/en-GB/products/307812042', 'Tesco Scented Pot Pourri - Mango & Pineapple', '£ 4.00', '£4.00/each'), ('tesco', 'https://www.tesco.com/groceries/en-GB/products/307812036', 'Tesco Scented Wax Melt - Mango & Pineapple', '£ 0.60', '£0.60/each'), ('tesco', 'https://www.tesco.com/groceries/en-GB/products/252895619', 'Tesco Sparkling Water Apple & Raspberry 1L', '£ 0.45', '£0.04/100ml'), ('tesco', 'https://www.tesco.com/groceries/en-GB/products/296206863', 'Tesco Spiced Berries & Apple 11Oz Candle Jar', '£ 3.50', '£3.50/each'), ('tesco', 'https://www.tesco.com/groceries/en-GB/products/296206870', 'Tesco Spiced Berries & Apple 20Oz Candle Jar', '£ 5.00', '£5.00/each'), ('tesco', 'https://www.tesco.com/groceries/en-GB/products/296206949', 'Tesco Spiced Berries & Apple 27Pk Tealights', '£ 1.75', '£1.75/each'), ('tesco', 'https://www.tesco.com/groceries/en-GB/products/302158242', 'Tesco Spiced Berries & Apple 90Ml Diffuser', '£ 4.00', '£4.00/each'), ('tesco', 'https://www.tesco.com/groceries/en-GB/products/296206886', 'Tesco Spiced Berries & Apple Melt', '£ 0.60', '£0.60/each'), ('tesco', 'https://www.tesco.com/groceries/en-GB/products/299644150', 'Tesco Spiced Berries & Apple Pot Pourri', '£ 4.00', '£4.00/each'), ('tesco', 'https://www.tesco.com/groceries/en-GB/products/274209778', 'Tesco Still Water Apple & Raspberry No Added Sugar 4 X 300Ml', '£ 1.20', '£0.10/100ml'), ('tesco', 'https://www.tesco.com/groceries/en-GB/products/274209830', 'Tesco Still Water Orange & Pineapple Flavoured 4 X 300Ml', '£ 1.20', '£0.10/100ml'), ('tesco', 'https://www.tesco.com/groceries/en-GB/products/285098159', 'Tesco Tesco Apple & Mango Juice Fc 3 X 200Ml', '£ 0.80', '£0.13/100ml'), ('tesco', 'https://www.tesco.com/groceries/en-GB/products/303183669', 'Thatchers Apple Rose Cider 4X440ml Can', '£ 5.50', '£3.13/litre'), ('tesco', 'https://www.tesco.com/groceries/en-GB/products/305986662', 'The Collective Suckies Apple & Blackcurrant 100G', '£ 0.70', '£0.70/100g'), ('asda', 'https://groceries.asda.com/product/1000203231981', 'The Fruit Factory Fruit Stars Strawberry, Apple and Orange 5 Pack', '£2.00', '(£2.00/100g)'), ('asda', 'https://groceries.asda.com/product/1000203231909', 'The Fruit Factory Fruit Strings Strawberry, Apple and Orange 5 Pack', '£2.00', '(£2.00/100g)'), ('sains', 'https://www.sainsburys.co.uk/shop/gb/groceries/product/details/soya-free-food-and-drink/the-gluten-free-kitchen-apple-crumble-180g', 'The Gluten Free Kitchen Apple Crumble 180g', '£2.30', '£12.78 / kg'), ('sains', 'https://www.sainsburys.co.uk/shop/gb/groceries/product/details/frozen-milk-free/the-gluten-free-kitchen-apple-crumble-180g', 'The Gluten Free Kitchen Apple Crumble 180g', '£2.30', '£12.78 / kg'), ('asda', 'https://groceries.asda.com/product/1000204391367', 'Totally Wicked E-Liquid Apple & Blackcurrant 10mg', '£4.00', '(£4.00/each)'), ('asda', 'https://groceries.asda.com/product/1000204391286', 'Totally Wicked E-Liquid Apple & Blackcurrant 6mg', '£4.00', '(£4.00/each)'), ('asda', 'https://groceries.asda.com/product/1000204390998', 'Totally Wicked Nic Salt E-Liquid Apple & Rasp Sour 3mg', '£4.00', '(£4.00/each)'), ('asda', 'https://groceries.asda.com/product/1000204391142', 'Totally Wicked Nic Salt E-Liquid Apple & Rasp Sour 6mg', '£4.00', '(£4.00/each)'), ('asda', 'https://groceries.asda.com/product/1000056007627', 'Tree of Life Organic Apple Cider Vinegar with the Mother', '£3.79', '(£3.79/lt)'), ('asda', 'https://groceries.asda.com/product/1000056008017', 'Tree of Life Organic Apple Cider Vinegar with the Mother', '£2.29', '(£4.58/lt)'), ('coop', 'https://www.coop.co.uk/products/tropicana-apple-1-4l', 'Tropicana Apple 1.4L', '£4', '1.4ltr (14.3p per 100ml)'), ('asda', 'https://groceries.asda.com/product/910002999872', 'Tropicana Apple Juice', '£2.63', 'No weight data'), ('asda', 'https://groceries.asda.com/product/1000114125297', 'Tropicana Apple Juice', '£3.30', 'No weight data'), ('tesco', 'https://www.tesco.com/groceries/en-GB/products/296050585', 'Tropicana Apple Juice 950Ml', '£ 2.48', '£0.26/100ml'), ('asda', 'https://groceries.asda.com/product/910001811525', 'Tropicana Exotic Creations Pineapple Juice', '£2.63', 'No weight data'), ('tesco', 'https://www.tesco.com/groceries/en-GB/products/305969084', 'Tropicana Lean Strawberry Raspberry & Apple Juice 900Ml', '£ 2.75', '£0.31/100ml'), ('tesco', 'https://www.tesco.com/groceries/en-GB/products/287294534', 'Tropicana Pineapple Juice 850Ml', '£ 2.48', '£0.29/100ml'), ('tesco', 'https://www.tesco.com/groceries/en-GB/products/305838078', 'Tropicana Pressed Apple Juice 1.4L', '£ 3.30', '£0.24/100ml'), ('asda', 'https://groceries.asda.com/product/1000053469148', "Twinings Cold In'fuse Blueberry, Apple & Blackcurrant", '£3.79', '(£12.63/100g)'), ('tesco', 'https://www.tesco.com/groceries/en-GB/products/304555172', 'Twinings Cold Infuse Apple Cucumber & Mint 30G', '£ 3.79', '£12.64/100g'), ('tesco', 'https://www.tesco.com/groceries/en-GB/products/301175129', 'Twinings Cold Infuse Blueberry Apple Blackcurrant 30G', '£ 3.79', '£12.64/100g'), ('tesco', 'https://www.tesco.com/groceries/en-GB/products/301176826', 'Twinings Cold Infuse Coconut & Pineapple 30G', '£ 3.79', '£12.64/100g'), ('tesco', 'https://www.tesco.com/groceries/en-GB/products/250293808', 'Twinings Green Tea And Pineapple 20S 40G', '£ 2.00', '£5.00/100g'), ('tesco', 'https://www.tesco.com/groceries/en-GB/products/250293958', 'Twinings Pear & Apple Green Tea Tea Bags 20S 40G', '£ 2.00', '£5.00/100g'), ('asda', 'https://groceries.asda.com/product/1000009534793', 'Twinings Superblends Sleep Spiced Apple & Vanilla with Camomile & Passionflowers 20 Tea Bags', '£2.00', '(£6.67/100g)'), ('asda', 'https://groceries.asda.com/product/952201', 'Twister 8 Mini Pineapple Strawberry & Lemon Ice Cream Lollies', '£1.50', 'No weight data'), ('tesco', 'https://www.tesco.com/groceries/en-GB/products/265845700', 'Tymbark Apple & Cherry Drink 250Ml', '£ 0.45', '£0.18/100ml'), ('tesco', 'https://www.tesco.com/groceries/en-GB/products/263201953', 'Tymbark Apple & Mint Drink 250Ml', '£ 0.45', '£0.18/100ml'), ('tesco', 'https://www.tesco.com/groceries/en-GB/products/260861469', 'Tymbark Apple & Mint Nectar Drink 2L', '£ 1.55', '£0.08/100ml'), ('tesco', 'https://www.tesco.com/groceries/en-GB/products/285984090', 'Tymbark Apple & Peach Drink 2 Litres', '£ 1.50', '£0.75/litre'), ('tesco', 'https://www.tesco.com/groceries/en-GB/products/300112737', 'Tymbark Apple Watermelon Drink 2 Litre', '£ 1.50', '£0.08/100ml'), ('tesco', 'https://www.tesco.com/groceries/en-GB/products/260861515', 'Tymbark Cherry & Apple Nectar Drink 2L', '£ 1.55', '£0.08/100ml'), ('asda', 'https://groceries.asda.com/product/39185498', 'Tymbark Cherry Apple Drink', '£1.80', '(9.0p/100ml)'), ('asda', 'https://groceries.asda.com/product/1000063438285', 'Tymbark Mango, Apple, Orange Multifruit Drink', '£1.00', '(10.0p/100ml)'), ('tesco', 'https://www.tesco.com/groceries/en-GB/products/296688412', 'Volvic Apple And Elderflower Water S/Free1.5L', '£ 0.79', '£0.05/100ml'), ('asda', 'https://groceries.asda.com/product/1000191362456', 'Volvic Touch of Fruit Limited Edition Apple & Blackcurrant Natural Flavoured Sugar Free Water', '£0.85', '(5.7p/100ml)'), ('asda', 'https://groceries.asda.com/product/910003028586', 'Volvic Touch of Fruit Sugar Free Apple & Elderflower Flavoured Water', '£0.85', '(5.7p/100ml)'), ('asda', 'https://groceries.asda.com/product/1000192700033', 'W.K Kellogg Kids No Added Sugar Blueberry, Apple & Beetroot Multigrain Shapes Cereal', '£2.99', '(85.4p/100g)'), ('asda', 'https://groceries.asda.com/product/1000192700063', 'W.K Kellogg Kids Strawberry, Apple & Carrot Multigrain Shapes Cereal', '£2.99', '(85.4p/100g)'), ('asda', 'https://groceries.asda.com/product/910000770853', "Welch's Grape Boost White Grape Pear & Apple Juice Drink", '£1.00', '(10.0p/100ml)'), ('tesco', 'https://www.tesco.com/groceries/en-GB/products/257850112', "Welch's White Grape Pear & Apple Juice Drink 1L", '£ 1.30', '£0.13/100ml'), ('asda', 'https://groceries.asda.com/product/12047250', "White's Apple & Cinnamon Toasted Oats", '£2.90', '(58.0p/100g)'), ('asda', 'https://groceries.asda.com/product/1000203424931', 'Whitworths White Chocolate & Apple With Cinnamon & Raisins', '£1.50', '(£1.15/100g)'), ('sains', 'https://www.sainsburys.co.uk/shop/gb/groceries/product/details/all-future-brands/willys-apple-cider-vinegar-50ml', "Willy's Apple Cider Vinegar 50ml", '£2.50', '£50.00 / ltr'), ('asda', 'https://groceries.asda.com/product/1000003249536', 'Yankee Candle Home Inspiration Apple Cinnamon Cider Large Jar', '£13.48', '(£13.48/each)'), ('asda', 'https://groceries.asda.com/product/1000003250284', 'Yankee Candle Home Inspiration Apple Cinnamon Cider Medium Jar', '£9.47', '(£9.47/each)'), ('asda', 'https://groceries.asda.com/product/1000003249608', 'Yankee Candle Home Inspiration Apple Cinnamon Cider Votive', '£1.00', '(£1.00/each)'), ('sains', 'https://www.sainsburys.co.uk/shop/gb/groceries/product/details/new-355373-44/yeo-valley-organic-fruit-compote-apple-berry-220g', 'Yeo Valley Organic Fruit Compote Apple & Berry 220g', '£1.75', '80p / 100g'), ('sains', 'https://www.sainsburys.co.uk/shop/gb/groceries/product/details/all-price-lock/zozole-apple-cherry-strawberry-75g', 'Zozole Apple, Cherry & Strawberry Sweets 75g', '60p', '80p / 100g'), ('sains', 'https://www.sainsburys.co.uk/shop/gb/groceries/product/details/price-lock-food-cupboard/zozole-apple-cherry-strawberry-75g', 'Zozole Apple, Cherry & Strawberry Sweets 75g', '60p', '80p / 100g')]


json_data[{'shop': 'aldi', 'url': 'https://www.aldi.co.uk/6-apple-fruit-%26-grain-cereal-bars/p/041918236883300', 'product_name': '6 Apple Fruit & Grain Cereal Bars', 'product_price': '0.79', 'product_additionals': '35.6p per 100g'}, {'shop': 'aldi', 'url': 'https://www.aldi.co.uk/6-bramley-apple-pies/p/042547003107200', 'product_name': '6 Bramley Apple Pies', 'product_price': '0.75', 'product_additionals': '12.5p each'}, {'shop': 'asda', 'url': 'https://groceries.asda.com/product/1000186791296', 'product_name': 'Air Wick Botanica Plug In Kit, Fresh Pineapple and Tunisian Rosemary - Holder & 1 Refill', 'product_price': '£2.25', 'product_additionals': 'No weight data'}, {'shop': 'asda', 'url': 'https://groceries.asda.com/product/1000186791352', 'product_name': 'Air Wick Botanica Reed Diffuser, Fresh Pineapple & Tunisian Rosemary', 'product_price': '£5.00', 'product_additionals': 'No weight data'}, {'shop': 'asda', 'url': 'https://groceries.asda.com/product/1000186791453', 'product_name': 'Air Wick Botanica Room Spray, Fresh Pineapple & Tunisian Rosemary', 'product_price': '£2.50', 'product_additionals': 'No weight data'}, {'shop': 'asda', 'url': 'https://groceries.asda.com/product/1000149948109', 'product_name': 'Air Wick Limited Edition Essential Mist Diffuser Kit, Apple & Cinnamon – Holder & 1 Refill', 'product_price': '£9.00', 'product_additionals': 'No weight data'}, {'shop': 'asda', 'url': 'https://groceries.asda.com/product/1000149948067', 'product_name': 'Air Wick Limited Edition Essential Mist Diffuser Refill, Apple & Cinnamon – 1 Refill', 'product_price': '£4.00', 'product_additionals': 'No weight data'}, {'shop': 'tesco', 'url': 'https://www.tesco.com/groceries/en-GB/products/291195922', 'product_name': 'Alberto Balsam Green Apple Conditioner 350Ml', 'product_price': '£ 0.95', 'product_additionals': '£0.27/100ml'}, {'shop': 'asda', 'url': 'https://groceries.asda.com/product/910002264687', 'product_name': 'Alberto Balsam Juicy Green Apple Conditioner', 'product_price': '£0.95', 'product_additionals': '(27.1p/100ml)'}, {'shop': 'asda', 'url': 'https://groceries.asda.com/product/910002264439', 'product_name': 'Alberto Balsam Juicy Green Apple Shampoo', 'product_price': '£0.95', 'product_additionals': '(27.1p/100ml)'}, {'shop': 'tesco', 'url': 'https://www.tesco.com/groceries/en-GB/products/291181300', 'product_name': 'Alberto Balsam Juicy Green Apple Shampoo 350Ml', 'product_price': '£ 0.95', 'product_additionals': '£0.27/100ml'}, {'shop': 'asda', 'url': 'https://groceries.asda.com/product/910003200959', 'product_name': 'Ambrosia Apple Rice Pudding Pot', 'product_price': '£0.59', 'product_additionals': '(39.3p/100g)'}, {'shop': 'tesco', 'url': 'https://www.tesco.com/groceries/en-GB/products/299456279', 'product_name': 'Angioletti Apple Cider 500Ml Bottle', 'product_price': '£ 2.00', 'product_additionals': '£4.00/litre'}, {'shop': 'tesco', 'url': 'https://www.tesco.com/groceries/en-GB/products/292254680', 'product_name': 'Angry Orchard Apple Cider 500Ml Bottle', 'product_price': '£ 2.00', 'product_additionals': '£4.00/litre'}, {'shop': 'asda', 'url': 'https://groceries.asda.com/product/910003028715', 'product_name': 'Angry Orchard Hard Cider Crisp Apple', 'product_price': '£2.00', 'product_additionals': '(£4.00/lt)'}, {'shop': 'aldi', 'url': 'https://www.aldi.co.uk/apple-%26-salted-caramel-crumble/p/072888318067600', 'product_name': 'Apple & Salted Caramel Crumble', 'product_price': '1.99', 'product_additionals': '39.8p per 100g'}, {'shop': 'asda', 'url': 'https://groceries.asda.com/product/910003056838', 'product_name': 'Apple Cans', 'product_price': '£2.50', 'product_additionals': '(16.7p/100ml)'}, {'shop': 'asda', 'url': 'https://groceries.asda.com/product/2061609', 'product_name': 'Apple Sparkling Apple Drink', 'product_price': '£2.70', 'product_additionals': '(36.0p/100ml)'}, {'shop': 'tesco', 'url': 'https://www.tesco.com/groceries/en-GB/products/254654263', 'product_name': 'Apple Turnover 2 Pack', 'product_price': '£ 1.20', 'product_additionals': '£0.60/each'}, {'shop': 'tesco', 'url': 'https://www.tesco.com/groceries/en-GB/products/297413040', 'product_name': 'Appletiser 100% Apple Juice Lightly Sparkling 6X250ml', 'product_price': '£ 3.25', 'product_additionals': '£0.22/100ml'}, {'shop': 'sains', 'url': 'https://www.sainsburys.co.uk/shop/gb/groceries/product/details/bigger-packs-/appletiser-6x250ml', 'product_name': 'Appletiser 6x250ml', 'product_price': '£3.65', 'product_additionals': '24p / 100ml'}, {'shop': 'asda', 'url': 'https://groceries.asda.com/product/1000070824804', 'product_name': 'Appletiser Can', 'product_price': '£0.40', 'product_additionals': '(26.7p/100ml)'}, {'shop': 'tesco', 'url': 'https://www.tesco.com/groceries/en-GB/products/250448258', 'product_name': 'Appletiser Sparkling Apple Juice 750 Ml', 'product_price': '£ 2.50', 'product_additionals': '£0.33/100ml'}, {'shop': 'tesco', 'url': 'https://www.tesco.com/groceries/en-GB/products/259678371', 'product_name': 'Appleton Estate Jamaica Rum 70Cl', 'product_price': '£ 24.00', 'product_additionals': '£34.29/litre'}, {'shop': 'tesco', 'url': 'https://www.tesco.com/groceries/en-GB/products/266659562', 'product_name': 'Applewood Slices 160G', 'product_price': '£ 2.15', 'product_additionals': '£13.44/kg'}, {'shop': 'asda', 'url': 'https://groceries.asda.com/product/910001085696', 'product_name': 'Applewood Smoke Flavour Cheddar Cheese Snack Pack', 'product_price': '£1.00', 'product_additionals': '(£13.33/kg)'}, {'shop': 'asda', 'url': 'https://groceries.asda.com/product/910001972071', 'product_name': 'Applewood Smoke Flavoured Cheddar Cheese', 'product_price': '£2.00', 'product_additionals': 'No weight data'}, {'shop': 'tesco', 'url': 'https://www.tesco.com/groceries/en-GB/products/308089256', 'product_name': 'Applewood Smoky Vegan Cheese Alternative Grated 200G', 'product_price': '£ 2.75', 'product_additionals': '£13.75/kg'}, {'shop': 'asda', 'url': 'https://groceries.asda.com/product/1000167816442', 'product_name': 'Applewood Vegan Smoky Cheese Alternative', 'product_price': '£2.30', 'product_additionals': 'No weight data'}, {'shop': 'tesco', 'url': 'https://www.tesco.com/groceries/en-GB/products/305836512', 'product_name': 'Applewood Vegan Smoky Cheese Alternative 200G', 'product_price': '£ 2.30', 'product_additionals': '£1.15/100g'}, {'shop': 'tesco', 'url': 'https://www.tesco.com/groceries/en-GB/products/283467544', 'product_name': 'Aptamil Oats Apple & Plum Muesli 275G 10 Month Plus', 'product_price': '£ 3.30', 'product_additionals': '£12.00/kg'}, {'shop': 'asda', 'url': 'https://groceries.asda.com/product/910001386632', 'product_name': 'Aptamil with Pronutravi+ Apple & Plum Muesli 10+ Months', 'product_price': '£3.09', 'product_additionals': 'No weight data'}, {'shop': 'asda', 'url': 'https://groceries.asda.com/product/1000207494897', 'product_name': 'Armitage Pet Care Wild Bird 8 Blackcurrant & Apple Flavoured Fat Balls', 'product_price': '£1.50', 'product_additionals': '(18.8p/each)'}, {'shop': 'asda', 'url': 'https://groceries.asda.com/product/25807', 'product_name': 'ASDA 100% Pure Apple Juice Carton', 'product_price': '£0.65', 'product_additionals': '(6.5p/100ml)'}, {'shop': 'asda', 'url': 'https://groceries.asda.com/product/19063', 'product_name': 'ASDA 100% Pure Apple Juice Cartons', 'product_price': '£2.58', 'product_additionals': '(6.5p/100ml)'}, {'shop': 'asda', 'url': 'https://groceries.asda.com/product/1000234166744', 'product_name': 'ASDA 100% Pure Apple Juice from Concentrate Cartons', 'product_price': '£0.75', 'product_additionals': '(16.7p/100ml)'}, {'shop': 'asda', 'url': 'https://groceries.asda.com/product/24870', 'product_name': 'ASDA 100% Pure Orange & Pineapple Juice', 'product_price': '£0.95', 'product_additionals': 'No weight data'}, {'shop': 'asda', 'url': 'https://groceries.asda.com/product/1000086123540', 'product_name': 'ASDA 2 Apple Tarts', 'product_price': '£1.75', 'product_additionals': '(87.5p/each)'}, {'shop': 'asda', 'url': 'https://groceries.asda.com/product/910002822103', 'product_name': 'ASDA 50% Fruit Apple High Juice', 'product_price': '£1.25', 'product_additionals': '(12.5p/100ml)'}, {'shop': 'asda', 'url': 'https://groceries.asda.com/product/1000121694453', 'product_name': 'ASDA 50% Fruit High Juice Apple & Cherry', 'product_price': '£1.25', 'product_additionals': '(12.5p/100ml)'}, {'shop': 'asda', 'url': 'https://groceries.asda.com/product/1000121694562', 'product_name': 'ASDA 50% Fruit High Juice Apple & Mango', 'product_price': '£1.36', 'product_additionals': '(13.6p/100ml)'}, {'shop': 'asda', 'url': 'https://groceries.asda.com/product/1000141000064', 'product_name': 'ASDA 50% Fruit High Juice Mango, Apple & Passion Fruit Cordial', 'product_price': '£1.35', 'product_additionals': '(13.5p/100ml)'}, {'shop': 'asda', 'url': 'https://groceries.asda.com/product/1000213879511', 'product_name': 'ASDA 6 Mini Pork & Apple Pies', 'product_price': '£1.55', 'product_additionals': '(51.7p/100g)'}, {'shop': 'asda', 'url': 'https://groceries.asda.com/product/1000236571433', 'product_name': 'ASDA 6 Pork Stuffing Stars with Cranberry & Apple', 'product_price': '£2.25', 'product_additionals': 'No weight data'}, {'shop': 'asda', 'url': 'https://groceries.asda.com/product/1000110474745', 'product_name': 'ASDA Apple & Blackberry Pie', 'product_price': '£3.00', 'product_additionals': '(£3.00/each)'}, {'shop': 'asda', 'url': 'https://groceries.asda.com/product/910003055311', 'product_name': 'ASDA Apple & Blackcurrant Juice Drinks', 'product_price': '£1.65', 'product_additionals': '(10.3p/100ml)'}, {'shop': 'asda', 'url': 'https://groceries.asda.com/product/910003043764', 'product_name': 'ASDA Apple & Blueberry Porridge Oats', 'product_price': '£0.79', 'product_additionals': 'No weight data'}, {'shop': 'asda', 'url': 'https://groceries.asda.com/product/910003043564', 'product_name': 'ASDA Apple & Blueberry Porridge Pot', 'product_price': '£0.35', 'product_additionals': '(61.4p/100g)'}, {'shop': 'asda', 'url': 'https://groceries.asda.com/product/1000114612689', 'product_name': 'ASDA Apple & Cinnamon Fruit & Grain Bars', 'product_price': '£0.95', 'product_additionals': '(42.8p/100g)'}, {'shop': 'asda', 'url': 'https://groceries.asda.com/product/1942590', 'product_name': 'ASDA Apple & Mango Juice', 'product_price': '£1.25', 'product_additionals': 'No weight data'}, {'shop': 'asda', 'url': 'https://groceries.asda.com/product/910000424346', 'product_name': 'ASDA Apple & Mango Juice Drink', 'product_price': '£0.85', 'product_additionals': '(8.5p/100ml)'}, {'shop': 'asda', 'url': 'https://groceries.asda.com/product/1000234166723', 'product_name': 'ASDA Apple & Mango Juice Drink Cartons', 'product_price': '£1.00', 'product_additionals': '(13.3p/100ml)'}, {'shop': 'asda', 'url': 'https://groceries.asda.com/product/1000234166732', 'product_name': 'ASDA Apple & Mango Juice Drink Cartons', 'product_price': '£0.79', 'product_additionals': '(17.6p/100ml)'}, {'shop': 'asda', 'url': 'https://groceries.asda.com/product/1000228153913', 'product_name': 'ASDA Apple & Raspberry Flavour Sparkling Water', 'product_price': '£0.40', 'product_additionals': '(4.0p/100ml)'}, {'shop': 'asda', 'url': 'https://groceries.asda.com/product/910003033748', 'product_name': 'ASDA Apple Crumble', 'product_price': '£2.50', 'product_additionals': '(50.0p/100g)'}, {'shop': 'asda', 'url': 'https://groceries.asda.com/product/910003018832', 'product_name': 'ASDA Apple Crumble', 'product_price': '£1.00', 'product_additionals': 'No weight data'}, {'shop': 'asda', 'url': 'https://groceries.asda.com/product/1000083187604', 'product_name': 'ASDA Apple Crumble Traybake', 'product_price': '£2.10', 'product_additionals': 'No weight data'}, {'shop': 'asda', 'url': 'https://groceries.asda.com/product/910003034051', 'product_name': 'ASDA Apple Crumbles', 'product_price': '£1.79', 'product_additionals': '(89.5p/each)'}, {'shop': 'asda', 'url': 'https://groceries.asda.com/product/910000426024', 'product_name': 'ASDA Apple Grapes & Cheese', 'product_price': '£1.25', 'product_additionals': '(£8.33/kg)'}, {'shop': 'asda', 'url': 'https://groceries.asda.com/product/1942585', 'product_name': 'ASDA Apple Juice', 'product_price': '£1.19', 'product_additionals': 'No weight data'}, {'shop': 'asda', 'url': 'https://groceries.asda.com/product/910002512325', 'product_name': 'ASDA Apple Juice From Concentrate', 'product_price': '£0.69', 'product_additionals': 'No weight data'}, {'shop': 'asda', 'url': 'https://groceries.asda.com/product/910001413502', 'product_name': 'ASDA Apple Slices', 'product_price': '£0.35', 'product_additionals': '(£4.38/kg)'}, {'shop': 'asda', 'url': 'https://groceries.asda.com/product/21081', 'product_name': 'ASDA Apple Slices', 'product_price': '£0.79', 'product_additionals': '(20.5p/100g)'}, {'shop': 'asda', 'url': 'https://groceries.asda.com/product/910001413503', 'product_name': 'ASDA Apple Slices & Grapes', 'product_price': '£0.35', 'product_additionals': '(£4.38/kg)'}, {'shop': 'asda', 'url': 'https://groceries.asda.com/product/910001130897', 'product_name': 'ASDA Apple Strudel', 'product_price': '£0.90', 'product_additionals': 'No weight data'}, {'shop': 'asda', 'url': 'https://groceries.asda.com/product/35450', 'product_name': 'ASDA Apple Turnovers', 'product_price': '£1.40', 'product_additionals': '(70.0p/each)'}, {'shop': 'asda', 'url': 'https://groceries.asda.com/product/910001183317', 'product_name': "ASDA Baker's Selection Apple Pie", 'product_price': '£1.10', 'product_additionals': '(£1.10/each)'}, {'shop': 'asda', 'url': 'https://groceries.asda.com/product/910002152748', 'product_name': 'ASDA Braised Red Cabbage with Apple, Onion and Red Wine Vinegar', 'product_price': '£1.50', 'product_additionals': 'No weight data'}, {'shop': 'asda', 'url': 'https://groceries.asda.com/product/9197420', 'product_name': 'ASDA Bramley Apple & Blackcurrant Pies', 'product_price': '£1.00', 'product_additionals': '(16.7p/each)'}, {'shop': 'asda', 'url': 'https://groceries.asda.com/product/910002754242', 'product_name': 'ASDA Bramley Apple Pie', 'product_price': '£2.75', 'product_additionals': '(£2.75/each)'}, {'shop': 'asda', 'url': 'https://groceries.asda.com/product/35268', 'product_name': 'ASDA Bramley Apple Pies', 'product_price': '£0.85', 'product_additionals': '(14.2p/each)'}, {'shop': 'asda', 'url': 'https://groceries.asda.com/product/1000133331310', 'product_name': 'ASDA Bramley Apple Sauce', 'product_price': '£0.49', 'product_additionals': '(17.5p/100g)'}, {'shop': 'asda', 'url': 'https://groceries.asda.com/product/910000908196', 'product_name': 'ASDA Candy Apple', 'product_price': '£0.60', 'product_additionals': '(60.0p/each)'}, {'shop': 'asda', 'url': 'https://groceries.asda.com/product/1000228555971', 'product_name': 'ASDA Energise Apple, Kiwi & Mango Juice', 'product_price': '£1.60', 'product_additionals': 'No weight data'}, {'shop': 'asda', 'url': 'https://groceries.asda.com/product/910001309336', 'product_name': 'ASDA Extra Special 6 Pork & Armagh Bramley Apple Sausages', 'product_price': '£2.25', 'product_additionals': 'No weight data'}, {'shop': 'asda', 'url': 'https://groceries.asda.com/product/910003101587', 'product_name': 'ASDA Extra Special Apple Balsamic Vinegar Infused Beetroot', 'product_price': '£1.00', 'product_additionals': 'No weight data'}, {'shop': 'asda', 'url': 'https://groceries.asda.com/product/1000004538423', 'product_name': 'ASDA Extra Special Berry & Bramley Apple Jam', 'product_price': '£1.25', 'product_additionals': '(36.8p/100g)'}, {'shop': 'asda', 'url': 'https://groceries.asda.com/product/910002091563', 'product_name': 'ASDA Extra Special English Bramley Apple Sauce with Cider', 'product_price': '£1.65', 'product_additionals': '(75.0p/100g)'}, {'shop': 'asda', 'url': 'https://groceries.asda.com/product/910000048124', 'product_name': 'ASDA Extra Special Mango Apple & Ginger Chutney', 'product_price': '£1.98', 'product_additionals': '(68.3p/100g)'}, {'shop': 'asda', 'url': 'https://groceries.asda.com/product/1000177394765', 'product_name': 'ASDA Extra Special Passion Fruit & Pineapple Cider', 'product_price': '£2.05', 'product_additionals': '(£4.10/lt)'}, {'shop': 'asda', 'url': 'https://groceries.asda.com/product/1000155195017', 'product_name': 'ASDA Extra Special Yorkshire Bred Apple & Sage Pulled Hog Roast', 'product_price': '£4.00', 'product_additionals': '(£4.00/kg)'}, {'shop': 'asda', 'url': 'https://groceries.asda.com/product/910003095036', 'product_name': 'ASDA Farm Stores Apples (Colour and Variety may vary)', 'product_price': '£0.59', 'product_additionals': '(£1.18/kg)'}, {'shop': 'asda', 'url': 'https://groceries.asda.com/product/910001837593', 'product_name': 'ASDA Fat Free Cottage Cheese With Pineapple', 'product_price': '£1.00', 'product_additionals': 'No weight data'}, {'shop': 'asda', 'url': 'https://groceries.asda.com/product/910001696687', 'product_name': 'ASDA Floor Cleaning Wipes Apple', 'product_price': '£0.90', 'product_additionals': 'No weight data'}, {'shop': 'asda', 'url': 'https://groceries.asda.com/product/910002597651', 'product_name': 'ASDA Free From 4 Bramley Apple Pies', 'product_price': '£2.00', 'product_additionals': 'No weight data'}, {'shop': 'asda', 'url': 'https://groceries.asda.com/product/910002339713', 'product_name': 'ASDA Frozen for Freshness Pineapple Chunks', 'product_price': '£1.65', 'product_additionals': 'No weight data'}, {'shop': 'asda', 'url': 'https://groceries.asda.com/product/1000144509295', 'product_name': 'ASDA Garden Gang Apples (Colour may vary)', 'product_price': '£0.90', 'product_additionals': '(15.0p/each)'}, {'shop': 'asda', 'url': 'https://groceries.asda.com/product/910000899721', 'product_name': "ASDA Grower's Selection Apples (Colour and Variety may vary)", 'product_price': '£1.60', 'product_additionals': '(£1.33/kg)'}, {'shop': 'asda', 'url': 'https://groceries.asda.com/product/910002849507', 'product_name': "ASDA Grower's Selection Apples (Colour and Variety may vary)", 'product_price': '£1.20', 'product_additionals': 'No weight data'}, {'shop': 'asda', 'url': 'https://groceries.asda.com/product/910002849516', 'product_name': "ASDA Grower's Selection Braeburn Apples", 'product_price': '£1.20', 'product_additionals': 'No weight data'}, {'shop': 'asda', 'url': 'https://groceries.asda.com/product/910002849545', 'product_name': "ASDA Grower's Selection Cox Apples", 'product_price': '£1.20', 'product_additionals': 'No weight data'}, {'shop': 'asda', 'url': 'https://groceries.asda.com/product/910002849510', 'product_name': "ASDA Grower's Selection Gala Apples", 'product_price': '£1.20', 'product_additionals': '(20.0p/each)'}, {'shop': 'asda', 'url': 'https://groceries.asda.com/product/20326', 'product_name': "ASDA Grower's Selection Giant Pineapple", 'product_price': '£1.50', 'product_additionals': '(£1.50/each)'}, {'shop': 'asda', 'url': 'https://groceries.asda.com/product/910002849529', 'product_name': "ASDA Grower's Selection Golden Delicious Apples", 'product_price': '£1.20', 'product_additionals': '(20.0p/each)'}, {'shop': 'asda', 'url': 'https://groceries.asda.com/product/910002849538', 'product_name': "ASDA Grower's Selection Granny Smith Apples", 'product_price': '£1.20', 'product_additionals': '(20.0p/each)'}, {'shop': 'asda', 'url': 'https://groceries.asda.com/product/910000059733', 'product_name': "ASDA Grower's Selection Honey Crunch Apples", 'product_price': '£2.00', 'product_additionals': '(50.0p/each)'}, {'shop': 'asda', 'url': 'https://groceries.asda.com/product/1000183742527', 'product_name': "ASDA Grower's Selection Jazz Apples", 'product_price': '£2.00', 'product_additionals': '(33.3p/each)'}, {'shop': 'asda', 'url': 'https://groceries.asda.com/product/20375', 'product_name': "ASDA Grower's Selection Loose Braeburn Apple (order by number of apples or select kg)", 'product_price': '£0.24', 'product_additionals': '(£1.50/kg)'}, {'shop': 'asda', 'url': 'https://groceries.asda.com/product/47285966', 'product_name': "ASDA Grower's Selection Loose Bramley Cooking Apple (order by number of apples or select kg)", 'product_price': '£0.27', 'product_additionals': '(£1.69/kg)'}, {'shop': 'asda', 'url': 'https://groceries.asda.com/product/20361', 'product_name': "ASDA Grower's Selection Loose Gala Apple (order by number of apples or select kg)", 'product_price': '£0.24', 'product_additionals': '(£1.50/kg)'}, {'shop': 'asda', 'url': 'https://groceries.asda.com/product/910002849503', 'product_name': "ASDA Grower's Selection Organic Apples", 'product_price': '£2.00', 'product_additionals': 'No weight data'}, {'shop': 'asda', 'url': 'https://groceries.asda.com/product/910001512881', 'product_name': "ASDA Grower's Selection Pineapple", 'product_price': '£0.95', 'product_additionals': '(95.0p/each)'}, {'shop': 'asda', 'url': 'https://groceries.asda.com/product/910002849540', 'product_name': "ASDA Grower's Selection Russet Apples", 'product_price': '£1.20', 'product_additionals': 'No weight data'}, {'shop': 'asda', 'url': 'https://groceries.asda.com/product/910000290272', 'product_name': 'ASDA Little Angels Apple Flavoured Rice Cakes 7+ Months', 'product_price': '£0.55', 'product_additionals': 'No weight data'}, {'shop': 'asda', 'url': 'https://groceries.asda.com/product/1000137976678', 'product_name': 'ASDA Little Angels Bubble Bath Pineapple', 'product_price': '£1.75', 'product_additionals': 'No weight data'}, {'shop': 'asda', 'url': 'https://groceries.asda.com/product/910001789007', 'product_name': 'ASDA Little Angels Organic Apple Flavoured Biscotti 7+ Months', 'product_price': '£0.75', 'product_additionals': 'No weight data'}, {'shop': 'asda', 'url': 'https://groceries.asda.com/product/910002313859', 'product_name': 'ASDA Little Angels Organic Squeezy Fruit Apple Strawberry & Blueberry 6+ Months', 'product_price': '£0.52', 'product_additionals': 'No weight data'}, {'shop': 'asda', 'url': 'https://groceries.asda.com/product/910002313405', 'product_name': 'ASDA Little Angels Organic Squeezy Fruit Pouch Apple & Strawberry 6+ Months', 'product_price': '£0.52', 'product_additionals': 'No weight data'}, {'shop': 'asda', 'url': 'https://groceries.asda.com/product/910002314137', 'product_name': 'ASDA Little Angels Organic Squeezy Fruit Pouch Apple Mango & Banana 6+ Months', 'product_price': '£0.52', 'product_additionals': 'No weight data'}, {'shop': 'asda', 'url': 'https://groceries.asda.com/product/1000001821232', 'product_name': 'ASDA Little Angels Organic Yummy Fruit Apple & Strawberry 6+ Months', 'product_price': '£1.50', 'product_additionals': 'No weight data'}, {'shop': 'asda', 'url': 'https://groceries.asda.com/product/1000001819529', 'product_name': 'ASDA Little Angels Organic Yummy Fruit Apple, Banana, Peach & Pear 6+ Months', 'product_price': '£1.50', 'product_additionals': 'No weight data'}, {'shop': 'asda', 'url': 'https://groceries.asda.com/product/1000001819412', 'product_name': 'ASDA Little Angels Organic Yummy Fruit Apple, Mango & Banana Pouches 6+ Months', 'product_price': '£1.50', 'product_additionals': 'No weight data'}, {'shop': 'asda', 'url': 'https://groceries.asda.com/product/910001932638', 'product_name': 'ASDA Mango & Pineapple Smoothie Mix', 'product_price': '£1.65', 'product_additionals': 'No weight data'}, {'shop': 'asda', 'url': 'https://groceries.asda.com/product/910000347964', 'product_name': 'ASDA Mango Melon & Pineapple Mini Platter', 'product_price': '£1.50', 'product_additionals': '(£6.25/kg)'}, {'shop': 'asda', 'url': 'https://groceries.asda.com/product/1000234166573', 'product_name': 'ASDA No Added Sugar Apple & Blackcurrant Juice Drink Cartons', 'product_price': '£1.00', 'product_additionals': '(13.3p/100ml)'}, {'shop': 'asda', 'url': 'https://groceries.asda.com/product/910002821913', 'product_name': 'ASDA No Added Sugar Apple & Blackcurrant Squash', 'product_price': '£0.79', 'product_additionals': '(5.3p/100ml)'}, {'shop': 'asda', 'url': 'https://groceries.asda.com/product/985450', 'product_name': 'ASDA No Added Sugar Apple & Mango Flavoured Sparkling Water Bottle', 'product_price': '£0.40', 'product_additionals': '(4.0p/100ml)'}, {'shop': 'asda', 'url': 'https://groceries.asda.com/product/1000234166665', 'product_name': 'ASDA No Added Sugar Apple & Pear Juice Drink Cartons', 'product_price': '£1.00', 'product_additionals': '(13.3p/100ml)'}, {'shop': 'asda', 'url': 'https://groceries.asda.com/product/910002821402', 'product_name': 'ASDA No Added Sugar Double Strength Orange & Pineapple Squash', 'product_price': '£1.00', 'product_additionals': '(6.7p/100ml)'}, {'shop': 'asda', 'url': 'https://groceries.asda.com/product/910000558765', 'product_name': 'ASDA Pineapple & Coconut Juice Drink', 'product_price': '£1.00', 'product_additionals': '(10.0p/100ml)'}, {'shop': 'asda', 'url': 'https://groceries.asda.com/product/910001512390', 'product_name': 'ASDA Pineapple Chunks', 'product_price': '£1.50', 'product_additionals': '(£3.75/kg)'}, {'shop': 'asda', 'url': 'https://groceries.asda.com/product/1942216', 'product_name': 'ASDA Pineapple Juice', 'product_price': '£1.25', 'product_additionals': 'No weight data'}, {'shop': 'asda', 'url': 'https://groceries.asda.com/product/910000429001', 'product_name': 'ASDA Pineapple Juice', 'product_price': '£0.80', 'product_additionals': '(8.0p/100ml)'}, {'shop': 'asda', 'url': 'https://groceries.asda.com/product/1000234166611', 'product_name': 'ASDA Pineapple Juice from Concentrate Cartons', 'product_price': '£0.75', 'product_additionals': '(16.7p/100ml)'}, {'shop': 'asda', 'url': 'https://groceries.asda.com/product/910001505105', 'product_name': 'ASDA Pineapple Kiwi & Grape', 'product_price': '£1.00', 'product_additionals': '(£5.00/kg)'}, {'shop': 'asda', 'url': 'https://groceries.asda.com/product/910001413505', 'product_name': 'ASDA Pineapple Lolly', 'product_price': '£0.35', 'product_additionals': '(£4.38/kg)'}, {'shop': 'asda', 'url': 'https://groceries.asda.com/product/1000186981310', 'product_name': 'ASDA Pineapple Rose Gold Fashion Pen', 'product_price': '£1.50', 'product_additionals': '(£1.50/each)'}, {'shop': 'asda', 'url': 'https://groceries.asda.com/product/910000423336', 'product_name': 'ASDA Pineapple, Banana & Coconut Smoothie', 'product_price': '£1.29', 'product_additionals': 'No weight data'}, {'shop': 'asda', 'url': 'https://groceries.asda.com/product/1000121694551', 'product_name': 'ASDA Pineapple, Grapes & Apple', 'product_price': '£1.00', 'product_additionals': '(£4.44/kg)'}, {'shop': 'asda', 'url': 'https://groceries.asda.com/product/1000244229120', 'product_name': 'ASDA Pineapple, Grapes & Cheese', 'product_price': '£1.25', 'product_additionals': '(£7.81/kg)'}, {'shop': 'asda', 'url': 'https://groceries.asda.com/product/1000207495043', 'product_name': 'ASDA Pineapple, Mango & Passion Fruit', 'product_price': '£1.00', 'product_additionals': 'No weight data'}, {'shop': 'asda', 'url': 'https://groceries.asda.com/product/1000208855984', 'product_name': 'ASDA Pineapple, Watermelon & Grapes', 'product_price': '£1.00', 'product_additionals': 'No weight data'}, {'shop': 'asda', 'url': 'https://groceries.asda.com/product/1000138674262', 'product_name': 'ASDA Pomegranate and Apple Extract Shower Gel', 'product_price': '£0.65', 'product_additionals': '(26.0p/100ml)'}, {'shop': 'asda', 'url': 'https://groceries.asda.com/product/1000093406033', 'product_name': 'ASDA Pressed Fruit Apple Juice', 'product_price': '£1.85', 'product_additionals': 'No weight data'}, {'shop': 'asda', 'url': 'https://groceries.asda.com/product/1000228959326', 'product_name': 'ASDA Pressed Fruit Apple Juice', 'product_price': '£1.95', 'product_additionals': 'No weight data'}, {'shop': 'asda', 'url': 'https://groceries.asda.com/product/1000228556097', 'product_name': 'ASDA Protect Apple, Strawberry & Guarana Juice', 'product_price': '£1.60', 'product_additionals': 'No weight data'}, {'shop': 'asda', 'url': 'https://groceries.asda.com/product/1000071331622', 'product_name': 'ASDA Simple to Cook 2 Ham Hocks in an Apple Glaze', 'product_price': '£4.00', 'product_additionals': 'No weight data'}, {'shop': 'asda', 'url': 'https://groceries.asda.com/product/32823', 'product_name': 'ASDA Smart Price Apple Juice', 'product_price': '£0.55', 'product_additionals': '(5.5p/100ml)'}, {'shop': 'asda', 'url': 'https://groceries.asda.com/product/910002821425', 'product_name': 'ASDA Smart Price No Added Sugar Apple & Blackcurrant Double Strength Squash', 'product_price': '£0.40', 'product_additionals': '(5.3p/100ml)'}, {'shop': 'asda', 'url': 'https://groceries.asda.com/product/1000226714593', 'product_name': 'ASDA Stonebaked Ham & Pineapple Pizza', 'product_price': '£1.15', 'product_additionals': 'No weight data'}, {'shop': 'asda', 'url': 'https://groceries.asda.com/product/910002689102', 'product_name': 'ASDA Strawberry Raspberry & Apple Granola', 'product_price': '£2.00', 'product_additionals': '(20.0p/100g)'}, {'shop': 'asda', 'url': 'https://groceries.asda.com/product/1000151138637', 'product_name': 'ASDA Sweet Apple Washing Up Liquid', 'product_price': '£0.50', 'product_additionals': '(£1.00/lt)'}, {'shop': 'asda', 'url': 'https://groceries.asda.com/product/1000225889754', 'product_name': 'ASDA Thin Stonebaked Ham & Pineapple Pizza', 'product_price': '£2.00', 'product_additionals': 'No weight data'}, {'shop': 'asda', 'url': 'https://groceries.asda.com/product/910000908762', 'product_name': 'ASDA Toffee Apple', 'product_price': '£0.49', 'product_additionals': '(49.0p/each)'}, {'shop': 'asda', 'url': 'https://groceries.asda.com/product/910000565836', 'product_name': 'Aspall Classic Apple Cyder Vinegar', 'product_price': '£1.50', 'product_additionals': 'No weight data'}, {'shop': 'tesco', 'url': 'https://www.tesco.com/groceries/en-GB/products/262597364', 'product_name': 'Aspall Draught Apple Cyder 500Ml Bottle', 'product_price': '£ 2.00', 'product_additionals': '£4.00/litre'}, {'shop': 'tesco', 'url': 'https://www.tesco.com/groceries/en-GB/products/257810454', 'product_name': 'Aspall Premium Cru Apple Cyder 500Ml Bottle', 'product_price': '£ 2.00', 'product_additionals': '£4.00/litre'}, {'shop': 'tesco', 'url': 'https://www.tesco.com/groceries/en-GB/products/302273220', 'product_name': 'Aspall Raw Apple Cyder Vinegar With Honey 500Ml', 'product_price': '£ 6.00', 'product_additionals': '£1.20/100ml'}, {'shop': 'tesco', 'url': 'https://www.tesco.com/groceries/en-GB/products/297105301', 'product_name': 'Aspall Raw Organic Apple Cyder Vinegar 500Ml', 'product_price': '£ 2.50', 'product_additionals': '£0.50/100ml'}, {'shop': 'tesco', 'url': 'https://www.tesco.com/groceries/en-GB/products/271262073', 'product_name': "Aunt Bessie's Bramley Apple Crumble 500G", 'product_price': '£ 1.35', 'product_additionals': '£0.27/100g'}, {'shop': 'asda', 'url': 'https://groceries.asda.com/product/910001045951', 'product_name': "Aunt Bessie's Bramley Apple Pie", 'product_price': '£1.50', 'product_additionals': 'No weight data'}, {'shop': 'sains', 'url': 'https://www.sainsburys.co.uk/shop/gb/groceries/product/details/easter-special-offers/aunt-bessies-bramley-apple-pie-550g', 'product_name': "Aunt Bessie's Family Apple Pie 550g", 'product_price': '£1.50', 'product_additionals': '27p / 100g'}, {'shop': 'sains', 'url': 'https://www.sainsburys.co.uk/shop/gb/groceries/product/details/easter-special-offers/aunt-bessies-braley-apple-crumble-500g', 'product_name': "Aunt Bessie's Scrumptious Apple Crumble 500g", 'product_price': '£1.50', 'product_additionals': '30p / 100g'}, {'shop': 'tesco', 'url': 'https://www.tesco.com/groceries/en-GB/products/302462117', 'product_name': 'Babease Organic Strawberry Apple Brown Rice 100G', 'product_price': '£ 1.10', 'product_additionals': '£1.10/100g'}, {'shop': 'tesco', 'url': 'https://www.tesco.com/groceries/en-GB/products/306502416', 'product_name': 'Barefoot Wine Seltzer Pineapple Passion Fruit 250Ml', 'product_price': '£ 1.80', 'product_additionals': '£7.20/litre'}, {'shop': 'asda', 'url': 'https://groceries.asda.com/product/910001478772', 'product_name': 'Bartons Apple Sauce', 'product_price': '£1.50', 'product_additionals': 'No weight data'}, {'shop': 'sains', 'url': 'https://www.sainsburys.co.uk/shop/gb/groceries/product/details/vitamins-and-supplements-/bassetts-multivitamin---omega-3--blackcurrant-3-6-years-x30', 'product_name': 'Bassetts Vitamins Multivitamins Blackcurrant & Apple Flavour 3-6 Years One A Day Soft & Chewies x30', 'product_price': '£4.50', 'product_additionals': '15p / ea'}, {'shop': 'asda', 'url': 'https://groceries.asda.com/product/910002068823', 'product_name': 'Bassetts Vitamins Vitamins Multivitamins Blackcurrant & Apple Flavour 3-6 Years Soft & Chewies', 'product_price': '£4.00', 'product_additionals': '(13.3p/each)'}, {'shop': 'tesco', 'url': 'https://www.tesco.com/groceries/en-GB/products/291421074', 'product_name': 'Baylis & Harding Antibacterial Handwash Jasmine & Apple 500Ml', 'product_price': '£ 2.00', 'product_additionals': '£0.40/100ml'}, {'shop': 'asda', 'url': 'https://groceries.asda.com/product/910002145414', 'product_name': 'Baylis & Harding Jasmine & Apple Blossom Antibacterial Luxury Hand Wash', 'product_price': '£1.48', 'product_additionals': 'No weight data'}, {'shop': 'asda', 'url': 'https://groceries.asda.com/product/910002425249', 'product_name': 'Baylis & Harding Jasmine & Apple Blossom Luxury Hand Gel', 'product_price': '£1.00', 'product_additionals': 'No weight data'}, {'shop': 'asda', 'url': 'https://groceries.asda.com/product/1000108780783', 'product_name': 'BEAR Fruit & Veg Paws Apple & Pumpkin', 'product_price': '£2.45', 'product_additionals': 'No weight data'}, {'shop': 'asda', 'url': 'https://groceries.asda.com/product/910002026272', 'product_name': 'BEAR Fruit Yoyos Apple Multipack', 'product_price': '£2.00', 'product_additionals': 'No weight data'}, {'shop': 'asda', 'url': 'https://groceries.asda.com/product/910003040723', 'product_name': 'BEAR Fruit Yoyos Super Sour Strawberry & Apple Multipack 5 Pack', 'product_price': '£2.00', 'product_additionals': 'No weight data'}, {'shop': 'sains', 'url': 'https://www.sainsburys.co.uk/shop/gb/groceries/product/details/special-offers-462368-44/bear-super-sour-strawberry---apple-yoyos-10-fruit-rolls-x5', 'product_name': 'BEAR Fruit Yoyos Super Sour Strawberry & Apple Multipack x5 20g', 'product_price': '£2.00', 'product_additionals': '£2.00 / 100g'}, {'shop': 'tesco', 'url': 'https://www.tesco.com/groceries/en-GB/products/306927708', 'product_name': 'Bear Giant Yoyo Apple & Blackcurrant 5 X 20G', 'product_price': '£ 2.40', 'product_additionals': '£24.00/kg'}, {'shop': 'asda', 'url': 'https://groceries.asda.com/product/910001582911', 'product_name': 'BEAR Pure Fruit Paws Apple & Blackcurrant 5 Pack', 'product_price': '£1.98', 'product_additionals': 'No weight data'}, {'shop': 'asda', 'url': 'https://groceries.asda.com/product/910001583071', 'product_name': 'BEAR Pure Fruit Paws Strawberry & Apple 5 Pack', 'product_price': '£1.98', 'product_additionals': 'No weight data'}, {'shop': 'tesco', 'url': 'https://www.tesco.com/groceries/en-GB/products/284983000', 'product_name': 'Bear Pure Fruit Yoyo Apple 5 X 20G', 'product_price': '£ 2.40', 'product_additionals': '£24.00/kg'}, {'shop': 'tesco', 'url': 'https://www.tesco.com/groceries/en-GB/products/297490420', 'product_name': 'Bear Yoyo Sours Blackcurrant & Apple 100G', 'product_price': '£ 2.40', 'product_additionals': '£24.00/kg'}, {'shop': 'tesco', 'url': 'https://www.tesco.com/groceries/en-GB/products/295684395', 'product_name': 'Bear Yoyo Sours Mango & Apple 10 Rolls 5 Pack', 'product_price': '£ 2.40', 'product_additionals': '£0.48/each'}, {'shop': 'tesco', 'url': 'https://www.tesco.com/groceries/en-GB/products/295684372', 'product_name': 'Bear Yoyo Sours Strawberry & Apple 10 Rolls 5 Pack', 'product_price': '£ 2.40', 'product_additionals': '£0.48/each'}, {'shop': 'tesco', 'url': 'https://www.tesco.com/groceries/en-GB/products/307357223', 'product_name': 'Belvoir Pink Lady Sparkling Apple Juice 750Ml', 'product_price': '£ 2.50', 'product_additionals': '£0.33/100ml'}, {'shop': 'asda', 'url': 'https://groceries.asda.com/product/910001437513', 'product_name': 'Bigga Pineapple Drink', 'product_price': '£0.75', 'product_additionals': '(22.7p/100ml)'}, {'shop': 'asda', 'url': 'https://groceries.asda.com/product/1000134726909', 'product_name': 'Black Sheep Pineapple Milkshake IPA', 'product_price': '£1.80', 'product_additionals': 'No weight data'}, {'shop': 'asda', 'url': 'https://groceries.asda.com/product/910000271963', 'product_name': 'Bloo Flowers In-Cistern Blocks Rose & Apple Blossom Pink Water', 'product_price': '£1.80', 'product_additionals': '(90.0p/each)'}, {'shop': 'tesco', 'url': 'https://www.tesco.com/groceries/en-GB/products/302820564', 'product_name': 'Bloo Fragrance Switch Lily & Apple Rim Block 50G', 'product_price': '£ 1.75', 'product_additionals': '£35.00/kg'}, {'shop': 'asda', 'url': 'https://groceries.asda.com/product/1000142866255', 'product_name': 'Blu Green Apple E-Liquid 8mg', 'product_price': '£3.99', 'product_additionals': '(£3.99/each)'}, {'shop': 'tesco', 'url': 'https://www.tesco.com/groceries/en-GB/products/271681734', 'product_name': 'Bobo Frut Apple Banana & Carrot Juice 300Ml', 'product_price': '£ 1.40', 'product_additionals': '£0.47/100ml'}, {'shop': 'tesco', 'url': 'https://www.tesco.com/groceries/en-GB/products/305256484', 'product_name': 'Botanica Airwick Pineapple & Rosemary Diffuser 80Ml', 'product_price': '£ 7.00', 'product_additionals': '£87.50/litre'}, {'shop': 'tesco', 'url': 'https://www.tesco.com/groceries/en-GB/products/305037202', 'product_name': 'Botanica Airwick Pineapple & Rosemary Refill 19Ml', 'product_price': '£ 4.50', 'product_additionals': '£236.85/litre'}, {'shop': 'tesco', 'url': 'https://www.tesco.com/groceries/en-GB/products/305252239', 'product_name': 'Botanica Airwick Pineapple Tunisian Rosemary 205G', 'product_price': '£ 7.00', 'product_additionals': '£34.15/kg'}, {'shop': 'tesco', 'url': 'https://www.tesco.com/groceries/en-GB/products/253807413', 'product_name': 'Braeburn Apples Loose Class 1', 'product_price': '£ 0.44', 'product_additionals': '£2.20/kg'}, {'shop': 'aldi', 'url': 'https://www.aldi.co.uk/bramley-apple-pie/p/072181420105200', 'product_name': 'Bramley Apple Pie', 'product_price': '0.85', 'product_additionals': '15.5p/17p per 100g'}, {'shop': 'tesco', 'url': 'https://www.tesco.com/groceries/en-GB/products/256859922', 'product_name': 'Bramley Apple Pie Each', 'product_price': '£ 1.25', 'product_additionals': '£1.25/each'}, {'shop': 'asda', 'url': 'https://groceries.asda.com/product/1000051700064', 'product_name': 'Branston Dorset Ale & Apple Chutney', 'product_price': '£1.55', 'product_additionals': '(53.4p/100g)'}, {'shop': 'sains', 'url': 'https://www.sainsburys.co.uk/shop/gb/groceries/product/details/special-offers-462352-44/brite-focus-pineapple-mango-330ml', 'product_name': 'Brite Focus Pineapple & Mango 330ml', 'product_price': '£1.60', 'product_additionals': '49p / 100ml'}, {'shop': 'asda', 'url': 'https://groceries.asda.com/product/1000015062703', 'product_name': 'Brompton House Apple Puffs', 'product_price': '£2.50', 'product_additionals': '(20.8p/each)'}, {'shop': 'tesco', 'url': 'https://www.tesco.com/groceries/en-GB/products/268225531', 'product_name': 'Brothers Toffee Apple Cider 500Ml Bottle', 'product_price': '£ 2.00', 'product_additionals': '£4.00/litre'}, {'shop': 'asda', 'url': 'https://groceries.asda.com/product/1000159248332', 'product_name': 'Brothers Toffee Apple English Cider', 'product_price': '£2.00', 'product_additionals': '(£4.00/lt)'}, {'shop': 'asda', 'url': 'https://groceries.asda.com/product/1000207107040', 'product_name': 'Bubble Up Pineapple Peach Sunny Side Up The Big Bath Melt Bar', 'product_price': '£3.00', 'product_additionals': '(£1.43/100g)'}, {'shop': 'tesco', 'url': 'https://www.tesco.com/groceries/en-GB/products/294348536', 'product_name': 'Bulmers Original Apple Cider 8X500ml Bottle', 'product_price': '£ 6.00', 'product_additionals': '£1.50/litre'}, {'shop': 'asda', 'url': 'https://groceries.asda.com/product/910000562411', 'product_name': 'Calcough Infant Syrup Apple Flavour 3+ Months', 'product_price': '£3.50', 'product_additionals': '(£2.80/100ml)'}, {'shop': 'asda', 'url': 'https://groceries.asda.com/product/1000150899991', 'product_name': 'Capri-Sun No Added Sugar Blackcurrant & Apple 8 Pack', 'product_price': '£2.00', 'product_additionals': '(12.5p/100ml)'}, {'shop': 'tesco', 'url': 'https://www.tesco.com/groceries/en-GB/products/266385580', 'product_name': 'Caprio Apple & Raspberry Drink 2 Litre Carton', 'product_price': '£ 1.10', 'product_additionals': '£0.06/100ml'}, {'shop': 'asda', 'url': 'https://groceries.asda.com/product/910000290031', 'product_name': 'Caprio Apple and Raspberry Multifruit Drink', 'product_price': '£1.30', 'product_additionals': '(6.5p/100ml)'}, {'shop': 'tesco', 'url': 'https://www.tesco.com/groceries/en-GB/products/305831293', 'product_name': 'Captain Morgan Tiki Mango & Pineapple 700Ml', 'product_price': '£ 15.50', 'product_additionals': '£22.15/litre'}, {'shop': 'asda', 'url': 'https://groceries.asda.com/product/1000204973277', 'product_name': 'Captain Morgan Tiki Pineapple and Mango', 'product_price': '£16.50', 'product_additionals': '(£23.57/lt)'}, {'shop': 'asda', 'url': 'https://groceries.asda.com/product/1000015061493', 'product_name': 'Carabao Energy Drink Green Apple Sugar Free', 'product_price': '£0.59', 'product_additionals': '(17.9p/100ml)'}, {'shop': 'tesco', 'url': 'https://www.tesco.com/groceries/en-GB/products/251888083', 'product_name': 'Castello Pineapple Halo 125G', 'product_price': '£ 1.30', 'product_additionals': '£10.40/kg'}, {'shop': 'sains', 'url': 'https://www.sainsburys.co.uk/shop/gb/groceries/product/details/perfect-cheeseboards/castello-pineapple-halo-125g', 'product_name': 'Castello Pineapple Halo Soft Cheese 125g', 'product_price': '£1.00', 'product_additionals': '£8.00 / kg'}, {'shop': 'asda', 'url': 'https://groceries.asda.com/product/910000237200', 'product_name': 'Castello Soft Cheese With Pineapple', 'product_price': '£1.20', 'product_additionals': 'No weight data'}, {'shop': 'tesco', 'url': 'https://www.tesco.com/groceries/en-GB/products/263879352', 'product_name': 'Cawston Press Apple & Ginger Juice 1L', 'product_price': '£ 2.30', 'product_additionals': '£0.23/100ml'}, {'shop': 'tesco', 'url': 'https://www.tesco.com/groceries/en-GB/products/278584055', 'product_name': 'Cawston Press Apple & Pear 3X200ml', 'product_price': '£ 1.60', 'product_additionals': '£0.27/100ml'}, {'shop': 'tesco', 'url': 'https://www.tesco.com/groceries/en-GB/products/263879438', 'product_name': 'Cawston Press Apple & Rhubarb Juice 1Ltr', 'product_price': '£ 2.30', 'product_additionals': '£0.23/100ml'}, {'shop': 'asda', 'url': 'https://groceries.asda.com/product/1000117784314', 'product_name': 'Cawston Press Cloudy Apple Cans', 'product_price': '£3.50', 'product_additionals': '(26.5p/100ml)'}, {'shop': 'tesco', 'url': 'https://www.tesco.com/groceries/en-GB/products/278583954', 'product_name': 'Cawston Press Kids Apple & Mango 3X200ml', 'product_price': '£ 1.60', 'product_additionals': '£0.27/100ml'}, {'shop': 'tesco', 'url': 'https://www.tesco.com/groceries/en-GB/products/254914198', 'product_name': 'Certo Apple Pectin 250Gml', 'product_price': '£ 2.50', 'product_additionals': '£1.00/100ml'}, {'shop': 'tesco', 'url': 'https://www.tesco.com/groceries/en-GB/products/256385065', 'product_name': 'Chewits Xtreme Sour Apple Stick 31G', 'product_price': '£ 0.20', 'product_additionals': '£0.20/each'}, {'shop': 'asda', 'url': 'https://groceries.asda.com/product/910000544075', 'product_name': 'Chicago Town 2 Deep Dish Ham & Pineapple Pizzas', 'product_price': '£1.50', 'product_additionals': 'No weight data'}, {'shop': 'tesco', 'url': 'https://www.tesco.com/groceries/en-GB/products/275038051', 'product_name': 'Chicago Town Ham & Pineapple Twin Pack Mini Pizza 330G', 'product_price': '£ 1.50', 'product_additionals': '£0.46/100g'}, {'shop': 'asda', 'url': 'https://groceries.asda.com/product/1000202846309', 'product_name': 'Childs Farm 3 in 1 Sport, Watermelon & Organic Pineapple', 'product_price': '£4.00', 'product_additionals': 'No weight data'}, {'shop': 'tesco', 'url': 'https://www.tesco.com/groceries/en-GB/products/297115462', 'product_name': 'Childs Farm Blackberry & Apple Body Wash 250Ml', 'product_price': '£ 4.00', 'product_additionals': '£1.60/100ml'}, {'shop': 'tesco', 'url': 'https://www.tesco.com/groceries/en-GB/products/303483845', 'product_name': 'Childs Farm Hair & Body Wash 250Ml Watermelon Pineapple', 'product_price': '£ 4.00', 'product_additionals': '£1.60/100ml'}, {'shop': 'asda', 'url': 'https://groceries.asda.com/product/1000107088365', 'product_name': 'Childs Farm Hair & Body Wash Watermelon & Organic Pineapple', 'product_price': '£4.00', 'product_additionals': '(£1.60/100ml)'}, {'shop': 'coop', 'url': 'https://www.coop.co.uk/products/co-op-family-apple-pack', 'product_name': 'Co-op Family Apple Pack', 'product_price': '£2.20', 'product_additionals': 'Per pack (99p per pack)'}, {'shop': 'coop', 'url': 'https://www.coop.co.uk/products/co-op-gold-pineapple', 'product_name': 'Co-op Gold Pineapple Each', 'product_price': '£1.15', 'product_additionals': 'Each (85.0p per item)'}, {'shop': 'coop', 'url': 'https://www.coop.co.uk/products/co-op-irresistible-limited-edition-bramley-apple-and-cinnamon-hot-cross-buns-4-pack', 'product_name': 'Co-op Irresistible Limited Edition Bramley Apple & Cinnamon Hot Cross Buns 4 Pack', 'product_price': '£1.35', 'product_additionals': '4 pack (33.8p per item)'}, {'shop': 'coop', 'url': 'https://www.coop.co.uk/products/co-op-irresistible-pineapple-rum-838532', 'product_name': 'Co-op Irresistible Pineapple Rum 70cl', 'product_price': '£20', 'product_additionals': 'No weight data'}, {'shop': 'coop', 'url': 'https://www.coop.co.uk/products/co-op-pineapple-and-coconut-coolers-3x90ml-270ml', 'product_name': 'Co-op Pineapple & Coconut Coolers 3x90ml (270ml)', 'product_price': '£1.50', 'product_additionals': '270ml (55.6p per 100ml)\n3 pack'}, {'shop': 'coop', 'url': 'https://www.coop.co.uk/products/co-op-royal-gala-apples', 'product_name': 'Co-op Royal Gala Apples', 'product_price': '£2', 'product_additionals': '(99.0p per item)'}, {'shop': 'asda', 'url': 'https://groceries.asda.com/product/1000244431728', 'product_name': 'Collection Gloss Me Up Lip Gloss Sh6 Red Apple', 'product_price': '£2.98', 'product_additionals': '(£2.98/10ml)'}, {'shop': 'asda', 'url': 'https://groceries.asda.com/product/910003020651', 'product_name': "Colman's Bramley Apple Sauce", 'product_price': '£1.00', 'product_additionals': '(64.5p/100g)'}, {'shop': 'tesco', 'url': 'https://www.tesco.com/groceries/en-GB/products/296186827', 'product_name': "Colman's Bramley Apple Sauce 155G", 'product_price': '£ 1.00', 'product_additionals': '£0.65/100g'}, {'shop': 'sains', 'url': 'https://www.sainsburys.co.uk/shop/gb/groceries/product/details/coffee-shop/copella-apple---elderflower-15l', 'product_name': 'Copella Apple & Elderflower Juice 1.35L', 'product_price': '£2.00', 'product_additionals': '15p / 100ml'}, {'shop': 'tesco', 'url': 'https://www.tesco.com/groceries/en-GB/products/288307410', 'product_name': 'Copella Apple & Elderflower Juice 900Ml', 'product_price': '£ 2.00', 'product_additionals': '£0.22/100ml'}, {'shop': 'tesco', 'url': 'https://www.tesco.com/groceries/en-GB/products/301443856', 'product_name': 'Copella Apple And Elderflower Juice 1.35L', 'product_price': '£ 3.00', 'product_additionals': '£0.22/100ml'}, {'shop': 'tesco', 'url': 'https://www.tesco.com/groceries/en-GB/products/288306532', 'product_name': 'Copella Apple Juice 900Ml', 'product_price': '£ 2.00', 'product_additionals': '£0.22/100ml'}, {'shop': 'sains', 'url': 'https://www.sainsburys.co.uk/shop/gb/groceries/product/details/all-mothers-day/copella-apple-15l', 'product_name': 'Copella Cloudy Apple Juice 1.35L', 'product_price': '£2.00', 'product_additionals': '15p / 100ml'}, {'shop': 'tesco', 'url': 'https://www.tesco.com/groceries/en-GB/products/262019572', 'product_name': 'Cornish Rattler Apple Cider 500Ml Bottle', 'product_price': '£ 2.00', 'product_additionals': '£4.00/litre'}, {'shop': 'tesco', 'url': 'https://www.tesco.com/groceries/en-GB/products/253052928', 'product_name': 'Cow & Gate Apple & Banana Fruit Pot 4X100g 4 Mth+', 'product_price': '£ 1.45', 'product_additionals': '£3.63/kg'}, {'shop': 'asda', 'url': 'https://groceries.asda.com/product/910003267758', 'product_name': 'Cow & Gate Apple & Banana Fruit Pouches 4+ Months', 'product_price': '£2.80', 'product_additionals': 'No weight data'}, {'shop': 'sains', 'url': 'https://www.sainsburys.co.uk/shop/gb/groceries/product/details/price-lock-baby-toddler/cow-gate-apple-banana-frt-pot', 'product_name': 'Cow & Gate Apple & Banana Fruit Puree Pots 4x100g', 'product_price': '£1.45', 'product_additionals': '36p / 100g'}, {'shop': 'asda', 'url': 'https://groceries.asda.com/product/910002552735', 'product_name': 'Cow & Gate Apple & Blueberry Yoghurt Baby Food Jar 7+ Months', 'product_price': '£0.65', 'product_additionals': 'No weight data'}, {'shop': 'asda', 'url': 'https://groceries.asda.com/product/2305968', 'product_name': 'Cow & Gate Apple & Pear 100% Fruit Pots 4+ Months', 'product_price': '£1.30', 'product_additionals': 'No weight data'}, {'shop': 'tesco', 'url': 'https://www.tesco.com/groceries/en-GB/products/253052208', 'product_name': 'Cow & Gate Apple & Pear Fruit Pot 4X100g 4 Mth+', 'product_price': '£ 1.45', 'product_additionals': '£3.63/kg'}, {'shop': 'asda', 'url': 'https://groceries.asda.com/product/1000000986718', 'product_name': 'Cow & Gate Apple & Pear Pouches 4-6+ Months', 'product_price': '£2.80', 'product_additionals': 'No weight data'}, {'shop': 'tesco', 'url': 'https://www.tesco.com/groceries/en-GB/products/253052358', 'product_name': 'Cow & Gate Apple Apricot & Strawberry Fruit Pot 4X100g 4 Mth+', 'product_price': '£ 1.45', 'product_additionals': '£3.63/kg'}, {'shop': 'tesco', 'url': 'https://www.tesco.com/groceries/en-GB/products/305248540', 'product_name': 'Cow & Gate Apple Banana & Strawberry Pouches 4 X 100G', 'product_price': '£ 2.60', 'product_additionals': '£0.65/100g'}, {'shop': 'asda', 'url': 'https://groceries.asda.com/product/910002552787', 'product_name': 'Cow & Gate Apple Crumble Baby Food Jar 7+ Months', 'product_price': '£0.65', 'product_additionals': 'No weight data'}, {'shop': 'tesco', 'url': 'https://www.tesco.com/groceries/en-GB/products/264226336', 'product_name': 'Cow & Gate Apple Crumble Jar 200G 7 Mth+', 'product_price': '£ 0.70', 'product_additionals': '£3.50/kg'}, {'shop': 'asda', 'url': 'https://groceries.asda.com/product/910002552347', 'product_name': 'Cow & Gate Apple Pear & Raspberry Baby Food Jar 7+ Months', 'product_price': '£0.65', 'product_additionals': 'No weight data'}, {'shop': 'asda', 'url': 'https://groceries.asda.com/product/1000027214099', 'product_name': 'Cow & Gate Apple, Blackcurrant & Banana Fruit Pots from 4-6+ Months', 'product_price': '£1.30', 'product_additionals': 'No weight data'}, {'shop': 'asda', 'url': 'https://groceries.asda.com/product/1000195178720', 'product_name': 'Cow & Gate Apple, Strawberry & Banana Baby Fruit Pouches 4+ Months', 'product_price': '£2.80', 'product_additionals': 'No weight data'}, {'shop': 'asda', 'url': 'https://groceries.asda.com/product/910002552619', 'product_name': 'Cow & Gate Bursting Apple Banana & Berries Baby Food Jar 4m+', 'product_price': '£0.58', 'product_additionals': 'No weight data'}, {'shop': 'tesco', 'url': 'https://www.tesco.com/groceries/en-GB/products/296715393', 'product_name': 'Cow & Gate Fruit Pouch Apple & Banana 4 X 100G', 'product_price': '£ 2.60', 'product_additionals': '£0.65/100g'}, {'shop': 'asda', 'url': 'https://groceries.asda.com/product/910002551974', 'product_name': 'Cow & Gate Juicy Apple & Mango Baby Food Jar 4m+', 'product_price': '£0.58', 'product_additionals': 'No weight data'}, {'shop': 'asda', 'url': 'https://groceries.asda.com/product/910002552722', 'product_name': 'Cow & Gate Juicy Apple & Strawberry Baby Food Jar 4m+', 'product_price': '£0.58', 'product_additionals': 'No weight data'}, {'shop': 'asda', 'url': 'https://groceries.asda.com/product/910002552341', 'product_name': 'Cow & Gate Peach Apple & Kiwi Baby Food Jar 7+ Months', 'product_price': '£0.65', 'product_additionals': 'No weight data'}, {'shop': 'asda', 'url': 'https://groceries.asda.com/product/15397917', 'product_name': 'Cow & Gate Plum & Apple 100% Fruit Pots 4-6 Months', 'product_price': '£1.30', 'product_additionals': 'No weight data'}, {'shop': 'tesco', 'url': 'https://www.tesco.com/groceries/en-GB/products/258899992', 'product_name': 'Cow & Gate Plum & Apple Fruit Pot 4X100g 4 Mth+', 'product_price': '£ 1.45', 'product_additionals': '£3.63/kg'}, {'shop': 'tesco', 'url': 'https://www.tesco.com/groceries/en-GB/products/292718420', 'product_name': 'Cow & Gate Stage 2 Peach Apple & Kiwi 200G', 'product_price': '£ 0.70', 'product_additionals': '£3.50/kg'}, {'shop': 'asda', 'url': 'https://groceries.asda.com/product/1000053215763', 'product_name': 'Cranes Blueberries & Apples Cider', 'product_price': '£2.20', 'product_additionals': '(£4.40/lt)'}, {'shop': 'asda', 'url': 'https://groceries.asda.com/product/910003221437', 'product_name': 'Creative Nature Apple Pie Protein Flapjack', 'product_price': '£0.99', 'product_additionals': 'No weight data'}, {'shop': 'asda', 'url': 'https://groceries.asda.com/product/910002657218', 'product_name': 'Cristalinas Reed Diffuser, Cosy Apple & Cinnamon', 'product_price': '£2.00', 'product_additionals': 'No weight data'}, {'shop': 'tesco', 'url': 'https://www.tesco.com/groceries/en-GB/products/268607379', 'product_name': 'Crofters Apple Cider 5% 2L', 'product_price': '£ 2.05', 'product_additionals': '£1.03/litre'}, {'shop': 'tesco', 'url': 'https://www.tesco.com/groceries/en-GB/products/293089960', 'product_name': 'Crumpton Oaks Apple Cider 500Ml Bottle', 'product_price': '£ 0.85', 'product_additionals': '£1.70/litre'}, {'shop': 'tesco', 'url': 'https://www.tesco.com/groceries/en-GB/products/305522797', 'product_name': 'Dawtona Red Cabbage With Apple 500G', 'product_price': '£ 1.00', 'product_additionals': '£0.29/100g DR.WT'}, {'shop': 'tesco', 'url': 'https://www.tesco.com/groceries/en-GB/products/305973003', 'product_name': "Dead Man's Fingers Pineapple Rum 70Cl", 'product_price': '£ 22.00', 'product_additionals': '£31.43/litre'}, {'shop': 'tesco', 'url': 'https://www.tesco.com/groceries/en-GB/products/256265858', 'product_name': 'Del Monte Crushed Pineapple In Juice 435G', 'product_price': '£ 1.00', 'product_additionals': '£3.60/kg DR.WT'}, {'shop': 'asda', 'url': 'https://groceries.asda.com/product/466253', 'product_name': 'Del Monte Crushed Pineapple in Own Juice', 'product_price': '£1.10', 'product_additionals': '(39.6p/100g)'}, {'shop': 'asda', 'url': 'https://groceries.asda.com/product/1000052962645', 'product_name': 'Del Monte Gold Pineapple Chunks in Juice', 'product_price': '£1.20', 'product_additionals': '(46.2p/100g)'}, {'shop': 'tesco', 'url': 'https://www.tesco.com/groceries/en-GB/products/301443597', 'product_name': 'Del Monte Gold Pineapple Chunks In Juice 435G', 'product_price': '£ 1.20', 'product_additionals': '£4.62/kg DR.WT'}, {'shop': 'asda', 'url': 'https://groceries.asda.com/product/1000052962713', 'product_name': 'Del Monte Gold Pineapple Slices in Juice', 'product_price': '£1.20', 'product_additionals': '(46.2p/100g)'}, {'shop': 'tesco', 'url': 'https://www.tesco.com/groceries/en-GB/products/301443614', 'product_name': 'Del Monte Gold Pineapple Slices In Juice 435G', 'product_price': '£ 1.20', 'product_additionals': '£4.62/kg DR.WT'}, {'shop': 'asda', 'url': 'https://groceries.asda.com/product/37638', 'product_name': 'Del Monte Pineapple Chunks in Juice', 'product_price': '£1.10', 'product_additionals': '(42.3p/100g)'}, {'shop': 'tesco', 'url': 'https://www.tesco.com/groceries/en-GB/products/254900560', 'product_name': 'Del Monte Pineapple Chunks In Juice 230G', 'product_price': '£ 0.80', 'product_additionals': '£0.57/100g'}, {'shop': 'tesco', 'url': 'https://www.tesco.com/groceries/en-GB/products/257977129', 'product_name': 'Del Monte Pineapple Chunks In Juice 432G', 'product_price': '£ 1.00', 'product_additionals': '£3.85/kg DR.WT'}, {'shop': 'asda', 'url': 'https://groceries.asda.com/product/910001068902', 'product_name': 'Del Monte Quality Pineapple Chunks in Own Juice', 'product_price': '£0.80', 'product_additionals': '(57.1p/100g)'}, {'shop': 'asda', 'url': 'https://groceries.asda.com/product/23397', 'product_name': 'Del Monte Sliced Pineapple in Juice', 'product_price': '£1.10', 'product_additionals': '(42.3p/100g)'}, {'shop': 'asda', 'url': 'https://groceries.asda.com/product/37805', 'product_name': 'Del Monte Sliced Pineapple in Juice', 'product_price': '£0.80', 'product_additionals': '(57.1p/100g)'}, {'shop': 'sains', 'url': 'https://www.sainsburys.co.uk/shop/gb/groceries/product/details/all-price-lock/del-monte-sliced-pineapple-in-juice-227g', 'product_name': 'Del Monte Sliced Pineapple in Juice 220g (140g Drained)', 'product_price': '80p', 'product_additionals': '57p / 100g'}, {'shop': 'asda', 'url': 'https://groceries.asda.com/product/910002522972', 'product_name': 'Del Monte Squeezie Apple & Mango', 'product_price': '£0.50', 'product_additionals': '(50.0p/100g)'}, {'shop': 'asda', 'url': 'https://groceries.asda.com/product/910002523074', 'product_name': 'Del Monte Squeezie Apple Strawberry & Banana', 'product_price': '£0.50', 'product_additionals': '(50.0p/100g)'}, {'shop': 'asda', 'url': 'https://groceries.asda.com/product/910002522987', 'product_name': 'Del Monte Squeezie Apple Strawberry & Blueberry', 'product_price': '£0.50', 'product_additionals': '(50.0p/100g)'}, {'shop': 'tesco', 'url': 'https://www.tesco.com/groceries/en-GB/products/304784637', 'product_name': 'Deliciously Ella Apple & Blackberry Crumble 275G', 'product_price': '£ 3.00', 'product_additionals': '£10.91/kg'}, {'shop': 'sains', 'url': 'https://www.sainsburys.co.uk/shop/gb/groceries/product/details/special-offers-454372-44/deliciously-ella-apple-raisin-cinnamon-oat-bars-3x50g', 'product_name': 'Deliciously Ella Apple, Raisin & Cinnamon Oat Bars 3x50g', 'product_price': '£2.00', 'product_additionals': '£1.34 / 100g'}, {'shop': 'sains', 'url': 'https://www.sainsburys.co.uk/shop/gb/groceries/product/details/all-gluten-free-food-and-drink/deliciously-ella-apple-raisin-cinnamon-oat-bars-3x50g', 'product_name': 'Deliciously Ella Apple, Raisin & Cinnamon Oat Bars 3x50g', 'product_price': '£2.00', 'product_additionals': '£1.34 / 100g'}, {'shop': 'asda', 'url': 'https://groceries.asda.com/product/910000953620', 'product_name': 'Dole Fruit in Jelly Pineapple in Raspberry Flavour Jelly', 'product_price': '£0.50', 'product_additionals': '(44.2p/100g)'}, {'shop': 'asda', 'url': 'https://groceries.asda.com/product/37354', 'product_name': 'Dole Fruit in Juice Pineapple', 'product_price': '£0.50', 'product_additionals': '(44.2p/100g)'}, {'shop': 'asda', 'url': 'https://groceries.asda.com/product/910000953796', 'product_name': 'Dole Fruit in Juice Pineapple & Mandarins', 'product_price': '£0.50', 'product_additionals': '(44.2p/100g)'}, {'shop': 'tesco', 'url': 'https://www.tesco.com/groceries/en-GB/products/271142843', 'product_name': 'Dole Pineapple In Juice 113G', 'product_price': '£ 0.50', 'product_additionals': '£7.36/kg DR.WT'}, {'shop': 'asda', 'url': 'https://groceries.asda.com/product/910002345098', 'product_name': 'Don Simon My First Apple Juice', 'product_price': '£1.00', 'product_additionals': '(20.0p/100ml)'}, {'shop': 'tesco', 'url': 'https://www.tesco.com/groceries/en-GB/products/305949845', 'product_name': 'Don Simon My First Juice Apple 4X125ml', 'product_price': '£ 1.00', 'product_additionals': '£0.20/100ml'}, {'shop': 'asda', 'url': 'https://groceries.asda.com/product/1000029264073', 'product_name': 'Don Simon Pineapple & Coconut Juice Drink', 'product_price': '£1.00', 'product_additionals': 'No weight data'}, {'shop': 'tesco', 'url': 'https://www.tesco.com/groceries/en-GB/products/306650136', 'product_name': 'Don Simon Pineapple & Coconut Juice Drink 1.5Ltr', 'product_price': '£ 1.00', 'product_additionals': '£0.07/100ml'}, {'shop': 'asda', 'url': 'https://groceries.asda.com/product/1000102496185', 'product_name': 'Dove Go Fresh Apple & White Tea Anti-Perspirant Deodorant Aerosol', 'product_price': '£1.68', 'product_additionals': '(67.2p/100ml)'}, {'shop': 'tesco', 'url': 'https://www.tesco.com/groceries/en-GB/products/291419849', 'product_name': 'Eat Natural Bars Apple, Ginger & Dark Chocolate 3 X 45G', 'product_price': '£ 2.00', 'product_additionals': '£1.49/100g'}, {'shop': 'asda', 'url': 'https://groceries.asda.com/product/1000199580496', 'product_name': 'Eco Wix Apple and Cinnamon Large Candle', 'product_price': '£8.00', 'product_additionals': '(£8.00/each)'}, {'shop': 'asda', 'url': 'https://groceries.asda.com/product/1000199580430', 'product_name': 'Eco Wix Apple and Cinnamon Small Candle', 'product_price': '£5.00', 'product_additionals': '(£5.00/each)'}, {'shop': 'asda', 'url': 'https://groceries.asda.com/product/1000000982543', 'product_name': 'Ecover Fabric Softener Apple Blossom & Almond 50 Washes', 'product_price': '£3.50', 'product_additionals': 'No weight data'}, {'shop': 'asda', 'url': 'https://groceries.asda.com/product/1000189834582', 'product_name': 'Ecover Sensitive Fabric Softener Apple Blossom & Almond 25 Washes', 'product_price': '£2.25', 'product_additionals': 'No weight data'}, {'shop': 'tesco', 'url': 'https://www.tesco.com/groceries/en-GB/products/297781639', 'product_name': 'Ecover Softener Apple Blossom & Almond 50W 1.5L', 'product_price': '£ 4.00', 'product_additionals': '£2.67/litre'}, {'shop': 'tesco', 'url': 'https://www.tesco.com/groceries/en-GB/products/292759393', 'product_name': "Ella's Kitchen Apple & Cinnamon Crumble 4X80g", 'product_price': '£ 1.75', 'product_additionals': '£4.87/kg'}, {'shop': 'tesco', 'url': 'https://www.tesco.com/groceries/en-GB/products/271028386', 'product_name': "Ella's Kitchen Apples Apples Apples 70G", 'product_price': '£ 0.80', 'product_additionals': '£11.43/kg'}, {'shop': 'tesco', 'url': 'https://www.tesco.com/groceries/en-GB/products/261383169', 'product_name': "Ella's Kitchen Apples Carrots Plus Parsnips 120G", 'product_price': '£ 1.10', 'product_additionals': '£9.17/kg'}, {'shop': 'tesco', 'url': 'https://www.tesco.com/groceries/en-GB/products/301892082', 'product_name': "Ella's Kitchen Cheese Plus Apple Melty Sticks 16G", 'product_price': '£ 1.00', 'product_additionals': '£62.50/kg'}, {'shop': 'asda', 'url': 'https://groceries.asda.com/product/910002650164', 'product_name': "Ella's Kitchen Organic Apple and Cinnamon Crumble Baby Dessert Pot Multipack 7+ Months", 'product_price': '£1.70', 'product_additionals': 'No weight data'}, {'shop': 'asda', 'url': 'https://groceries.asda.com/product/910002075305', 'product_name': "Ella's Kitchen Organic Apple and Ginger Baby Biscuits Multipack Snack 10+ Months", 'product_price': '£2.00', 'product_additionals': 'No weight data'}, {'shop': 'asda', 'url': 'https://groceries.asda.com/product/910000530569', 'product_name': "Ella's Kitchen Organic Apples First Tastes Baby Pouch 4+ Months", 'product_price': '£0.90', 'product_additionals': 'No weight data'}, {'shop': 'asda', 'url': 'https://groceries.asda.com/product/1000000470327', 'product_name': "Ella's Kitchen Organic Apples, Carrots and Parsnips Baby Pouch 4+ Months", 'product_price': '£1.05', 'product_additionals': 'No weight data'}, {'shop': 'asda', 'url': 'https://groceries.asda.com/product/910000971264', 'product_name': "Ella's Kitchen Organic Apples, Sweet Potatoes and Peppers Baby Pouch 4+ Months", 'product_price': '£1.05', 'product_additionals': 'No weight data'}, {'shop': 'sains', 'url': 'https://www.sainsburys.co.uk/shop/gb/groceries/product/details/all-price-lock/ellas-red-peppers--swt-pot-appl-s1-120g', 'product_name': "Ella's Kitchen Organic Apples, Sweet Potatoes and Peppers Baby Pouch 4+ Months 120g", 'product_price': '£1.00', 'product_additionals': '83p / 100g'}, {'shop': 'tesco', 'url': 'https://www.tesco.com/groceries/en-GB/products/305435733', 'product_name': "Ella's Kitchen Organic Banana Apple Blueberry Baby Rice 120G", 'product_price': '£ 1.10', 'product_additionals': '£0.92/100g'}, {'shop': 'asda', 'url': 'https://groceries.asda.com/product/1000000470330', 'product_name': "Ella's Kitchen Organic Bananas and Apples Baby Pouch 4+ Months", 'product_price': '£1.05', 'product_additionals': 'No weight data'}, {'shop': 'asda', 'url': 'https://groceries.asda.com/product/910001801510', 'product_name': "Ella's Kitchen Organic Bluberries, Apples, Bananas and Vanilla Baby Pouch 4+ Months", 'product_price': '£1.05', 'product_additionals': 'No weight data'}, {'shop': 'asda', 'url': 'https://groceries.asda.com/product/1000059825254', 'product_name': "Ella's Kitchen Organic Cheese and Apple Melty Sticks Baby Snack 7+ Months", 'product_price': '£0.75', 'product_additionals': 'No weight data'}, {'shop': 'asda', 'url': 'https://groceries.asda.com/product/910000368039', 'product_name': "Ella's Kitchen Organic Pear and Apple Baby Rice Baby Pouch 4+ Months", 'product_price': '£1.05', 'product_additionals': 'No weight data'}, {'shop': 'asda', 'url': 'https://groceries.asda.com/product/1000201691447', 'product_name': "Ella's Kitchen Organic Rice Pudding with Mangoes and Apples Baby Pouch 4+ Months", 'product_price': '£1.05', 'product_additionals': 'No weight data'}, {'shop': 'asda', 'url': 'https://groceries.asda.com/product/910000042378', 'product_name': "Ella's Kitchen Organic Strawberries and Apples Baby Pouch 4+ Months", 'product_price': '£1.05', 'product_additionals': 'No weight data'}, {'shop': 'asda', 'url': 'https://groceries.asda.com/product/1000054991437', 'product_name': "Ella's Kitchen Organic Strawberries, Rhubarb and Apples Baby Pouch 4+ Months", 'product_price': '£1.05', 'product_additionals': 'No weight data'}, {'shop': 'asda', 'url': 'https://groceries.asda.com/product/910002650661', 'product_name': "Ella's Kitchen Organic Strawberry and Apple Oaty Fingers Bars Multipack Snack 12+ Months", 'product_price': '£2.35', 'product_additionals': 'No weight data'}, {'shop': 'sains', 'url': 'https://www.sainsburys.co.uk/shop/gb/groceries/product/details/price-lock-baby-toddler/ellas-organic-sweet-potato--plumb--apple---blueberries-120g', 'product_name': "Ella's Kitchen Organic Sweet Potatoes, Pumkin, Apples and Blueberries Baby Pouch 4+ Months 120g", 'product_price': '£1.00', 'product_additionals': '83p / 100g'}, {'shop': 'sains', 'url': 'https://www.sainsburys.co.uk/shop/gb/groceries/product/details/all-price-lock/ellas-organic-sweet-potato--plumb--apple---blueberries-120g', 'product_name': "Ella's Kitchen Organic Sweet Potatoes, Pumkin, Apples and Blueberries Baby Pouch 4+ Months 120g", 'product_price': '£1.00', 'product_additionals': '83p / 100g'}, {'shop': 'asda', 'url': 'https://groceries.asda.com/product/1000000470329', 'product_name': "Ella's Kitchen Organic Sweet Potatoes, Pumpkin, Apples and Blueberries Baby Pouch 4+ Months", 'product_price': '£1.05', 'product_additionals': 'No weight data'}, {'shop': 'tesco', 'url': 'https://www.tesco.com/groceries/en-GB/products/271645755', 'product_name': "Ella's Kitchen Spinach Apple Plus Swede Stage 120G", 'product_price': '£ 1.10', 'product_additionals': '£9.17/kg'}, {'shop': 'tesco', 'url': 'https://www.tesco.com/groceries/en-GB/products/261384001', 'product_name': "Ella's Kitchen Sweet Potato Pumpkin Apple & Blueberries 120G", 'product_price': '£ 1.10', 'product_additionals': '£9.17/kg'}, {'shop': 'tesco', 'url': 'https://www.tesco.com/groceries/en-GB/products/271413609', 'product_name': "Ella's Strawberries & Apples Nibbly Fingers 5 X 25G", 'product_price': '£ 2.50', 'product_additionals': '£20.00/kg'}, {'shop': 'sains', 'url': 'https://www.sainsburys.co.uk/shop/gb/groceries/product/details/top-rated-44/emily-fruit-crisps--crunchy-red-apple-30g', 'product_name': 'Emily Fruit Crisps, Crunchy Red Apple 30g', 'product_price': '£1.00', 'product_additionals': '£3.33 / 100g'}, {'shop': 'tesco', 'url': 'https://www.tesco.com/groceries/en-GB/products/270094808', 'product_name': 'Epson Apple T1291 Black Printer Ink', 'product_price': '£ 17.50', 'product_additionals': '£17.50/each'}, {'shop': 'sains', 'url': 'https://www.sainsburys.co.uk/shop/gb/groceries/product/details/price-lock-household/fairy-liquid-apple-orchard-520ml', 'product_name': 'Fairy Clean & Fresh Washing Up Liquid Apple 520ml', 'product_price': '£1.00', 'product_additionals': '£1.92 / ltr'}, {'shop': 'asda', 'url': 'https://groceries.asda.com/product/910002091715', 'product_name': 'Fairy Clean & Fresh Washing Up Liquid Apple Orchard', 'product_price': '£1.00', 'product_additionals': '(£1.92/lt)'}, {'shop': 'asda', 'url': 'https://groceries.asda.com/product/1000110960429', 'product_name': 'Fairy Clean & Fresh Washing Up Liquid Apple Orchard', 'product_price': '£2.00', 'product_additionals': '(£1.68/lt)'}, {'shop': 'asda', 'url': 'https://groceries.asda.com/product/1000225477741', 'product_name': 'Febreze 3Volution Air Freshener Plug-In Refill Spice Apple - 1 Refill', 'product_price': '£3.00', 'product_additionals': 'No weight data'}, {'shop': 'asda', 'url': 'https://groceries.asda.com/product/1000004042190', 'product_name': 'Febreze 3Volution Plug-In Starter Kit, Spiced Apple - Holder & 1 Refill', 'product_price': '£3.00', 'product_additionals': 'No weight data'}, {'shop': 'asda', 'url': 'https://groceries.asda.com/product/2215673303494', 'product_name': 'Febreze Air Freshener Bathroom Block & 3Volution Plug-In Starter Kit, Spiced Apple', 'product_price': '£5.00', 'product_additionals': 'No weight data'}, {'shop': 'asda', 'url': 'https://groceries.asda.com/product/1000228959142', 'product_name': 'Febreze Air Freshener Bathroom Block; Spiced Apple', 'product_price': '£2.00', 'product_additionals': 'No weight data'}, {'shop': 'asda', 'url': 'https://groceries.asda.com/product/1000004043709', 'product_name': 'Febreze Air Freshener Spray, Spiced Apple', 'product_price': '£2.00', 'product_additionals': 'No weight data'}, {'shop': 'asda', 'url': 'https://groceries.asda.com/product/1000004043395', 'product_name': 'Febreze with Ambi Pur 3Volution Plug-In Refill, Spiced Apple - 1 Refill', 'product_price': '£1.50', 'product_additionals': 'No weight data'}, {'shop': 'sains', 'url': 'https://www.sainsburys.co.uk/shop/gb/groceries/product/details/all-fruit/fosters-toffee-apple--single', 'product_name': 'Fosters Toffee Apple, Single', 'product_price': '75p', 'product_additionals': '75p / ea'}, {'shop': 'asda', 'url': 'https://groceries.asda.com/product/1000222400172', 'product_name': 'Freaks of Nature Bramley Apple Crumble', 'product_price': '£2.95', 'product_additionals': 'No weight data'}, {'shop': 'asda', 'url': 'https://groceries.asda.com/product/26035', 'product_name': 'Fruit Shoot Apple & Blackcurrant Kids Juice Drink', 'product_price': '£2.00', 'product_additionals': '(12.5p/100ml)'}, {'shop': 'tesco', 'url': 'https://www.tesco.com/groceries/en-GB/products/262460802', 'product_name': 'Fruit Shoot Apple & Blackcurrant No Added Sugar 24 X 200Ml', 'product_price': '£ 4.50', 'product_additionals': '£0.09/100ml'}, {'shop': 'asda', 'url': 'https://groceries.asda.com/product/1527139', 'product_name': 'Fruit Shoot Apple Kids Juice Drink', 'product_price': '£2.00', 'product_additionals': '(12.5p/100ml)'}, {'shop': 'tesco', 'url': 'https://www.tesco.com/groceries/en-GB/products/292069443', 'product_name': 'Fruit Shoot Hydro Apple & Raspberry 8X200ml', 'product_price': '£ 2.00', 'product_additionals': '£0.12/100ml'}, {'shop': 'asda', 'url': 'https://groceries.asda.com/product/1000176228047', 'product_name': 'Fruit Shoot Hydro Apple & Raspberry Kids Water Drink', 'product_price': '£1.89', 'product_additionals': '(23.6p/100ml)'}, {'shop': 'asda', 'url': 'https://groceries.asda.com/product/910002462757', 'product_name': 'Fruit Shoot Hydro Apple & Raspberry Kids Water Drink', 'product_price': '£2.00', 'product_additionals': '(12.5p/100ml)'}, {'shop': 'tesco', 'url': 'https://www.tesco.com/groceries/en-GB/products/305252586', 'product_name': 'Fruit Shoot Hydro Apple & Raspberry Spring Water 4X200ml', 'product_price': '£ 1.00', 'product_additionals': '£0.12/100ml'}, {'shop': 'asda', 'url': 'https://groceries.asda.com/product/910000771015', 'product_name': 'Fruit Shoot Hydro Orange & Pineapple Kids Water Drink', 'product_price': '£2.00', 'product_additionals': '(12.5p/100ml)'}, {'shop': 'tesco', 'url': 'https://www.tesco.com/groceries/en-GB/products/301870592', 'product_name': 'Fruit Shoot Juiced Apple & Pear 6 X 200 Ml', 'product_price': '£ 3.00', 'product_additionals': '£0.25/100ml'}, {'shop': 'asda', 'url': 'https://groceries.asda.com/product/1000027213953', 'product_name': 'Fruit Shoot Juiced Apple & Pear Kids Juice Drink', 'product_price': '£2.00', 'product_additionals': '(16.7p/100ml)'}, {'shop': 'tesco', 'url': 'https://www.tesco.com/groceries/en-GB/products/272417736', 'product_name': 'Fruit Shoot No Added Sugar Apple & Blackcurrant 15X200ml', 'product_price': '£ 3.50', 'product_additionals': '£0.12/100ml'}, {'shop': 'asda', 'url': 'https://groceries.asda.com/product/1000022119934', 'product_name': 'Fruitypot Jelly Squeeze Apple & Blackcurrant Flavour Jelly', 'product_price': '£0.50', 'product_additionals': 'No weight data'}, {'shop': 'tesco', 'url': 'https://www.tesco.com/groceries/en-GB/products/307344238', 'product_name': 'Fuel 10K Toffee Apple Oat Muffin 60G', 'product_price': '£ 0.85', 'product_additionals': '£1.42/100g'}, {'shop': 'tesco', 'url': 'https://www.tesco.com/groceries/en-GB/products/253559147', 'product_name': 'Gala Apples Class 1 Loose', 'product_price': '£ 0.35', 'product_additionals': '£2.20/kg'}, {'shop': 'asda', 'url': 'https://groceries.asda.com/product/910001814978', 'product_name': 'Gallo Family Vineyards Spritz Pineapple & Passionfruit', 'product_price': '£4.50', 'product_additionals': '(£4.50/75c3)'}, {'shop': 'tesco', 'url': 'https://www.tesco.com/groceries/en-GB/products/288178170', 'product_name': 'Gallo Spritz Pineapple & Passion Fruit 75Cl', 'product_price': '£ 4.25', 'product_additionals': '£4.25/75cl'}, {'shop': 'asda', 'url': 'https://groceries.asda.com/product/910002470255', 'product_name': 'Garnier Ultimate Blends Kids Apple & Kiwi Shampoo', 'product_price': '£1.50', 'product_additionals': '(60.0p/100ml)'}, {'shop': 'tesco', 'url': 'https://www.tesco.com/groceries/en-GB/products/305052713', 'product_name': 'Genius 2 Gluten Free Apple Pies 320G', 'product_price': '£ 3.25', 'product_additionals': '£10.16/kg'}, {'shop': 'asda', 'url': 'https://groceries.asda.com/product/1000136584419', 'product_name': 'George Home Pineapple Marble Geo Pot', 'product_price': '£4.00', 'product_additionals': '(£4.00/each)'}, {'shop': 'asda', 'url': 'https://groceries.asda.com/product/1000230965309', 'product_name': 'George Home Spiced Apple Tealights', 'product_price': '£1.00', 'product_additionals': '(4.2p/each)'}, {'shop': 'asda', 'url': 'https://groceries.asda.com/product/1000110474126', 'product_name': 'Get More Vits Still Apple & Raspberry', 'product_price': '£1.00', 'product_additionals': '(10.0p/100ml)'}, {'shop': 'asda', 'url': 'https://groceries.asda.com/product/1000224243196', 'product_name': 'Glade Aerosol Arctic Apple Pie Air Freshener', 'product_price': '£0.50', 'product_additionals': 'No weight data'}, {'shop': 'asda', 'url': 'https://groceries.asda.com/product/1000224243221', 'product_name': 'Glade Automatic Spray Holder & Refill Arctic Apple Pie Air Freshener - Holder & 1 Refill', 'product_price': '£6.00', 'product_additionals': 'No weight data'}, {'shop': 'asda', 'url': 'https://groceries.asda.com/product/1000224243246', 'product_name': 'Glade Automatic Spray Refill Arctic Apple Pie Air Freshener - 1 Refill', 'product_price': '£2.50', 'product_additionals': 'No weight data'}, {'shop': 'asda', 'url': 'https://groceries.asda.com/product/1000224243229', 'product_name': 'Glade Candle Arctic Apple Pie Air Freshener', 'product_price': '£1.00', 'product_additionals': 'No weight data'}, {'shop': 'asda', 'url': 'https://groceries.asda.com/product/1000224243205', 'product_name': 'Glade Electric Holder & Refill Arctic Apple Pie Air Freshener - Holder & 1 Refill', 'product_price': '£2.65', 'product_additionals': 'No weight data'}, {'shop': 'asda', 'url': 'https://groceries.asda.com/product/1000224243243', 'product_name': 'Glade Electric Refill Arctic Apple Pie Air Freshener - 1 Refill', 'product_price': '£1.00', 'product_additionals': 'No weight data'}, {'shop': 'asda', 'url': 'https://groceries.asda.com/product/1000224243168', 'product_name': 'Glade Large Candle Arctic Apple Pie Air Freshener', 'product_price': '£4.00', 'product_additionals': 'No weight data'}, {'shop': 'asda', 'url': 'https://groceries.asda.com/product/1000224243166', 'product_name': 'Glade Sense & Spray Holder & Refill Arctic Apple Pie Air Freshener - Holder & 1 Refill', 'product_price': '£3.75', 'product_additionals': 'No weight data'}, {'shop': 'asda', 'url': 'https://groceries.asda.com/product/1000224243218', 'product_name': 'Glade Sense & Spray Refill Arctic Apple Pie Air Freshener - 1 Refill', 'product_price': '£2.00', 'product_additionals': 'No weight data'}, {'shop': 'asda', 'url': 'https://groceries.asda.com/product/1000157817693', 'product_name': 'Glow Scented Pineapple Hair Hoops', 'product_price': '£4.00', 'product_additionals': '(£1.00/each)'}, {'shop': 'tesco', 'url': 'https://www.tesco.com/groceries/en-GB/products/283420093', 'product_name': 'Go Ahead Apple & Sultana 5 X 43G', 'product_price': '£ 0.99', 'product_additionals': '£0.46/100g'}, {'shop': 'tesco', 'url': 'https://www.tesco.com/groceries/en-GB/products/251232560', 'product_name': 'Go Ahead Apple Bakes 6X35g', 'product_price': '£ 1.00', 'product_additionals': '£0.48/100g'}, {'shop': 'asda', 'url': 'https://groceries.asda.com/product/910002993005', 'product_name': 'Go Ahead! Apple Bakes', 'product_price': '£1.50', 'product_additionals': '(71.4p/100g)'}, {'shop': 'asda', 'url': 'https://groceries.asda.com/product/910001322962', 'product_name': 'Go Ahead! Crispy Apple Slices', 'product_price': '£1.00', 'product_additionals': '(45.9p/100g)'}, {'shop': 'sains', 'url': 'https://www.sainsburys.co.uk/shop/gb/groceries/product/details/200-calories-or-less/mcvities-go-ahead-apple-bakes-x6-210g', 'product_name': 'Go Ahead! Fruit Bakes Apple Bars x6 210g', 'product_price': '£1.00', 'product_additionals': '48p / 100g'}, {'shop': 'sains', 'url': 'https://www.sainsburys.co.uk/shop/gb/groceries/product/details/new-trending-special-offers/gogo-squeez-fruit-snack-apple-strawberry-4x90g', 'product_name': 'GoGo squeeZ Fruit Snack Apple Strawberry 4x90g', 'product_price': '£1.95', 'product_additionals': '54p / 100g'}, {'shop': 'sains', 'url': 'https://www.sainsburys.co.uk/shop/gb/groceries/product/details/new-355373-44/good-boy-oh-so-natural-apple-with-tasty-chicken-85g', 'product_name': 'Good Boy Natural Apple with Tasty Chicken Dog Treats 85g', 'product_price': '£3.00', 'product_additionals': '£35.29 / kg'}, {'shop': 'tesco', 'url': 'https://www.tesco.com/groceries/en-GB/products/304868625', 'product_name': 'Goodbelly Oat Flakes With Apple & Cranberry 350G', 'product_price': '£ 3.50', 'product_additionals': '£1.00/100g'}, {'shop': 'asda', 'url': 'https://groceries.asda.com/product/910000543852', 'product_name': "Goodfella's Thin Ham & Pineapple Pizza", 'product_price': '£1.75', 'product_additionals': 'No weight data'}, {'shop': 'tesco', 'url': 'https://www.tesco.com/groceries/en-GB/products/304369299', 'product_name': 'Gran Luchito Crunchy Jalapeno & Pineapple 215G', 'product_price': '£ 2.00', 'product_additionals': '£1.74/100g DR.WT'}, {'shop': 'tesco', 'url': 'https://www.tesco.com/groceries/en-GB/products/301107472', 'product_name': 'Growers Harvest Apple Juice 3X200ml', 'product_price': '£ 0.40', 'product_additionals': '£0.07/100ml'}, {'shop': 'tesco', 'url': 'https://www.tesco.com/groceries/en-GB/products/301219535', 'product_name': 'Growers Harvest Apple Juice Drink 1 Litre', 'product_price': '£ 0.55', 'product_additionals': '£0.06/100ml'}, {'shop': 'tesco', 'url': 'https://www.tesco.com/groceries/en-GB/products/306927609', 'product_name': 'Growers Harvest Pineapple In A Light Syrup 425G', 'product_price': '£ 0.65', 'product_additionals': '£0.25/100g DR.WT'}, {'shop': 'tesco', 'url': 'https://www.tesco.com/groceries/en-GB/products/300473931', 'product_name': 'Growers Harvest Pure Apple Juice 1 Litre', 'product_price': '£ 0.69', 'product_additionals': '£0.07/100ml'}, {'shop': 'tesco', 'url': 'https://www.tesco.com/groceries/en-GB/products/301219495', 'product_name': 'Growers Harvest Pure Apple Juice 1 Litre', 'product_price': '£ 0.59', 'product_additionals': '£0.06/100ml'}, {'shop': 'tesco', 'url': 'https://www.tesco.com/groceries/en-GB/products/300474095', 'product_name': 'Growers Harvest Pure Apple Juice 2 Litre', 'product_price': '£ 1.35', 'product_additionals': '£0.07/100ml'}, {'shop': 'sains', 'url': 'https://www.sainsburys.co.uk/shop/gb/groceries/product/details/vegetarian-food/gu-hot-puds-apple-salted-caramel-sponge-2x82g', 'product_name': 'Gü Hot Apple & Salted Caramel Sponge Desserts 2x82g', 'product_price': '£3.30', 'product_additionals': '£2.01 / 100g'}, {'shop': 'asda', 'url': 'https://groceries.asda.com/product/910001525835', 'product_name': 'Happy Monkey Apple & Blackcurrant Smoothie', 'product_price': '£2.00', 'product_additionals': 'No weight data'}, {'shop': 'asda', 'url': 'https://groceries.asda.com/product/910000442252', 'product_name': "Hartley's 10 Cal Apple & Watermelon Flavour Jelly", 'product_price': '£0.50', 'product_additionals': '(28.6p/100g)'}, {'shop': 'asda', 'url': 'https://groceries.asda.com/product/1000136120575', 'product_name': "Hartley's Best of Pineapple Jam", 'product_price': '£1.00', 'product_additionals': '(33.3p/100g)'}, {'shop': 'asda', 'url': 'https://groceries.asda.com/product/910001390377', 'product_name': "Hartley's Jelly Pineapple Flavour", 'product_price': '£0.50', 'product_additionals': '(40.0p/100g)'}, {'shop': 'asda', 'url': 'https://groceries.asda.com/product/910001389140', 'product_name': "Hartley's No Added Sugar Jelly Apple Flavour", 'product_price': '£0.50', 'product_additionals': '(43.5p/100g)'}, {'shop': 'asda', 'url': 'https://groceries.asda.com/product/910001952864', 'product_name': "Hartley's Pineapple Flavour Jelly", 'product_price': '£0.55', 'product_additionals': '(40.7p/100g)'}, {'shop': 'asda', 'url': 'https://groceries.asda.com/product/910000027400', 'product_name': "Hartley's Pineapple in Jelly", 'product_price': '£0.72', 'product_additionals': '(41.1p/100g)'}, {'shop': 'tesco', 'url': 'https://www.tesco.com/groceries/en-GB/products/253520878', 'product_name': 'Hartleys Best Pineapple Jam 340G', 'product_price': '£ 1.00', 'product_additionals': '£0.30/100g'}, {'shop': 'tesco', 'url': 'https://www.tesco.com/groceries/en-GB/products/264772194', 'product_name': 'Hartleys Pineapple In Jelly 175G', 'product_price': '£ 0.60', 'product_additionals': '£0.34/100g'}, {'shop': 'asda', 'url': 'https://groceries.asda.com/product/1000132865960', 'product_name': 'Hawkes Urban Orchard Apple Cider', 'product_price': '£5.00', 'product_additionals': '(£3.79/lt)'}, {'shop': 'asda', 'url': 'https://groceries.asda.com/product/910001461224', 'product_name': 'Hazerbaba Turkish Apple Tea', 'product_price': '£3.09', 'product_additionals': '(£1.24/100g)'}, {'shop': 'sains', 'url': 'https://www.sainsburys.co.uk/shop/gb/groceries/product/details/bigger-packs-/head---shoulder-apple-2-in-1-450ml', 'product_name': 'Head & Shoulders Apple Anti-Dandruff 2 in 1 Shampoo 450ml', 'product_price': '£4.50', 'product_additionals': '£1.00 / 100ml'}, {'shop': 'asda', 'url': 'https://groceries.asda.com/product/910001269784', 'product_name': 'Head & Shoulders Apple Fresh 2-in-1 Anti Dandruff Shampoo', 'product_price': '£4.75', 'product_additionals': '(£1.06/100ml)'}, {'shop': 'asda', 'url': 'https://groceries.asda.com/product/910000800928', 'product_name': 'Head & Shoulders Apple Fresh Anti Dandruff Shampoo', 'product_price': '£4.75', 'product_additionals': '(95.0p/100ml)'}, {'shop': 'asda', 'url': 'https://groceries.asda.com/product/910000800372', 'product_name': 'Head & Shoulders Apple Fresh Anti Dandruff Shampoo', 'product_price': '£3.00', 'product_additionals': '(£1.20/100ml)'}, {'shop': 'asda', 'url': 'https://groceries.asda.com/product/1000121450050', 'product_name': 'Head & Shoulders Apple Fresh Anti-Dandruff Shampoo', 'product_price': '£1.50', 'product_additionals': 'No weight data'}, {'shop': 'tesco', 'url': 'https://www.tesco.com/groceries/en-GB/products/303607038', 'product_name': 'Head & Shoulders Apple Fresh Conditioner 275Ml', 'product_price': '£ 5.00', 'product_additionals': '£1.82/100ml'}, {'shop': 'tesco', 'url': 'https://www.tesco.com/groceries/en-GB/products/272892903', 'product_name': 'Head & Shoulders Apple Fresh Shampoo 500Ml', 'product_price': '£ 5.00', 'product_additionals': '£1.00/100ml'}, {'shop': 'tesco', 'url': 'https://www.tesco.com/groceries/en-GB/products/306806086', 'product_name': 'Heck Meat Free Apple Chipolatas 300G', 'product_price': '£ 2.00', 'product_additionals': '£6.67/kg'}, {'shop': 'tesco', 'url': 'https://www.tesco.com/groceries/en-GB/products/288988032', 'product_name': 'Heinz Apple & Blackcurrant Juice 500Ml', 'product_price': '£ 1.50', 'product_additionals': '£0.30/100ml'}, {'shop': 'asda', 'url': 'https://groceries.asda.com/product/1000246461969', 'product_name': 'Heinz Apple & Cucumber Fruit Pouch 6+ Months', 'product_price': '£0.80', 'product_additionals': 'No weight data'}, {'shop': 'tesco', 'url': 'https://www.tesco.com/groceries/en-GB/products/305745775', 'product_name': 'Heinz Apple & Cucumber Pouch 100G', 'product_price': '£ 1.00', 'product_additionals': '£10.00/kg'}, {'shop': 'tesco', 'url': 'https://www.tesco.com/groceries/en-GB/products/305745838', 'product_name': 'Heinz Apple & Yogurt Jar 120G', 'product_price': '£ 0.65', 'product_additionals': '£5.42/kg'}, {'shop': 'tesco', 'url': 'https://www.tesco.com/groceries/en-GB/products/264154471', 'product_name': 'Heinz Apple Biscotti 60G', 'product_price': '£ 0.70', 'product_additionals': '£11.67/kg'}, {'shop': 'asda', 'url': 'https://groceries.asda.com/product/910000038638', 'product_name': 'Heinz Apple Biscotti 7+ Months', 'product_price': '£0.67', 'product_additionals': 'No weight data'}, {'shop': 'tesco', 'url': 'https://www.tesco.com/groceries/en-GB/products/289132272', 'product_name': 'Heinz Apple Juice 150Ml', 'product_price': '£ 0.79', 'product_additionals': '£5.27/litre'}, {'shop': 'asda', 'url': 'https://groceries.asda.com/product/1000246462060', 'product_name': 'Heinz Apple, Banana & Cereal Fruit Pouch 6+ Months', 'product_price': '£0.80', 'product_additionals': 'No weight data'}, {'shop': 'asda', 'url': 'https://groceries.asda.com/product/1000246462080', 'product_name': 'Heinz Apple, Banana & Watermelon Fruit Pouch 6+ Months', 'product_price': '£0.80', 'product_additionals': 'No weight data'}, {'shop': 'asda', 'url': 'https://groceries.asda.com/product/1000246462072', 'product_name': 'Heinz Apple, Carrot & Mango Fruit Pouch 6+ Months', 'product_price': '£0.80', 'product_additionals': 'No weight data'}, {'shop': 'asda', 'url': 'https://groceries.asda.com/product/1000019306782', 'product_name': 'Heinz By Nature Apple & Blueberries 4+ Months', 'product_price': '£0.80', 'product_additionals': 'No weight data'}, {'shop': 'asda', 'url': 'https://groceries.asda.com/product/1000019306941', 'product_name': 'Heinz By Nature Apple & Oat Pudding 4+ Months', 'product_price': '£1.20', 'product_additionals': 'No weight data'}, {'shop': 'asda', 'url': 'https://groceries.asda.com/product/1000019306823', 'product_name': 'Heinz By Nature Apple & Strawberry 4+ Months', 'product_price': '£0.80', 'product_additionals': 'No weight data'}, {'shop': 'asda', 'url': 'https://groceries.asda.com/product/1000195178682', 'product_name': 'Heinz By Nature Apple & Yogurt 6+ Months', 'product_price': '£0.65', 'product_additionals': 'No weight data'}, {'shop': 'tesco', 'url': 'https://www.tesco.com/groceries/en-GB/products/304379766', 'product_name': 'Heinz By Nature Apple Banana Apricot 4 Month Plus 4 X 100G', 'product_price': '£ 1.35', 'product_additionals': '£3.38/kg'}, {'shop': 'asda', 'url': 'https://groceries.asda.com/product/1000195178733', 'product_name': 'Heinz By Nature Apple, Apricot, Banana & Orange 6+ Months', 'product_price': '£0.65', 'product_additionals': 'No weight data'}, {'shop': 'asda', 'url': 'https://groceries.asda.com/product/1000123650072', 'product_name': 'Heinz By Nature Apple, Banana & Apricot 4+ Months', 'product_price': '£1.20', 'product_additionals': 'No weight data'}, {'shop': 'asda', 'url': 'https://groceries.asda.com/product/1000019306634', 'product_name': 'Heinz By Nature Apple, Pear & Banana 4+ Months', 'product_price': '£0.80', 'product_additionals': 'No weight data'}, {'shop': 'asda', 'url': 'https://groceries.asda.com/product/1000019306867', 'product_name': 'Heinz By Nature Peach, Mango, Banana & Apple 4+ Months', 'product_price': '£0.80', 'product_additionals': 'No weight data'}, {'shop': 'asda', 'url': 'https://groceries.asda.com/product/1000019306770', 'product_name': 'Heinz By Nature Peach, Mango, Banana & Apple 4+ Months', 'product_price': '£3.00', 'product_additionals': 'No weight data'}, {'shop': 'asda', 'url': 'https://groceries.asda.com/product/1000019306976', 'product_name': 'Heinz By Nature Strawberry, Banana, Raspberry & Apple 4+ Months', 'product_price': '£0.80', 'product_additionals': 'No weight data'}, {'shop': 'asda', 'url': 'https://groceries.asda.com/product/1000019306623', 'product_name': 'Heinz By Nature Strawberry, Banana, Raspberry & Apple 4+ Months', 'product_price': '£3.00', 'product_additionals': 'No weight data'}, {'shop': 'tesco', 'url': 'https://www.tesco.com/groceries/en-GB/products/278234073', 'product_name': 'Heinz Fruit Pouch Apple & Blueberry 100G', 'product_price': '£ 1.00', 'product_additionals': '£1.00/100g'}, {'shop': 'tesco', 'url': 'https://www.tesco.com/groceries/en-GB/products/276867536', 'product_name': 'Heinz Fruit Pouch Apple Mango 100G', 'product_price': '£ 1.00', 'product_additionals': '£1.00/100g'}, {'shop': 'asda', 'url': 'https://groceries.asda.com/product/910001991932', 'product_name': 'Heinz Fruity! Spring Water Apple & Blackcurrant 6+ Months', 'product_price': '£1.20', 'product_additionals': 'No weight data'}, {'shop': 'asda', 'url': 'https://groceries.asda.com/product/910001992506', 'product_name': 'Heinz Fruity! Spring Water Apple 6+ Months', 'product_price': '£1.20', 'product_additionals': 'No weight data'}, {'shop': 'asda', 'url': 'https://groceries.asda.com/product/910002650083', 'product_name': 'Heinz Oat & Apple Baby Porridge 6+ Months', 'product_price': '£2.95', 'product_additionals': 'No weight data'}, {'shop': 'sains', 'url': 'https://www.sainsburys.co.uk/shop/gb/groceries/product/details/price-lock-baby-toddler/heinz-oat---apple-porridge-240g-4-month', 'product_name': 'Heinz Oat & Apple porridge 240g 4 Month+', 'product_price': '£2.65', 'product_additionals': '£1.10 / 100g'}, {'shop': 'tesco', 'url': 'https://www.tesco.com/groceries/en-GB/products/299234162', 'product_name': 'Heinz Pear & Apple Custard 4X100g', 'product_price': '£ 1.60', 'product_additionals': '£4.00/kg'}, {'shop': 'asda', 'url': 'https://groceries.asda.com/product/1000111689972', 'product_name': 'HiPP Apple & Banana Swiss Style Muesli Baby Cereal 7+ Months', 'product_price': '£2.15', 'product_additionals': 'No weight data'}, {'shop': 'asda', 'url': 'https://groceries.asda.com/product/1000111689989', 'product_name': 'HiPP Multigrain Apple Porridge Baby Cereal 7+ Months', 'product_price': '£2.15', 'product_additionals': 'No weight data'}, {'shop': 'sains', 'url': 'https://www.sainsburys.co.uk/shop/gb/groceries/product/details/all-price-lock/hipp-organic-rice-pudding-with-apple-pear-7-months-160g', 'product_name': 'Hipp Organic Rice Pudding with Apple & Pear 7+ Months 160g', 'product_price': '70p', 'product_additionals': '44p / 100g'}, {'shop': 'asda', 'url': 'https://groceries.asda.com/product/1000028748583', 'product_name': 'HiPP Rice Pudding With Apple & Pear Baby Food Jar 7+ Months', 'product_price': '£0.85', 'product_additionals': 'No weight data'}, {'shop': 'sains', 'url': 'https://www.sainsburys.co.uk/shop/gb/groceries/product/details/aldi-price-match/sainsburys-apple---blackcurrant-squash--basics-no-added-sugar-750ml', 'product_name': "Hubbard's Foodstore Double Strength Apple & Blackcurrant Squash 750ml", 'product_price': '40p', 'product_additionals': '5p / 100ml'}, {'shop': 'tesco', 'url': 'https://www.tesco.com/groceries/en-GB/products/302275857', 'product_name': 'Ilchester Applewood Smoked Cheddar 170G', 'product_price': '£ 2.20', 'product_additionals': '£12.95/kg'}, {'shop': 'tesco', 'url': 'https://www.tesco.com/groceries/en-GB/products/264014086', 'product_name': 'Ilchester Applewood Smoked Cheddar 185G', 'product_price': '£ 2.10', 'product_additionals': '£11.36/kg'}, {'shop': 'tesco', 'url': 'https://www.tesco.com/groceries/en-GB/products/288178014', 'product_name': 'Innocent Apple & Berry Juice 1.35L', 'product_price': '£ 3.20', 'product_additionals': '£0.24/100ml'}, {'shop': 'tesco', 'url': 'https://www.tesco.com/groceries/en-GB/products/276683488', 'product_name': 'Innocent Apple And Mango Juice 1.35 Litre', 'product_price': '£ 3.20', 'product_additionals': '£0.24/100ml'}, {'shop': 'asda', 'url': 'https://groceries.asda.com/product/1000165446598', 'product_name': 'Innocent Apple Juice', 'product_price': '£2.00', 'product_additionals': 'No weight data'}, {'shop': 'tesco', 'url': 'https://www.tesco.com/groceries/en-GB/products/272489114', 'product_name': 'Innocent Apple Juice 1.35L', 'product_price': '£ 3.20', 'product_additionals': '£0.24/100ml'}, {'shop': 'tesco', 'url': 'https://www.tesco.com/groceries/en-GB/products/268219251', 'product_name': 'Innocent Apple Juice 900Ml', 'product_price': '£ 2.49', 'product_additionals': '£0.28/100ml'}, {'shop': 'tesco', 'url': 'https://www.tesco.com/groceries/en-GB/products/291746450', 'product_name': 'Innocent Bubbles Lemon Lime & Apple 330Ml', 'product_price': '£ 1.45', 'product_additionals': '£0.44/100ml'}, {'shop': 'tesco', 'url': 'https://www.tesco.com/groceries/en-GB/products/305530240', 'product_name': 'Innocent Kids Apple Juice 4X150ml', 'product_price': '£ 3.00', 'product_additionals': '£0.50/100ml'}, {'shop': 'tesco', 'url': 'https://www.tesco.com/groceries/en-GB/products/305251351', 'product_name': 'Innocent Kids Orange Mango & Pineapple 10X150ml', 'product_price': '£ 5.99', 'product_additionals': '£0.40/100ml'}, {'shop': 'tesco', 'url': 'https://www.tesco.com/groceries/en-GB/products/305529830', 'product_name': 'Innocent Kids Orange Mango & Pineapple 4X150ml', 'product_price': '£ 3.00', 'product_additionals': '£0.50/100ml'}, {'shop': 'tesco', 'url': 'https://www.tesco.com/groceries/en-GB/products/305524599', 'product_name': 'Innocent Kids Pineapple Apple & Carrot 4X150ml', 'product_price': '£ 3.00', 'product_additionals': '£0.50/100ml'}, {'shop': 'tesco', 'url': 'https://www.tesco.com/groceries/en-GB/products/305524927', 'product_name': 'Innocent Kids Smoothies Apple & Blackcurrant 4X150ml', 'product_price': '£ 3.00', 'product_additionals': '£0.50/100ml'}, {'shop': 'sains', 'url': 'https://www.sainsburys.co.uk/shop/gb/groceries/product/details/dairy-and-chilled-essentials/innocent-kids-strawberry-raspb-4x150ml', 'product_name': 'Innocent Kids Smoothies, Strawberries, Raspberries & Apples 4x150ml', 'product_price': '£3.00', 'product_additionals': '50p / 100ml'}, {'shop': 'tesco', 'url': 'https://www.tesco.com/groceries/en-GB/products/305522492', 'product_name': 'Innocent Kids Strawberry Apple & Beetroot 4X150ml', 'product_price': '£ 3.00', 'product_additionals': '£0.50/100ml'}, {'shop': 'tesco', 'url': 'https://www.tesco.com/groceries/en-GB/products/305251564', 'product_name': 'Innocent Kids Strawberry Raspberry & Apple 10X150ml', 'product_price': '£ 5.99', 'product_additionals': '£0.40/100ml'}, {'shop': 'tesco', 'url': 'https://www.tesco.com/groceries/en-GB/products/305249700', 'product_name': 'Innocent Kids Strawberry Raspberry & Apple 4X150ml', 'product_price': '£ 3.00', 'product_additionals': '£0.50/100ml'}, {'shop': 'asda', 'url': 'https://groceries.asda.com/product/1000197663906', 'product_name': "Innocent Kids' Apple & Blackcurrant Smoothies", 'product_price': '£2.00', 'product_additionals': '(33.3p/100ml)'}, {'shop': 'asda', 'url': 'https://groceries.asda.com/product/1000197663912', 'product_name': "Innocent Kids' Cherry, Strawberry & Apple Smoothies", 'product_price': '£2.00', 'product_additionals': '(33.3p/100ml)'}, {'shop': 'asda', 'url': 'https://groceries.asda.com/product/1000197663836', 'product_name': "Innocent Kids' Orange, Mangoe & Pineapple Smoothies", 'product_price': '£2.00', 'product_additionals': '(33.3p/100ml)'}, {'shop': 'asda', 'url': 'https://groceries.asda.com/product/1000197663814', 'product_name': "Innocent Kids' Strawberry, Raspberry & Apple Smoothies", 'product_price': '£2.00', 'product_additionals': '(33.3p/100ml)'}, {'shop': 'asda', 'url': 'https://groceries.asda.com/product/910000485060', 'product_name': 'Innocent Pineapple Banana & Coconut Smoothie', 'product_price': '£2.00', 'product_additionals': 'No weight data'}, {'shop': 'asda', 'url': 'https://groceries.asda.com/product/1000231165295', 'product_name': 'Innocent Smoothies Just for Kids Oranges, Mangoes & Pineapples', 'product_price': '£6.00', 'product_additionals': 'No weight data'}, {'shop': 'asda', 'url': 'https://groceries.asda.com/product/1000231165272', 'product_name': 'Innocent Smoothies Just for Kids Strawberries, Raspberries & Apples', 'product_price': '£6.00', 'product_additionals': 'No weight data'}, {'shop': 'tesco', 'url': 'https://www.tesco.com/groceries/en-GB/products/298358149', 'product_name': 'J20 Apple & Mango 6X275ml', 'product_price': '£ 6.00', 'product_additionals': '£0.36/100ml'}, {'shop': 'tesco', 'url': 'https://www.tesco.com/groceries/en-GB/products/298358063', 'product_name': 'J20 Apple & Raspberry 275Ml X 6', 'product_price': '£ 6.00', 'product_additionals': '£0.36/100ml'}, {'shop': 'tesco', 'url': 'https://www.tesco.com/groceries/en-GB/products/275522226', 'product_name': 'J20 Apple & Raspberry Cans 6 X 250Ml', 'product_price': '£ 3.00', 'product_additionals': '£0.20/100ml'}, {'shop': 'tesco', 'url': 'https://www.tesco.com/groceries/en-GB/products/306951097', 'product_name': 'J20 Spritz Apple & Elderflower Juice Drink 6X275ml', 'product_price': '£ 6.00', 'product_additionals': '£0.36/100ml'}, {'shop': 'tesco', 'url': 'https://www.tesco.com/groceries/en-GB/products/305968309', 'product_name': 'J20 Spritz Apple & Watermelon 4X250ml', 'product_price': '£ 2.00', 'product_additionals': '£0.20/100ml'}, {'shop': 'asda', 'url': 'https://groceries.asda.com/product/1000194987914', 'product_name': 'J2O Apple & Elderflower Spritz 4 Pack', 'product_price': '£3.50', 'product_additionals': '(31.8p/100ml)'}, {'shop': 'asda', 'url': 'https://groceries.asda.com/product/624072', 'product_name': 'J2O Apple & Mango Juice Drink', 'product_price': '£3.50', 'product_additionals': '(31.8p/100ml)'}, {'shop': 'sains', 'url': 'https://www.sainsburys.co.uk/shop/gb/groceries/product/details/all-easter-/j2o-apple---mango-4x275ml', 'product_name': 'J2O Apple & Mango Juice Drink 4x275ml', 'product_price': '£3.50', 'product_additionals': '32p / 100ml'}, {'shop': 'sains', 'url': 'https://www.sainsburys.co.uk/shop/gb/groceries/product/details/easter-special-offers/j2o-apple---mango-4x275ml', 'product_name': 'J2O Apple & Mango Juice Drink 4x275ml', 'product_price': '£3.50', 'product_additionals': '32p / 100ml'}, {'shop': 'asda', 'url': 'https://groceries.asda.com/product/7507940', 'product_name': 'J2O Apple & Raspberry Juice Drink', 'product_price': '£3.50', 'product_additionals': '(31.8p/100ml)'}, {'shop': 'sains', 'url': 'https://www.sainsburys.co.uk/shop/gb/groceries/product/details/easterlunch/j2o-apple---raspberry-4x275ml', 'product_name': 'J2O Apple & Raspberry Juice Drink 4x275ml', 'product_price': '£3.50', 'product_additionals': '32p / 100ml'}, {'shop': 'sains', 'url': 'https://www.sainsburys.co.uk/shop/gb/groceries/product/details/all-easter-/j2o-apple---raspberry-4x275ml', 'product_name': 'J2O Apple & Raspberry Juice Drink 4x275ml', 'product_price': '£3.50', 'product_additionals': '32p / 100ml'}, {'shop': 'asda', 'url': 'https://groceries.asda.com/product/1000027214032', 'product_name': 'J2O Spritz Apple & Watermelon Sparkling Juice Drink', 'product_price': '£3.50', 'product_additionals': '(31.8p/100ml)'}, {'shop': 'asda', 'url': 'https://groceries.asda.com/product/910001797400', 'product_name': 'J2O Spritz Apple & Watermelon Sparkling Juice Drink', 'product_price': '£1.00', 'product_additionals': '(13.3p/100ml)'}, {'shop': 'tesco', 'url': 'https://www.tesco.com/groceries/en-GB/products/299914158', 'product_name': 'J2o Spritz Apple Watermelon 6X275ml', 'product_price': '£ 6.00', 'product_additionals': '£0.36/100ml'}, {'shop': 'asda', 'url': 'https://groceries.asda.com/product/1000197472250', 'product_name': "Jack Daniel's Tennessee Apple", 'product_price': '£25.00', 'product_additionals': '(£35.71/lt)'}, {'shop': 'tesco', 'url': 'https://www.tesco.com/groceries/en-GB/products/267765676', 'product_name': 'Jammin Sparkling Pineapple Drink 2 Litres', 'product_price': '£ 0.90', 'product_additionals': '£0.04/100ml'}, {'shop': 'asda', 'url': 'https://groceries.asda.com/product/1000120961286', 'product_name': 'Jealous Sweets Grizzly Bears Lemon, Apple, Orange & Strawberry', 'product_price': '£2.00', 'product_additionals': 'No weight data'}, {'shop': 'asda', 'url': 'https://groceries.asda.com/product/1000120961322', 'product_name': 'Jealous Sweets Tangy Worms Apple, Lemon, Strawberry & Orange', 'product_price': '£2.00', 'product_additionals': 'No weight data'}, {'shop': 'asda', 'url': 'https://groceries.asda.com/product/1000120961445', 'product_name': 'Jealous Sweets Tropic Wonder Mango, Melon, Pineapple & Grapefruit', 'product_price': '£2.00', 'product_additionals': 'No weight data'}, {'shop': 'asda', 'url': 'https://groceries.asda.com/product/910002073931', 'product_name': 'Jim Beam Apple Bourbon', 'product_price': '£14.00', 'product_additionals': 'No weight data'}, {'shop': 'tesco', 'url': 'https://www.tesco.com/groceries/en-GB/products/303717392', 'product_name': 'Juice Apple Lightning - Type C 2m Charging Cable White', 'product_price': '£ 18.00', 'product_additionals': '£18.00/each'}, {'shop': 'tesco', 'url': 'https://www.tesco.com/groceries/en-GB/products/306758706', 'product_name': 'Juice Apple Lightning 15cm Charging Cable Coral', 'product_price': '£ 11.00', 'product_additionals': '£11.00/each'}, {'shop': 'tesco', 'url': 'https://www.tesco.com/groceries/en-GB/products/306782106', 'product_name': 'Juice Apple Lightning 1m Charging Cable Aqua', 'product_price': '£ 15.00', 'product_additionals': '£15.00/each'}, {'shop': 'tesco', 'url': 'https://www.tesco.com/groceries/en-GB/products/306782112', 'product_name': 'Juice Apple Lightning 1m Charging Cable Coral', 'product_price': '£ 15.00', 'product_additionals': '£15.00/each'}, {'shop': 'tesco', 'url': 'https://www.tesco.com/groceries/en-GB/products/294102482', 'product_name': 'Juice Apple Lightning 2m Charging Cable Aqua', 'product_price': '£ 16.00', 'product_additionals': '£16.00/each'}, {'shop': 'tesco', 'url': 'https://www.tesco.com/groceries/en-GB/products/294102499', 'product_name': 'Juice Apple Lightning 2m Charging Cable Coral', 'product_price': '£ 16.00', 'product_additionals': '£16.00/each'}, {'shop': 'tesco', 'url': 'https://www.tesco.com/groceries/en-GB/products/303717363', 'product_name': 'Juice Apple Lightning 3m Braided Charging Cable Rose Gold', 'product_price': '£ 20.00', 'product_additionals': '£20.00/each'}, {'shop': 'tesco', 'url': 'https://www.tesco.com/groceries/en-GB/products/296004140', 'product_name': 'Juice Apple Lightning 3m Charging Cable Aqua', 'product_price': '£ 18.00', 'product_additionals': '£18.00/each'}, {'shop': 'tesco', 'url': 'https://www.tesco.com/groceries/en-GB/products/294102516', 'product_name': 'Juice Apple Lightning 3m Charging Cable Black', 'product_price': '£ 18.00', 'product_additionals': '£18.00/each'}, {'shop': 'tesco', 'url': 'https://www.tesco.com/groceries/en-GB/products/306942655', 'product_name': 'Juice Burst Apple Juice 1L', 'product_price': '£ 1.25', 'product_additionals': '£0.12/100ml'}, {'shop': 'tesco', 'url': 'https://www.tesco.com/groceries/en-GB/products/276003678', 'product_name': 'K.A. Sparkling Pineapple Drink 2 Litre', 'product_price': '£ 1.35', 'product_additionals': '£0.07/100ml'}, {'shop': 'tesco', 'url': 'https://www.tesco.com/groceries/en-GB/products/275389752', 'product_name': 'K.A. Sparkling Pineapple Soda Can 330Ml', 'product_price': '£ 0.37', 'product_additionals': '£0.11/100ml'}, {'shop': 'asda', 'url': 'https://groceries.asda.com/product/910000905534', 'product_name': 'KA Sparkling Pineapple Flavour Drink', 'product_price': '£0.49', 'product_additionals': '(14.8p/100ml)'}, {'shop': 'asda', 'url': 'https://groceries.asda.com/product/910000934279', 'product_name': 'KA Sparkling Pineapple Juice Drink', 'product_price': '£1.25', 'product_additionals': '(6.2p/100ml)'}, {'shop': 'asda', 'url': 'https://groceries.asda.com/product/910000395872', 'product_name': "Kellogg's Nutri-Grain Fruity Apple Breakfast Bars", 'product_price': '£2.19', 'product_additionals': '(98.7p/100g)'}, {'shop': 'coop', 'url': 'https://www.coop.co.uk/products/kelloggs-w-k-k-kids-strawberry-and-apple-350g', 'product_name': "Kellogg's W.K.K. Kids Strawberry & Apple 350g", 'product_price': '£3', 'product_additionals': '350g (57.1p per 100g)'}, {'shop': 'coop', 'url': 'https://www.coop.co.uk/products/kelloggs-wk-k-kids-blueberry-and-apple-350g', 'product_name': "Kellogg's WK.K Kids Blueberry & Apple 350g", 'product_price': '£3', 'product_additionals': '350g (57.1p per 100g)'}, {'shop': 'tesco', 'url': 'https://www.tesco.com/groceries/en-GB/products/304177918', 'product_name': "Kellogg's Wkk Apple&Pumpkin Bar 4X30g", 'product_price': '£ 2.49', 'product_additionals': '£2.08/100g'}, {'shop': 'tesco', 'url': 'https://www.tesco.com/groceries/en-GB/products/305867999', 'product_name': "Kellogg's Wkk Kids Blueberry & Apple 350G", 'product_price': '£ 3.00', 'product_additionals': '£8.58/kg'}, {'shop': 'tesco', 'url': 'https://www.tesco.com/groceries/en-GB/products/305868353', 'product_name': "Kellogg's Wkk Kids Strawbrry Apple & Carrot 350G", 'product_price': '£ 3.00', 'product_additionals': '£8.58/kg'}, {'shop': 'sains', 'url': 'https://www.sainsburys.co.uk/shop/gb/groceries/product/details/all-future-brands/kevita-master-brew-kombucha-pineapple-peach-450ml', 'product_name': 'KeVita Master Brew Kombucha Pineapple Peach 450ml', 'product_price': '£3.00', 'product_additionals': '67p / 100ml'}, {'shop': 'sains', 'url': 'https://www.sainsburys.co.uk/shop/gb/groceries/product/details/vegan-drink/kevita-master-brew-kombucha-pineapple-peach-450ml', 'product_name': 'KeVita Master Brew Kombucha Pineapple Peach 450ml', 'product_price': '£3.00', 'product_additionals': '67p / 100ml'}, {'shop': 'tesco', 'url': 'https://www.tesco.com/groceries/en-GB/products/305250375', 'product_name': 'Kiddylicious Apple & Carrot Rice Crispy Sticks 6 X 10G', 'product_price': '£ 2.75', 'product_additionals': '£45.84/kg'}, {'shop': 'tesco', 'url': 'https://www.tesco.com/groceries/en-GB/products/296704740', 'product_name': 'Kiddylicious Apple Bakes 6 X 22G', 'product_price': '£ 2.20', 'product_additionals': '£1.67/100g'}, {'shop': 'asda', 'url': 'https://groceries.asda.com/product/910000038634', 'product_name': 'Kiddylicious Apple Crisps 12+ Months', 'product_price': '£1.75', 'product_additionals': 'No weight data'}, {'shop': 'asda', 'url': 'https://groceries.asda.com/product/910001707250', 'product_name': 'Kiddylicious Apple Fruit Wriggles 12+ Months', 'product_price': '£1.75', 'product_additionals': 'No weight data'}, {'shop': 'asda', 'url': 'https://groceries.asda.com/product/910000447514', 'product_name': 'Kiddylicious Apple Fruit Wriggles 12+ Months', 'product_price': '£0.50', 'product_additionals': '(£4.17/100g)'}, {'shop': 'tesco', 'url': 'https://www.tesco.com/groceries/en-GB/products/271394573', 'product_name': 'Kiddylicious Apple Fruit Wriggles 12G', 'product_price': '£ 0.55', 'product_additionals': '£45.84/kg'}, {'shop': 'asda', 'url': 'https://groceries.asda.com/product/910003257677', 'product_name': 'Kiddylicious Apple Fruity Bakes 12+ Months', 'product_price': '£2.00', 'product_additionals': 'No weight data'}, {'shop': 'tesco', 'url': 'https://www.tesco.com/groceries/en-GB/products/301892709', 'product_name': 'Kiddylicious Apple Soft Biscotti 6X20g', 'product_price': '£ 2.20', 'product_additionals': '£18.34/kg'}, {'shop': 'tesco', 'url': 'https://www.tesco.com/groceries/en-GB/products/305253176', 'product_name': 'Kiddylicious Juicy Fruit Bars Pineapple & Coconut 100G', 'product_price': '£ 2.35', 'product_additionals': '£23.50/kg'}, {'shop': 'asda', 'url': 'https://groceries.asda.com/product/1000195178876', 'product_name': 'Kiddylicious Pineapple, Coconut & Mango Juicy Fruit Bars 12+ Months', 'product_price': '£1.75', 'product_additionals': 'No weight data'}, {'shop': 'asda', 'url': 'https://groceries.asda.com/product/1000140301798', 'product_name': "Kirsty's Luxury Apple Pie", 'product_price': '£2.60', 'product_additionals': 'No weight data'}, {'shop': 'tesco', 'url': 'https://www.tesco.com/groceries/en-GB/products/304799764', 'product_name': "Kirsty's Luxury Apple Pie 322G", 'product_price': '£ 3.00', 'product_additionals': '£9.32/kg'}, {'shop': 'tesco', 'url': 'https://www.tesco.com/groceries/en-GB/products/280823888', 'product_name': 'Kubus Apple & Banana Mousse 100G', 'product_price': '£ 0.55', 'product_additionals': '£0.55/100g'}, {'shop': 'tesco', 'url': 'https://www.tesco.com/groceries/en-GB/products/279842342', 'product_name': 'Kubus Apple Banana Carrot & Strawberry Mousse 100G', 'product_price': '£ 0.55', 'product_additionals': '£0.55/100g'}, {'shop': 'tesco', 'url': 'https://www.tesco.com/groceries/en-GB/products/300413139', 'product_name': 'Kubus Carrot Banana & Apple 100% Juice 900Ml', 'product_price': '£ 1.20', 'product_additionals': '£0.13/100ml'}, {'shop': 'tesco', 'url': 'https://www.tesco.com/groceries/en-GB/products/300413174', 'product_name': 'Kubus Carrot Raspberry & Apple 100% Juice 900Ml', 'product_price': '£ 1.20', 'product_additionals': '£0.13/100ml'}, {'shop': 'asda', 'url': 'https://groceries.asda.com/product/910000332961', 'product_name': 'Kubus Carrot, Apple & Raspberry Multifruit Juice Drink', 'product_price': '£1.10', 'product_additionals': '(12.2p/100ml)'}, {'shop': 'asda', 'url': 'https://groceries.asda.com/product/910000332521', 'product_name': 'Kubus Carrot, Banana, Apple Multifruit Juice Drink', 'product_price': '£1.10', 'product_additionals': '(12.2p/100ml)'}, {'shop': 'tesco', 'url': 'https://www.tesco.com/groceries/en-GB/products/305247063', 'product_name': 'Kubus Still Water Apple Flavoured Drink 1.5L', 'product_price': '£ 1.35', 'product_additionals': '£0.09/100ml'}, {'shop': 'tesco', 'url': 'https://www.tesco.com/groceries/en-GB/products/306952597', 'product_name': "Libby's Pineapple Chunks In Juice 425G", 'product_price': '£ 0.80', 'product_additionals': '£3.08/kg DR.WT'}, {'shop': 'asda', 'url': 'https://groceries.asda.com/product/18995', 'product_name': 'Lilt Pineapple & Grapefruit', 'product_price': '£1.00', 'product_additionals': '(5.0p/100ml)'}, {'shop': 'asda', 'url': 'https://groceries.asda.com/product/6391525', 'product_name': 'Lilt Zero Pineapple & Grapefruit', 'product_price': '£1.00', 'product_additionals': '(5.0p/100ml)'}, {'shop': 'tesco', 'url': 'https://www.tesco.com/groceries/en-GB/products/306943971', 'product_name': 'Limehouse Apple And Cinnamon Gin 70Cl', 'product_price': '£ 15.00', 'product_additionals': '£21.43/litre'}, {'shop': 'sains', 'url': 'https://www.sainsburys.co.uk/shop/gb/groceries/product/details/special-offers-454372-44/linwoods-milled-chia-apple---cinnamon-200g', 'product_name': 'Linwoods Milled Chia Apple & Cinnamon 200g', 'product_price': '£4.00', 'product_additionals': '£2.00 / 100g'}, {'shop': 'sains', 'url': 'https://www.sainsburys.co.uk/shop/gb/groceries/product/details/all-organic-/little-freddie-organic-simply-pink-lady-apples-stage-1-4m-smooth-70g', 'product_name': 'Little Freddie Organic Simply Pink Lady Apples Stage 1 4m+ Smooth 70g', 'product_price': '£1.00', 'product_additionals': '£1.43 / 100g'}, {'shop': 'tesco', 'url': 'https://www.tesco.com/groceries/en-GB/products/306498944', 'product_name': 'Little Yeos Organic Apple & Pear Yogurt 90G', 'product_price': '£ 0.75', 'product_additionals': '£0.83/100g'}, {'shop': 'asda', 'url': 'https://groceries.asda.com/product/1000189643969', 'product_name': 'Longley Farm Apple Yogurt', 'product_price': '£0.42', 'product_additionals': '(28.0p/100g)'}, {'shop': 'tesco', 'url': 'https://www.tesco.com/groceries/en-GB/products/286212064', 'product_name': 'Loyd Grossman Creamy Cider & Apple 330G', 'product_price': '£ 2.00', 'product_additionals': '£0.61/100g'}, {'shop': 'asda', 'url': 'https://groceries.asda.com/product/1000121205646', 'product_name': 'Lucozade Energy Apple Blast', 'product_price': '£0.99', 'product_additionals': '(99.0p/lt)'}, {'shop': 'tesco', 'url': 'https://www.tesco.com/groceries/en-GB/products/302012311', 'product_name': 'Lucozade Energy Apple Blast 1 Litre', 'product_price': '£ 0.99', 'product_additionals': '£0.10/100ml'}, {'shop': 'coop', 'url': 'https://www.coop.co.uk/products/lucozade-energy-apple-blast-1-ltr', 'product_name': 'Lucozade Energy Apple Blast 1ltr', 'product_price': '£1.60', 'product_additionals': '1 Litre (10p per 100ml)'}, {'shop': 'tesco', 'url': 'https://www.tesco.com/groceries/en-GB/products/302012271', 'product_name': 'Lucozade Energy Apple Blast 500Ml', 'product_price': '£ 1.50', 'product_additionals': '£0.30/100ml'}, {'shop': 'tesco', 'url': 'https://www.tesco.com/groceries/en-GB/products/302012294', 'product_name': 'Lucozade Energy Apple Blast 6X380ml', 'product_price': '£ 3.00', 'product_additionals': '£0.13/100ml'}, {'shop': 'asda', 'url': 'https://groceries.asda.com/product/1000121205579', 'product_name': 'Lucozade Energy Croft Apple', 'product_price': '£2.50', 'product_additionals': '(11.0p/100ml)'}, {'shop': 'sains', 'url': 'https://www.sainsburys.co.uk/shop/gb/groceries/product/details/price-lock-drinks/lucozade-energy-croft-apple-1l-7966594-p', 'product_name': 'Lucozade Energy Croft Apple 1L', 'product_price': '£1.00', 'product_additionals': '10p / 100ml'}, {'shop': 'tesco', 'url': 'https://www.tesco.com/groceries/en-GB/products/304416723', 'product_name': 'Lucozade Sport Apple Vs Raspberry Fruit Punch 500Ml', 'product_price': '£ 1.45', 'product_additionals': '£0.29/100ml'}, {'shop': 'tesco', 'url': 'https://www.tesco.com/groceries/en-GB/products/271013490', 'product_name': 'Magners Apple Cider 10X440ml Can', 'product_price': '£ 8.00', 'product_additionals': '£1.82/litre'}, {'shop': 'tesco', 'url': 'https://www.tesco.com/groceries/en-GB/products/265213509', 'product_name': 'Magners Apple Cider 4X440ml Can', 'product_price': '£ 3.75', 'product_additionals': '£2.14/litre'}, {'shop': 'tesco', 'url': 'https://www.tesco.com/groceries/en-GB/products/274821041', 'product_name': 'Magners Apple Cider 8X500ml Bottle', 'product_price': '£ 9.00', 'product_additionals': '£2.25/litre'}, {'shop': 'asda', 'url': 'https://groceries.asda.com/product/910001186993', 'product_name': 'Magners Irish Cider Original Apple', 'product_price': '£3.47', 'product_additionals': '(£1.97/lt)'}, {'shop': 'asda', 'url': 'https://groceries.asda.com/product/910000994862', 'product_name': 'Magners Original Apple Irish Cider', 'product_price': '£7.00', 'product_additionals': '(£1.75/lt)'}, {'shop': 'asda', 'url': 'https://groceries.asda.com/product/79491465', 'product_name': 'Magners Original Apple Irish Cider', 'product_price': '£2.00', 'product_additionals': '(£3.52/lt)'}, {'shop': 'asda', 'url': 'https://groceries.asda.com/product/910001501520', 'product_name': 'Magners Original Apple Irish Cider Cans', 'product_price': '£13.00', 'product_additionals': '(£1.64/lt)'}, {'shop': 'asda', 'url': 'https://groceries.asda.com/product/910001270035', 'product_name': 'Magners Original Apple Irish Cider Cans', 'product_price': '£8.00', 'product_additionals': '(£1.82/lt)'}, {'shop': 'coop', 'url': 'https://www.coop.co.uk/products/magners-original-cans-10x440ml', 'product_name': 'Magners Original Apple Irish Cider Cans 10x440ml', 'product_price': '£9.75', 'product_additionals': '10x440ml (£2.22 per litre)\n10 pack'}, {'shop': 'asda', 'url': 'https://groceries.asda.com/product/910001170470', 'product_name': 'Malibu Caribbean Rum with Coconut & Pineapple Sparkling Pre-Mixed Drink', 'product_price': '£1.80', 'product_additionals': '(£7.20/lt)'}, {'shop': 'tesco', 'url': 'https://www.tesco.com/groceries/en-GB/products/278654860', 'product_name': 'Malibu Coconut Rum & Pineapple 250Ml Can', 'product_price': '£ 1.80', 'product_additionals': '£7.20/litre'}, {'shop': 'sains', 'url': 'https://www.sainsburys.co.uk/shop/gb/groceries/product/details/big-night-in/walls-twister-ice-cream-lolly-mini-8x50ml', 'product_name': 'Max Twister Mini Ice Cream Lolly Pineapple, Strawberry & Lemon 8x50ml', 'product_price': '£2.20', 'product_additionals': '55p / 100ml'}, {'shop': 'asda', 'url': 'https://groceries.asda.com/product/1000199388624', 'product_name': "McVitie's 10 Pineapple Jaffa Cakes", 'product_price': '£0.60', 'product_additionals': '(49.2p/100g)'}, {'shop': 'tesco', 'url': 'https://www.tesco.com/groceries/en-GB/products/305734834', 'product_name': "Mcvitie's Jaffa Cakes Pineapple Flavour 10 Pack", 'product_price': '£ 0.75', 'product_additionals': '£0.08/each'}, {'shop': 'tesco', 'url': 'https://www.tesco.com/groceries/en-GB/products/274983482', 'product_name': 'Melon & Pineapple Finger 300G', 'product_price': '£ 2.00', 'product_additionals': '£6.67/kg'}, {'shop': 'asda', 'url': 'https://groceries.asda.com/product/1000136352450', 'product_name': 'Merrydown Original Vintage Apple Cider', 'product_price': '£2.00', 'product_additionals': '(£2.67/lt)'}, {'shop': 'asda', 'url': 'https://groceries.asda.com/product/1000203425026', 'product_name': "Metcalfe's Jumbles Popcorn Toffee Apple Sharing Bag", 'product_price': '£1.25', 'product_additionals': 'No weight data'}, {'shop': 'asda', 'url': 'https://groceries.asda.com/product/1000109748125', 'product_name': 'Method Granite & Marble Cleaner Apple Orchard', 'product_price': '£4.00', 'product_additionals': '(£11.30/lt)'}, {'shop': 'sains', 'url': 'https://www.sainsburys.co.uk/shop/gb/groceries/product/details/all-yogurt/mia-ben-banana-mango-organic-100g', 'product_name': 'Mia & Ben Super Food for Kids Banana, Mango & Pineapple 6+ Months 100g', 'product_price': '£1.20', 'product_additionals': '£1.20 / 100g'}, {'shop': 'sains', 'url': 'https://www.sainsburys.co.uk/shop/gb/groceries/product/details/about-future-brands/mia-ben-banana-mango-organic-100g', 'product_name': 'Mia & Ben Super Food for Kids Banana, Mango & Pineapple 6+ Months 100g', 'product_price': '£1.20', 'product_additionals': '£1.20 / 100g'}, {'shop': 'sains', 'url': 'https://www.sainsburys.co.uk/shop/gb/groceries/product/details/organic-dairy-products/mia-ben-banana-mango-organic-100g', 'product_name': 'Mia & Ben Super Food for Kids Banana, Mango & Pineapple 6+ Months 100g', 'product_price': '£1.20', 'product_additionals': '£1.20 / 100g'}, {'shop': 'sains', 'url': 'https://www.sainsburys.co.uk/shop/gb/groceries/product/details/gluten-free-cereal/moma-apple-almond-cinnamon-65g', 'product_name': 'MOMA Apple, Almond & Cinnamon Porridge Pot 65g', 'product_price': '£1.15', 'product_additionals': '£1.77 / 100g'}, {'shop': 'tesco', 'url': 'https://www.tesco.com/groceries/en-GB/products/305988061', 'product_name': 'Moma Jumbo Oat Porridge Apple Date & Caramel 7 X 35G', 'product_price': '£ 2.90', 'product_additionals': '£1.19/100g'}, {'shop': 'tesco', 'url': 'https://www.tesco.com/groceries/en-GB/products/304380821', 'product_name': 'Mr Kipling 6Pack Apple Pear& Custard Crumble Tarts', 'product_price': '£ 2.25', 'product_additionals': '£0.38/each'}, {'shop': 'asda', 'url': 'https://groceries.asda.com/product/21009', 'product_name': 'Mr Kipling Apple & Blackcurrant Pies', 'product_price': '£1.80', 'product_additionals': '(30.0p/each)'}, {'shop': 'tesco', 'url': 'https://www.tesco.com/groceries/en-GB/products/254948250', 'product_name': 'Mr Kipling Apple & Blackcurrant Pies 6 Pack', 'product_price': '£ 1.80', 'product_additionals': '£0.30/each'}, {'shop': 'sains', 'url': 'https://www.sainsburys.co.uk/shop/gb/groceries/product/details/big-night-in/mr-kipling-apple---blackcurrant-pies-x6', 'product_name': 'Mr Kipling Apple & Blackcurrant Pies x6', 'product_price': '£1.00', 'product_additionals': '17p / ea'}, {'shop': 'asda', 'url': 'https://groceries.asda.com/product/21010', 'product_name': 'Mr Kipling Bramley Apple Pies', 'product_price': '£1.80', 'product_additionals': '(30.0p/each)'}, {'shop': 'tesco', 'url': 'https://www.tesco.com/groceries/en-GB/products/254948273', 'product_name': 'Mr Kipling Bramley Apple Pies 6 Pack', 'product_price': '£ 1.80', 'product_additionals': '£0.30/each'}, {'shop': 'sains', 'url': 'https://www.sainsburys.co.uk/shop/gb/groceries/product/details/easter-special-offers/mr-kipling-apple-pies-x6-432g', 'product_name': 'Mr Kipling Bramley Apple Pies x6', 'product_price': '£1.00', 'product_additionals': '17p / ea'}, {'shop': 'sains', 'url': 'https://www.sainsburys.co.uk/shop/gb/groceries/product/details/big-night-in/mr-kipling-apple-pies-x6-432g', 'product_name': 'Mr Kipling Bramley Apple Pies x6', 'product_price': '£1.00', 'product_additionals': '17p / ea'}, {'shop': 'sains', 'url': 'https://www.sainsburys.co.uk/shop/gb/groceries/product/details/all-easter-/mr-kipling-fruit-pie-selection-x6-432g', 'product_name': 'Mr Kipling Fruit Pies Selection Bramley Apple & Blackcurrant, Apple, Cherry x6', 'product_price': '£1.00', 'product_additionals': '17p / ea'}, {'shop': 'sains', 'url': 'https://www.sainsburys.co.uk/shop/gb/groceries/product/details/easterlunch/mr-kipling-fruit-pie-selection-x6-432g', 'product_name': 'Mr Kipling Fruit Pies Selection Bramley Apple & Blackcurrant, Apple, Cherry x6', 'product_price': '£1.00', 'product_additionals': '17p / ea'}, {'shop': 'sains', 'url': 'https://www.sainsburys.co.uk/shop/gb/groceries/product/details/all-yogurt/muller-rice-raspberry---apple-6x180g', 'product_name': 'Müller Rice Apple & Raspberry Low Fat Pudding Dessert 6x180g', 'product_price': '£3.50', 'product_additionals': '32p / 100g'}, {'shop': 'sains', 'url': 'https://www.sainsburys.co.uk/shop/gb/groceries/product/details/multipack-yogurt/muller-rice-raspberry---apple-6x180g', 'product_name': 'Müller Rice Apple & Raspberry Low Fat Pudding Dessert 6x180g', 'product_price': '£3.50', 'product_additionals': '32p / 100g'}, {'shop': 'tesco', 'url': 'https://www.tesco.com/groceries/en-GB/products/285048749', 'product_name': 'Muller Rice Apple 180G', 'product_price': '£ 0.60', 'product_additionals': '£0.33/100g'}, {'shop': 'sains', 'url': 'https://www.sainsburys.co.uk/shop/gb/groceries/product/details/muller-yogurt/muller-rice-apple-190g', 'product_name': 'Müller Rice Apple Low Fat Pudding Dessert 180g', 'product_price': '50p', 'product_additionals': '28p / 100g'}, {'shop': 'tesco', 'url': 'https://www.tesco.com/groceries/en-GB/products/285060273', 'product_name': 'Muller Rice Raspberry & Apple 6X180g', 'product_price': '£ 3.00', 'product_additionals': '£0.28/100g'}, {'shop': 'asda', 'url': 'https://groceries.asda.com/product/910001390131', 'product_name': 'Muller Rice Raspberry & Apple Low Fat Desserts', 'product_price': '£3.00', 'product_additionals': '(27.8p/100g)'}, {'shop': 'asda', 'url': 'https://groceries.asda.com/product/910002053933', 'product_name': "Munchkin 3 Lil' Apple Plates 6m+", 'product_price': '£4.70', 'product_additionals': '(£1.57/each)'}, {'shop': 'tesco', 'url': 'https://www.tesco.com/groceries/en-GB/products/294781120', 'product_name': 'Munchkin Lil Apple Plates 3 Pack', 'product_price': '£ 6.00', 'product_additionals': '£2.00/each'}, {'shop': 'asda', 'url': 'https://groceries.asda.com/product/1000044106899', 'product_name': 'myblu Green Apple Liquidpods 9mg', 'product_price': '£5.99', 'product_additionals': '(£5.99/each)'}, {'shop': 'asda', 'url': 'https://groceries.asda.com/product/1000211461232', 'product_name': "Nairn's Gluten Free Biscuit Breaks Chunky Oats, Apple & Cinnamon", 'product_price': '£1.80', 'product_additionals': 'No weight data'}, {'shop': 'tesco', 'url': 'https://www.tesco.com/groceries/en-GB/products/304399270', 'product_name': 'Nairns Gluten Free Oat Bar Apple & Cinnamon 160G', 'product_price': '£ 2.50', 'product_additionals': '£1.57/100g'}, {'shop': 'tesco', 'url': 'https://www.tesco.com/groceries/en-GB/products/300113039', 'product_name': 'Naked Green Machine Apple Banana Smoothie 360Ml', 'product_price': '£ 2.36', 'product_additionals': '£0.66/100ml'}, {'shop': 'asda', 'url': 'https://groceries.asda.com/product/910002828848', 'product_name': 'Naked Green Machine Apple, Pineapple & Kiwi Smoothie', 'product_price': '£3.60', 'product_additionals': 'No weight data'}, {'shop': 'asda', 'url': 'https://groceries.asda.com/product/1000211259436', 'product_name': 'Naked Tropical Zing Pineapple, Passion Fruit, Kiwi & Lime Smoothie', 'product_price': '£2.00', 'product_additionals': 'No weight data'}, {'shop': 'tesco', 'url': 'https://www.tesco.com/groceries/en-GB/products/274709486', 'product_name': "Nature's Finest Pineapple In Juice 400G", 'product_price': '£ 1.70', 'product_additionals': '£7.40/kg'}, {'shop': 'aldi', 'url': 'https://www.aldi.co.uk/nature%27s-pick-apple-snack-pack-80g/p/701880322000200', 'product_name': "Nature's Pick Apple Snack Pack 80g", 'product_price': '0.30', 'product_additionals': '£3.75 per kg'}, {'shop': 'aldi', 'url': 'https://www.aldi.co.uk/nature%27s-pick-mini-apples-6-pack/p/087775252532800', 'product_name': "Nature's Pick Mini Apples 6 Pack", 'product_price': '0.59', 'product_additionals': '9.9p Each'}, {'shop': 'tesco', 'url': 'https://www.tesco.com/groceries/en-GB/products/305042731', 'product_name': 'Nestle Pure Life Mango Pineapple Sparkling Water 1L', 'product_price': '£ 0.50', 'product_additionals': '£0.05/100ml'}, {'shop': 'tesco', 'url': 'https://www.tesco.com/groceries/en-GB/products/300274913', 'product_name': "Nim's Air Dried Apple Crisps 20G", 'product_price': '£ 0.85', 'product_additionals': '£4.25/100g'}, {'shop': 'tesco', 'url': 'https://www.tesco.com/groceries/en-GB/products/304792472', 'product_name': 'Ocean Spray Apple Sauce 210G', 'product_price': '£ 1.30', 'product_additionals': '£0.62/100g'}, {'shop': 'tesco', 'url': 'https://www.tesco.com/groceries/en-GB/products/308111708', 'product_name': 'Oceansaver Apple Multi Purpose Cleaner Ecodrops 10Ml', 'product_price': '£ 1.50', 'product_additionals': '£150.00/litre'}, {'shop': 'tesco', 'url': 'https://www.tesco.com/groceries/en-GB/products/308086524', 'product_name': 'Oceansaver Kit Multi Purpose Cleaner Apple Breezer 10Ml', 'product_price': '£ 2.35', 'product_additionals': '£235.00/litre'}, {'shop': 'asda', 'url': 'https://groceries.asda.com/product/910000882894', 'product_name': 'Old Jamaica Pineapple Soda', 'product_price': '£0.39', 'product_additionals': '(11.8p/100ml)'}, {'shop': 'tesco', 'url': 'https://www.tesco.com/groceries/en-GB/products/274769638', 'product_name': 'Old Jamaica Sparkling Pineapple Soda Drink 330Ml', 'product_price': '£ 0.37', 'product_additionals': '£0.11/100ml'}, {'shop': 'tesco', 'url': 'https://www.tesco.com/groceries/en-GB/products/303191793', 'product_name': 'Old Mout Cider Pineapple & Raspberry 500Ml Bottle', 'product_price': '£ 2.20', 'product_additionals': '£0.44/100ml'}, {'shop': 'asda', 'url': 'https://groceries.asda.com/product/1000130309039', 'product_name': 'Old Mout Cider Pineapple & Raspberry Cider Bottle', 'product_price': '£2.20', 'product_additionals': '(£4.40/lt)'}, {'shop': 'asda', 'url': 'https://groceries.asda.com/product/1000130309071', 'product_name': 'Old Mout Cider Pineapple & Raspberry Cider Cans', 'product_price': '£10.00', 'product_additionals': '(£3.00/lt)'}, {'shop': 'tesco', 'url': 'https://www.tesco.com/groceries/en-GB/products/302275949', 'product_name': 'Old Mout Cider Pineapple Raspberry 10 X 330Ml', 'product_price': '£ 11.00', 'product_additionals': '£3.34/litre'}, {'shop': 'tesco', 'url': 'https://www.tesco.com/groceries/en-GB/products/306500129', 'product_name': 'One Gin Sage & Apple 70Cl', 'product_price': '£ 36.00', 'product_additionals': '£51.43/litre'}, {'shop': 'tesco', 'url': 'https://www.tesco.com/groceries/en-GB/products/255945384', 'product_name': 'Organix 12 Month Apple & Orange Fruit & Cereal Bar 6X30g', 'product_price': '£ 2.50', 'product_additionals': '£1.39/100g'}, {'shop': 'tesco', 'url': 'https://www.tesco.com/groceries/en-GB/products/255126023', 'product_name': 'Organix 12 Month Apple & Raspberry Fruit & Cereal Bar 6X30g', 'product_price': '£ 2.50', 'product_additionals': '£1.39/100g'}, {'shop': 'tesco', 'url': 'https://www.tesco.com/groceries/en-GB/products/255125099', 'product_name': 'Organix 7 Month Rice Cakes Apple 50G', 'product_price': '£ 1.20', 'product_additionals': '£24.00/kg'}, {'shop': 'tesco', 'url': 'https://www.tesco.com/groceries/en-GB/products/287001266', 'product_name': 'Organix Apple & Date 6 X 17G', 'product_price': '£ 2.00', 'product_additionals': '£1.97/100g'}, {'shop': 'asda', 'url': 'https://groceries.asda.com/product/8873057', 'product_name': 'Organix Apple & Orange Soft Oaty Bars 12+ Months', 'product_price': '£2.00', 'product_additionals': 'No weight data'}, {'shop': 'sains', 'url': 'https://www.sainsburys.co.uk/shop/gb/groceries/product/details/top-rated-44/organix-12m-goodies-apple---orange-soft-oaty-bars-6x30g', 'product_name': 'Organix Apple & Orange Soft Oaty Bars 6x30g', 'product_price': '£2.20', 'product_additionals': '£1.22 / 100g'}, {'shop': 'tesco', 'url': 'https://www.tesco.com/groceries/en-GB/products/298648808', 'product_name': 'Organix Apple Rice Cakes Multipack 4X28g', 'product_price': '£ 2.50', 'product_additionals': '£22.33/kg'}, {'shop': 'asda', 'url': 'https://groceries.asda.com/product/910000524007', 'product_name': 'Organix Finger Food Apple Rice Cake 7+ Months', 'product_price': '£1.00', 'product_additionals': 'No weight data'}, {'shop': 'asda', 'url': 'https://groceries.asda.com/product/910003258044', 'product_name': 'Organix Finger Foods Apple Rice Cakes 7+ Months', 'product_price': '£2.50', 'product_additionals': 'No weight data'}, {'shop': 'tesco', 'url': 'https://www.tesco.com/groceries/en-GB/products/298648843', 'product_name': 'Organix Goodies Raspberry & Apple Bars 12X30g', 'product_price': '£ 4.50', 'product_additionals': '£12.50/kg'}, {'shop': 'tesco', 'url': 'https://www.tesco.com/groceries/en-GB/products/302285373', 'product_name': 'Organix Just Apple Oats & Cinnamon 120G', 'product_price': '£ 1.10', 'product_additionals': '£9.17/kg'}, {'shop': 'tesco', 'url': 'https://www.tesco.com/groceries/en-GB/products/302291181', 'product_name': 'Organix Just Apple Strawberry & Blueberry 120G', 'product_price': '£ 1.10', 'product_additionals': '£9.17/kg'}, {'shop': 'asda', 'url': 'https://groceries.asda.com/product/8873058', 'product_name': 'Organix Raspberry & Apple Soft Oaty Bars 12+ Months', 'product_price': '£2.00', 'product_additionals': 'No weight data'}, {'shop': 'sains', 'url': 'https://www.sainsburys.co.uk/shop/gb/groceries/product/details/top-rated-44/organix-12m-goodies-raspberry---apple-soft-oaty-bars-6x30g', 'product_name': 'Organix Raspberry & Apple Soft Oaty Bars 6x30g', 'product_price': '£2.20', 'product_additionals': '£1.22 / 100g'}, {'shop': 'tesco', 'url': 'https://www.tesco.com/groceries/en-GB/products/306804065', 'product_name': 'Osu Apple Cider Vinegar Blueberry & Pomegranate Juice 500Ml', 'product_price': '£ 7.00', 'product_additionals': '£1.40/100ml'}, {'shop': 'tesco', 'url': 'https://www.tesco.com/groceries/en-GB/products/306814099', 'product_name': 'Osu Apple Cider Vinegar With Mother Lemon & Ginger 500Ml', 'product_price': '£ 7.00', 'product_additionals': '£1.40/100ml'}, {'shop': 'asda', 'url': 'https://groceries.asda.com/product/1000045143540', 'product_name': 'Oykos Apple & Cinnamon Greek Style Yogurts', 'product_price': '£2.10', 'product_additionals': 'No weight data'}, {'shop': 'sains', 'url': 'https://www.sainsburys.co.uk/shop/gb/groceries/product/details/all-fruit/parrs-retro-milk-chocolate-coated-apple', 'product_name': 'Parrs Retro Milk Chocolate Coated Apple', 'product_price': '75p', 'product_additionals': '75p / ea'}, {'shop': 'sains', 'url': 'https://www.sainsburys.co.uk/shop/gb/groceries/product/details/all-fruit/parrs-toffee-apple-single', 'product_name': 'Parrs Toffee Apple Single', 'product_price': '75p', 'product_additionals': '£5.00 / kg'}, {'shop': 'asda', 'url': 'https://groceries.asda.com/product/1000187931262', 'product_name': 'Pen & Gear Pineapple Print Pencil Case', 'product_price': '£3.00', 'product_additionals': '(£3.00/each)'}, {'shop': 'tesco', 'url': 'https://www.tesco.com/groceries/en-GB/products/304398714', 'product_name': 'Petits Filous No Added Sugar Apple Pear & Banana Fromage Frais 6 X 47G', 'product_price': '£ 1.50', 'product_additionals': '£0.53/100g'}, {'shop': 'sains', 'url': 'https://www.sainsburys.co.uk/shop/gb/groceries/product/details/vitamins-and-supplements-/phizz-multivitamin-hydration-apple-blackcurrant-tablets-x20', 'product_name': 'Phizz Multivitamin Hydration Apple & Blackcurrant Tablets x20', 'product_price': '£5.00', 'product_additionals': '£5.00 / ea'}, {'shop': 'sains', 'url': 'https://www.sainsburys.co.uk/shop/gb/groceries/product/details/new-355373-44/phizz-multivitamin-hydration-apple-blackcurrant-tablets-x20', 'product_name': 'Phizz Multivitamin Hydration Apple & Blackcurrant Tablets x20', 'product_price': '£5.00', 'product_additionals': '£5.00 / ea'}, {'shop': 'tesco', 'url': 'https://www.tesco.com/groceries/en-GB/products/299583859', 'product_name': 'Piccolo Organic Banana Blueberry & Apple Baby Food 100G', 'product_price': '£ 1.10', 'product_additionals': '£11.00/kg'}, {'shop': 'asda', 'url': 'https://groceries.asda.com/product/910002685057', 'product_name': 'Piccolo Organic Banana, Blueberry & Apple from 4+ Months', 'product_price': '£1.10', 'product_additionals': 'No weight data'}, {'shop': 'tesco', 'url': 'https://www.tesco.com/groceries/en-GB/products/299583894', 'product_name': 'Piccolo Organic Pear Apple & Spring Greens 100G', 'product_price': '£ 1.10', 'product_additionals': '£1.10/100g'}, {'shop': 'aldi', 'url': 'https://www.aldi.co.uk/pineapple/p/051213225821200', 'product_name': 'Pineapple', 'product_price': '0.59', 'product_additionals': '59.0p Each'}, {'shop': 'aldi', 'url': 'https://www.aldi.co.uk/pineapple-tarts/p/084242306903501', 'product_name': 'Pineapple Tarts', 'product_price': '0.99', 'product_additionals': '24.8p each'}, {'shop': 'asda', 'url': 'https://groceries.asda.com/product/910001037283', 'product_name': 'Pink Lady Apples', 'product_price': '£1.69', 'product_additionals': '(42.2p/each)'}, {'shop': 'asda', 'url': 'https://groceries.asda.com/product/1000040467777', 'product_name': 'Polar Gear Pineapple Bottle', 'product_price': '£2.50', 'product_additionals': '(£2.50/each)'}, {'shop': 'asda', 'url': 'https://groceries.asda.com/product/1000040467690', 'product_name': 'Polar Gear Pineapple Lunch Bag', 'product_price': '£5.00', 'product_additionals': '(£5.00/each)'}, {'shop': 'tesco', 'url': 'https://www.tesco.com/groceries/en-GB/products/289724853', 'product_name': 'Princes Apple Fruit Filling 395G', 'product_price': '£ 1.25', 'product_additionals': '£3.43/kg'}, {'shop': 'tesco', 'url': 'https://www.tesco.com/groceries/en-GB/products/305835611', 'product_name': 'Princes Apple Slices 385G', 'product_price': '£ 1.00', 'product_additionals': '£0.26/100g'}, {'shop': 'asda', 'url': 'https://groceries.asda.com/product/910001000985', 'product_name': 'Princes Fruit Filling Apple', 'product_price': '£1.00', 'product_additionals': '(£2.53/kg)'}, {'shop': 'tesco', 'url': 'https://www.tesco.com/groceries/en-GB/products/273446786', 'product_name': 'Princes Pitted Prunes In Apple Juice 290G', 'product_price': '£ 0.85', 'product_additionals': '£4.86/kg DR.WT'}, {'shop': 'tesco', 'url': 'https://www.tesco.com/groceries/en-GB/products/279526774', 'product_name': 'Pukka Organic Spiced Apple Cinnamon Plus Ginger 20 Tea Bags 40G', 'product_price': '£ 2.80', 'product_additionals': '£7.00/100g'}, {'shop': 'asda', 'url': 'https://groceries.asda.com/product/77297209', 'product_name': 'Quaker Oat So Simple Apple & Blueberry Porridge 10 Pack', 'product_price': '£2.75', 'product_additionals': '(76.4p/100g)'}, {'shop': 'tesco', 'url': 'https://www.tesco.com/groceries/en-GB/products/268060828', 'product_name': 'Quaker Oat So Simple Apple & Blueberry Porridge 57G', 'product_price': '£ 0.90', 'product_additionals': '£1.58/100g'}, {'shop': 'asda', 'url': 'https://groceries.asda.com/product/910000395900', 'product_name': 'Quaker Oat So Simple Apple & Blueberry Porridge Pot', 'product_price': '£0.97', 'product_additionals': '(£1.70/100g)'}, {'shop': 'sains', 'url': 'https://www.sainsburys.co.uk/shop/gb/groceries/product/details/rednoseday-/quaker-oat-so-simple-apple---blueberry-flavour-porridge-x10-36g', 'product_name': 'Quaker Oat So Simple Apple & Blueberry Porridge Sachets 10x36g', 'product_price': '£2.75', 'product_additionals': '76p / 100g'}, {'shop': 'tesco', 'url': 'https://www.tesco.com/groceries/en-GB/products/263894926', 'product_name': 'Quaker Oat So Simple Apple Blueberry Porridge 10X36g', 'product_price': '£ 2.00', 'product_additionals': '£0.56/100g'}, {'shop': 'asda', 'url': 'https://groceries.asda.com/product/1000194606864', 'product_name': 'Quaker Perfect Blends Apple, Raisin & Cinnamon Porridge 8 Pack', 'product_price': '£2.00', 'product_additionals': '(72.0p/100g)'}, {'shop': 'asda', 'url': 'https://groceries.asda.com/product/1000194606778', 'product_name': 'Quaker Perfect Blends Raspberry, Apple & Acai Porridge 8 Pack', 'product_price': '£2.00', 'product_additionals': '(71.0p/100g)'}, {'shop': 'asda', 'url': 'https://groceries.asda.com/product/1000193273146', 'product_name': 'Quaker Porridge To Go Blueberry & Apple Breakfast Bars 2 Pack', 'product_price': '£1.30', 'product_additionals': '(£1.18/100g)'}, {'shop': 'sains', 'url': 'https://www.sainsburys.co.uk/shop/gb/groceries/product/details/rednoseday-/quaker-porridge-to-go-app-b-duo-2x55g', 'product_name': 'Quaker Porridge To Go Blueberry & Apple Breakfast Bars 2x55g', 'product_price': '70p', 'product_additionals': '64p / 100g'}, {'shop': 'tesco', 'url': 'https://www.tesco.com/groceries/en-GB/products/304795797', 'product_name': 'Quaker Raspberry Apple & Acai Porridge 8 Pack 281G', 'product_price': '£ 3.00', 'product_additionals': '£1.07/100g'}, {'shop': 'aldi', 'url': 'https://www.aldi.co.uk/raspberry-%26-apple-soft-oaty-bars/p/086202410420801', 'product_name': 'Raspberry & Apple Soft Oaty Bars', 'product_price': '1.39', 'product_additionals': '92.7p per 100g'}, {'shop': 'tesco', 'url': 'https://www.tesco.com/groceries/en-GB/products/306933015', 'product_name': 'Red Leg Pineapple Rum With Original Ginger Ale 250Ml', 'product_price': '£ 2.00', 'product_additionals': '£8.00/litre'}, {'shop': 'tesco', 'url': 'https://www.tesco.com/groceries/en-GB/products/302318140', 'product_name': 'Red Leg Vanilla Ginger & Pineapple Spiced Rum 70Cl', 'product_price': '£ 20.50', 'product_additionals': '£29.29/litre'}, {'shop': 'tesco', 'url': 'https://www.tesco.com/groceries/en-GB/products/307151276', 'product_name': 'Remedy Kombucha Apple Crisp Drink 4X330ml', 'product_price': '£ 5.00', 'product_additionals': '£0.38/100ml'}, {'shop': 'sains', 'url': 'https://www.sainsburys.co.uk/shop/gb/groceries/product/details/new-355373-44/ribena-pineapple-passion-fruit-squash-no-added-sugar-850ml', 'product_name': 'Ribena Pineapple & Passion Fruit Squash No Added Sugar 850ml', 'product_price': '£2.00', 'product_additionals': '24p / 100ml'}, {'shop': 'tesco', 'url': 'https://www.tesco.com/groceries/en-GB/products/304147344', 'product_name': 'Rob Refreshd Still Applel/ Kiwi 500Ml Pet', 'product_price': '£ 1.25', 'product_additionals': '£2.50/litre'}, {'shop': 'tesco', 'url': 'https://www.tesco.com/groceries/en-GB/products/296447773', 'product_name': "Robinson's Refreshd Raspberry Apple 500Ml", 'product_price': '£ 1.25', 'product_additionals': '£0.25/100ml'}, {'shop': 'tesco', 'url': 'https://www.tesco.com/groceries/en-GB/products/294422949', 'product_name': 'Robinsons Apple & Blackcurrant No Added Sugar Squash 2L', 'product_price': '£ 2.00', 'product_additionals': '£0.10/100ml'}, {'shop': 'asda', 'url': 'https://groceries.asda.com/product/35187', 'product_name': 'Robinsons Apple & Blackcurrant Squash No Added Sugar', 'product_price': '£1.25', 'product_additionals': '(12.5p/100ml)'}, {'shop': 'coop', 'url': 'https://www.coop.co.uk/products/robinsons-apple-and-blackcurrant-no-added-sugar-fruit-squash-1-ltr', 'product_name': 'Robinsons Apple and Blackcurrant No Added Sugar Fruit Squash 1 Ltr', 'product_price': '£1.80', 'product_additionals': '1 Ltr (12.5p per 100ml)'}, {'shop': 'tesco', 'url': 'https://www.tesco.com/groceries/en-GB/products/254854677', 'product_name': 'Robinsons Apple Blackcurrant No Added Sugar 1L', 'product_price': '£ 1.50', 'product_additionals': '£0.15/100ml'}, {'shop': 'tesco', 'url': 'https://www.tesco.com/groceries/en-GB/products/298025745', 'product_name': 'Robinsons Creations Mango Pineapple Drink 1L', 'product_price': '£ 2.00', 'product_additionals': '£0.20/100ml'}, {'shop': 'asda', 'url': 'https://groceries.asda.com/product/910000399487', 'product_name': 'Robinsons Double Concentrate Apple & Blackcurrant Squash No Added Sugar', 'product_price': '£1.75', 'product_additionals': '(10.0p/100ml)'}, {'shop': 'sains', 'url': 'https://www.sainsburys.co.uk/shop/gb/groceries/product/details/rednoseday-/robinsons-double-concentrate-apple---blackcurrant-squash--no-added-sugar-175l', 'product_name': 'Robinsons Double Concentrate Apple & Blackcurrant Squash, No Added Sugar 1.75L', 'product_price': '£2.50', 'product_additionals': '14p / 100ml'}, {'shop': 'tesco', 'url': 'https://www.tesco.com/groceries/en-GB/products/268345446', 'product_name': 'Robinsons Double Concentrate Blackcurrant & Apple No Added Sugar 1.75L', 'product_price': '£ 3.00', 'product_additionals': '£0.17/100ml'}, {'shop': 'tesco', 'url': 'https://www.tesco.com/groceries/en-GB/products/260074243', 'product_name': 'Robinsons Fruit & Barley Apple & Pear 1L', 'product_price': '£ 1.65', 'product_additionals': '£0.16/100ml'}, {'shop': 'asda', 'url': 'https://groceries.asda.com/product/18448182', 'product_name': 'Robinsons Fruit & Barley Apple & Pear Squash No Added Sugar', 'product_price': '£1.25', 'product_additionals': '(12.5p/100ml)'}, {'shop': 'tesco', 'url': 'https://www.tesco.com/groceries/en-GB/products/256682600', 'product_name': 'Robinsons Fruit Apple & Blackcurrant No Added Sugar 8X200ml', 'product_price': '£ 2.00', 'product_additionals': '£0.12/100ml'}, {'shop': 'asda', 'url': 'https://groceries.asda.com/product/1000000582420', 'product_name': 'Robinsons Fruit Creations Exotic Pineapple Mango & Passion Fruit Squash', 'product_price': '£2.00', 'product_additionals': '(20.0p/100ml)'}, {'shop': 'asda', 'url': 'https://groceries.asda.com/product/1000146865753', 'product_name': 'Robinsons Fruit Shoot Apple & Blackcurrant Bottles', 'product_price': '£3.50', 'product_additionals': '(11.7p/100ml)'}, {'shop': 'tesco', 'url': 'https://www.tesco.com/groceries/en-GB/products/256691606', 'product_name': 'Robinsons Fruit Shoot Apple No Added Sugar 8X200ml', 'product_price': '£ 2.00', 'product_additionals': '£0.12/100ml'}, {'shop': 'tesco', 'url': 'https://www.tesco.com/groceries/en-GB/products/256660315', 'product_name': 'Robinsons Fruit Shoots Blackcurrant & Apple No Added Sugar 4X200ml', 'product_price': '£ 1.00', 'product_additionals': '£0.12/100ml'}, {'shop': 'tesco', 'url': 'https://www.tesco.com/groceries/en-GB/products/272691801', 'product_name': 'Robinsons Hydro Orange & Pineapple 8X200ml', 'product_price': '£ 2.00', 'product_additionals': '£0.12/100ml'}, {'shop': 'asda', 'url': 'https://groceries.asda.com/product/19049', 'product_name': 'Robinsons No Added Sugar Orange & Pineapple Squash', 'product_price': '£1.00', 'product_additionals': '(10.0p/100ml)'}, {'shop': 'tesco', 'url': 'https://www.tesco.com/groceries/en-GB/products/268345043', 'product_name': 'Robinsons Orange & Pineapple Concentrate Double No Added Sugar 1.75L', 'product_price': '£ 3.00', 'product_additionals': '£0.17/100ml'}, {'shop': 'tesco', 'url': 'https://www.tesco.com/groceries/en-GB/products/255599833', 'product_name': 'Robinsons Orange Pineapple No Added Sugar 1L', 'product_price': '£ 1.50', 'product_additionals': '£0.15/100ml'}, {'shop': 'tesco', 'url': 'https://www.tesco.com/groceries/en-GB/products/282138037', 'product_name': "Robinsons Squash'd 66Ml Apple & Blackcurrant", 'product_price': '£ 2.00', 'product_additionals': '£3.04/100ml'}, {'shop': 'asda', 'url': 'https://groceries.asda.com/product/910001291026', 'product_name': "Robinsons Squash'd Apple & Blackcurrant On-The-Go Squash", 'product_price': '£1.50', 'product_additionals': '(£2.27/100ml)'}, {'shop': 'tesco', 'url': 'https://www.tesco.com/groceries/en-GB/products/305042760', 'product_name': 'Rockstar Power Apple 500Ml', 'product_price': '£ 1.29', 'product_additionals': '£0.26/100ml'}, {'shop': 'tesco', 'url': 'https://www.tesco.com/groceries/en-GB/products/305832741', 'product_name': 'Rosedene Farms Braeburn Apples 6 Pack', 'product_price': '£ 0.93', 'product_additionals': '£0.16/each'}, {'shop': 'tesco', 'url': 'https://www.tesco.com/groceries/en-GB/products/305831903', 'product_name': 'Rosedene Farms Gala Apples 6 Pack', 'product_price': '£ 0.93', 'product_additionals': '£0.16/each'}, {'shop': 'tesco', 'url': 'https://www.tesco.com/groceries/en-GB/products/292249576', 'product_name': 'Rosedene Farms Small Apple 6 Pack', 'product_price': '£ 0.79', 'product_additionals': '£0.13/each'}, {'shop': 'aldi', 'url': 'https://www.aldi.co.uk/rowan-glen-apple-crumble-yogurt/p/056818306840301', 'product_name': 'Rowan Glen Apple Crumble Yogurt', 'product_price': '0.40', 'product_additionals': '26.7p per 100g'}, {'shop': 'sains', 'url': 'https://www.sainsburys.co.uk/shop/gb/groceries/product/details/egg-free-food/sainsburys-apple---blackcurrant-pies-x6-355g', 'product_name': "Sainsbury's Apple & Blackcurrant Pies x6 355g", 'product_price': '81p', 'product_additionals': '14p / ea'}, {'shop': 'sains', 'url': 'https://www.sainsburys.co.uk/shop/gb/groceries/product/details/vegan-food/sainsburys-apple---blackcurrant-pies-x6-355g', 'product_name': "Sainsbury's Apple & Blackcurrant Pies x6 355g", 'product_price': '81p', 'product_additionals': '14p / ea'}, {'shop': 'sains', 'url': 'https://www.sainsburys.co.uk/shop/gb/groceries/product/details/all-price-lock/sainsburys-double-concentrate-apple---blackcurrant-squash--no-added-sugar-15l', 'product_name': "Sainsbury's Apple & Blackcurrant Squash, No Added Sugar 1.5L", 'product_price': '£1.00', 'product_additionals': '7p / 100ml'}, {'shop': 'sains', 'url': 'https://www.sainsburys.co.uk/shop/gb/groceries/product/details/breakfastbrunch/sainsburys-apple-cinnamon-hot-cross-buns-taste-the-difference-x4', 'product_name': "Sainsbury's Apple & Cinnamon Hot Cross Buns, Taste the Difference x4", 'product_price': '£1.25', 'product_additionals': '31p / ea'}, {'shop': 'sains', 'url': 'https://www.sainsburys.co.uk/shop/gb/groceries/product/details/easter-special-offers/sainsburys-apple-cinnamon-hot-cross-buns-taste-the-difference-x4', 'product_name': "Sainsbury's Apple & Cinnamon Hot Cross Buns, Taste the Difference x4", 'product_price': '£1.25', 'product_additionals': '31p / ea'}, {'shop': 'sains', 'url': 'https://www.sainsburys.co.uk/shop/gb/groceries/product/details/discover-build-a-roast/sainsburys-apple---herb-stuffing-mix-130g', 'product_name': "Sainsbury's Apple & Herb Stuffing Mix 130g", 'product_price': '75p', 'product_additionals': '£5.77 / kg'}, {'shop': 'sains', 'url': 'https://www.sainsburys.co.uk/shop/gb/groceries/product/details/special-offers-/sainsburys-apple---oat-crumble--taste-the-difference-600g', 'product_name': "Sainsbury's Apple & Oat Crumble Dessert, Taste the Difference 600g", 'product_price': '£4.00', 'product_additionals': '67p / 100g'}, {'shop': 'sains', 'url': 'https://www.sainsburys.co.uk/shop/gb/groceries/product/details/easter-special-offers/sainsburys-apple---oat-crumble--taste-the-difference-600g', 'product_name': "Sainsbury's Apple & Oat Crumble Dessert, Taste the Difference 600g", 'product_price': '£4.00', 'product_additionals': '67p / 100g'}, {'shop': 'sains', 'url': 'https://www.sainsburys.co.uk/shop/gb/groceries/product/details/all-price-lock/sainsburys-apple-raspberry-juice-drink-no-added-sugar-1l', 'product_name': "Sainsbury's Apple & Raspberry Juice Drink, No Added Sugar 1L", 'product_price': '90p', 'product_additionals': '9p / 100ml'}, {'shop': 'sains', 'url': 'https://www.sainsburys.co.uk/shop/gb/groceries/product/details/easterlunch/sainsburys-apple-pie-550g', 'product_name': "Sainsbury's Apple Pie Dessert 550g", 'product_price': '£2.80', 'product_additionals': '51p / 100g'}, {'shop': 'sains', 'url': 'https://www.sainsburys.co.uk/shop/gb/groceries/product/details/all-easter-/sainsburys-apple-pie-550g', 'product_name': "Sainsbury's Apple Pie Dessert 550g", 'product_price': '£2.80', 'product_additionals': '51p / 100g'}, {'shop': 'sains', 'url': 'https://www.sainsburys.co.uk/shop/gb/groceries/product/details/special-offers-454372-44/sainsburys-apple-pie-550g', 'product_name': "Sainsbury's Apple Pie Dessert 550g", 'product_price': '£2.80', 'product_additionals': '51p / 100g'}, {'shop': 'sains', 'url': 'https://www.sainsburys.co.uk/shop/gb/groceries/product/details/200-calories-or-less/sainsburys-pink-lady-apple-snack-pack-80g', 'product_name': "Sainsbury's Apple Slices 80g", 'product_price': '40p', 'product_additionals': '£5.00 / kg'}, {'shop': 'sains', 'url': 'https://www.sainsburys.co.uk/shop/gb/groceries/product/details/200-calories-or-less/sainsburys-pink-lady-apple---grape-snack-pack-80g', 'product_name': "Sainsbury's Apple Slices and Grapes 80g", 'product_price': '40p', 'product_additionals': '£5.00 / kg'}, {'shop': 'sains', 'url': 'https://www.sainsburys.co.uk/shop/gb/groceries/product/details/easterlunch/sainsburys-apple-strudel-x2-600g-serves-6-', 'product_name': "Sainsbury's Apple Strudel x2 600g (Serves 6)", 'product_price': '£1.60', 'product_additionals': '27p / 100g'}, {'shop': 'sains', 'url': 'https://www.sainsburys.co.uk/shop/gb/groceries/product/details/easter-special-offers/sainsburys-apple-strudel-x2-600g-serves-6-', 'product_name': "Sainsbury's Apple Strudel x2 600g (Serves 6)", 'product_price': '£1.60', 'product_additionals': '27p / 100g'}, {'shop': 'sains', 'url': 'https://www.sainsburys.co.uk/shop/gb/groceries/product/details/all-fruit/sainsburys-apple--kiwi---strawberry-160g', 'product_name': "Sainsbury's Apple, Kiwi & Strawberry 160g", 'product_price': '£1.25', 'product_additionals': '£7.81 / kg'}, {'shop': 'sains', 'url': 'https://www.sainsburys.co.uk/shop/gb/groceries/product/details/ready-to-eat-fruit/sainsburys-apple-mango-strawberry-raspberry-220g', 'product_name': "Sainsbury's Apple, Mango, Strawberry & Raspberry 220g", 'product_price': '£2.00', 'product_additionals': '£9.09 / kg'}, {'shop': 'sains', 'url': 'https://www.sainsburys.co.uk/shop/gb/groceries/product/details/all-prepared-fruit--veg---salad/sainsburys-apple--pineapple---grape-160g', 'product_name': "Sainsbury's Apple, Pineapple & Grape 160g", 'product_price': '£1.00', 'product_additionals': '£6.25 / kg'}, {'shop': 'sains', 'url': 'https://www.sainsburys.co.uk/shop/gb/groceries/product/details/price-lock-drinks/sainsburys-apple--pomegranate---raspberry-high-juice-squash-1l', 'product_name': "Sainsbury's Apple, Pomegranate & Raspberry High Juice Squash, No Added Sugar 1L", 'product_price': '£1.35', 'product_additionals': '14p / 100ml'}, {'shop': 'sains', 'url': 'https://www.sainsburys.co.uk/shop/gb/groceries/product/details/salads-and-coleslaw-/sainsburys-apple--raisin---walnut-coleslaw--taste-the-difference-275g', 'product_name': "Sainsbury's Apple, Raisin & Walnut Coleslaw, Taste the Difference 300g", 'product_price': '£1.80', 'product_additionals': '60p / 100g'}, {'shop': 'sains', 'url': 'https://www.sainsburys.co.uk/shop/gb/groceries/product/details/all-prepared-fruit--veg---salad/sainsburys-apple--strawb--grape---blueberry-240g', 'product_name': "Sainsbury's Apple, Strawberry, Grape & Blueberry 240g", 'product_price': '£2.00', 'product_additionals': '£8.33 / kg'}, {'shop': 'sains', 'url': 'https://www.sainsburys.co.uk/shop/gb/groceries/product/details/bigger-packs-/sainsburys-apples-1kg', 'product_name': "Sainsbury's Apples 1kg", 'product_price': '£1.95', 'product_additionals': '£1.95 / kg'}, {'shop': 'sains', 'url': 'https://www.sainsburys.co.uk/shop/gb/groceries/product/details/loose-produce/sainsburys-braeburn-apple-single', 'product_name': "Sainsbury's Braeburn Apple Single", 'product_price': '30p', 'product_additionals': '30p / ea'}, {'shop': 'sains', 'url': 'https://www.sainsburys.co.uk/shop/gb/groceries/product/details/all-fruit/sainsburys-braeburn-apple-single', 'product_name': "Sainsbury's Braeburn Apple Single", 'product_price': '30p', 'product_additionals': '30p / ea'}, {'shop': 'sains', 'url': 'https://www.sainsburys.co.uk/shop/gb/groceries/product/details/all-fruit/sainsburys-braeburn-apples-x4', 'product_name': "Sainsbury's Braeburn Apples x4", 'product_price': '£1.50', 'product_additionals': '38p / ea'}, {'shop': 'sains', 'url': 'https://www.sainsburys.co.uk/shop/gb/groceries/product/details/eat-the-rainbow/sainsburys-braeburn-apples-x6', 'product_name': "Sainsbury's Braeburn Apples x6", 'product_price': '£1.60', 'product_additionals': '27p / ea'}, {'shop': 'sains', 'url': 'https://www.sainsburys.co.uk/shop/gb/groceries/product/details/easter-special-offers/sainsburys-bramley-apple-crumble-500g', 'product_name': "Sainsbury's Bramley Apple Crumble Dessert 500g", 'product_price': '£2.80', 'product_additionals': '56p / 100g'}, {'shop': 'sains', 'url': 'https://www.sainsburys.co.uk/shop/gb/groceries/product/details/special-offers-/sainsburys-tarte-aux-pommes--taste-the-difference-470g', 'product_name': "Sainsbury's Bramley Apple Frangipane Tart , Taste the Difference 430g", 'product_price': '£4.00', 'product_additionals': '93p / 100g'}, {'shop': 'sains', 'url': 'https://www.sainsburys.co.uk/shop/gb/groceries/product/details/easter-special-offers/sainsburys-bramley-apple-pies-x6-355g', 'product_name': "Sainsbury's Bramley Apple Pies x6 355g", 'product_price': '81p', 'product_additionals': '14p / ea'}, {'shop': 'sains', 'url': 'https://www.sainsburys.co.uk/shop/gb/groceries/product/details/first-shop-essentials/sainsburys-british-bramley-cooking-apples-loose', 'product_name': "Sainsbury's British Bramley Cooking Apples Loose", 'product_price': '£1.76 / kg', 'product_additionals': '£1.76 / kg'}, {'shop': 'sains', 'url': 'https://www.sainsburys.co.uk/shop/gb/groceries/product/details/all-fruit/sainsburys-cox-apple-single', 'product_name': "Sainsbury's Cox Apple Single", 'product_price': '30p', 'product_additionals': '30p / ea'}, {'shop': 'sains', 'url': 'https://www.sainsburys.co.uk/shop/gb/groceries/product/details/loose-produce/sainsburys-cox-apples-loose', 'product_name': "Sainsbury's Cox Apples Loose", 'product_price': '£1.85 / kg', 'product_additionals': '£1.85 / kg'}, {'shop': 'sains', 'url': 'https://www.sainsburys.co.uk/shop/gb/groceries/product/details/coffee-shop/sainsburys-danish-apple-trellis-x2', 'product_name': "Sainsbury's Danish Pastry Bramley Apple Lattices x2", 'product_price': '£1.30', 'product_additionals': '65p / ea'}, {'shop': 'sains', 'url': 'https://www.sainsburys.co.uk/shop/gb/groceries/product/details/all-price-lock/sainsburys-double-strength-apple-squash--no-added-sugar-15l', 'product_name': "Sainsbury's Double Strength Apple Squash, No Added Sugar 1.5L", 'product_price': '£1.00', 'product_additionals': '7p / 100ml'}, {'shop': 'sains', 'url': 'https://www.sainsburys.co.uk/shop/gb/groceries/product/details/price-lock-drinks/sainsburys-double-strength-apple-squash--no-added-sugar-15l', 'product_name': "Sainsbury's Double Strength Apple Squash, No Added Sugar 1.5L", 'product_price': '£1.00', 'product_additionals': '7p / 100ml'}, {'shop': 'sains', 'url': 'https://www.sainsburys.co.uk/shop/gb/groceries/product/details/price-lock-drinks/sainsburys-double-strength-orange--lemon---pineapple-squash--no-added-sugar-15l', 'product_name': "Sainsbury's Double Strength Orange, Lemon & Pineapple Squash, No Added Sugar 1.5L", 'product_price': '£1.00', 'product_additionals': '7p / 100ml'}, {'shop': 'sains', 'url': 'https://www.sainsburys.co.uk/shop/gb/groceries/product/details/smoothie-mixes-294304-44/sainsburys-frozen-pineapple-chunks-500g', 'product_name': "Sainsbury's Frozen Pineapple Chunks 500g", 'product_price': '£2.00', 'product_additionals': '40p / 100g'}, {'shop': 'sains', 'url': 'https://www.sainsburys.co.uk/shop/gb/groceries/product/details/fruit-294303-44/sainsburys-frozen-pineapple-chunks-500g', 'product_name': "Sainsbury's Frozen Pineapple Chunks 500g", 'product_price': '£2.00', 'product_additionals': '40p / 100g'}, {'shop': 'sains', 'url': 'https://www.sainsburys.co.uk/shop/gb/groceries/product/details/ready-to-eat-fruit/sainsburys-ftg-pink-lady-apple-bag-80g', 'product_name': "Sainsbury's Ftg Pink Lady Apple Bag 80g", 'product_price': '60p', 'product_additionals': '£7.50 / kg'}, {'shop': 'sains', 'url': 'https://www.sainsburys.co.uk/shop/gb/groceries/product/details/loose-produce/sainsburys-golden-delicious-apples-loose', 'product_name': "Sainsbury's Golden Delicious Apples Loose", 'product_price': '£1.85 / kg', 'product_additionals': '£1.85 / kg'}, {'shop': 'sains', 'url': 'https://www.sainsburys.co.uk/shop/gb/groceries/product/details/eat-the-rainbow/sainsburys-golden-delicious-apples-x6', 'product_name': "Sainsbury's Golden Delicious Apples x6", 'product_price': '£1.60', 'product_additionals': '27p / ea'}, {'shop': 'sains', 'url': 'https://www.sainsburys.co.uk/shop/gb/groceries/product/details/loose-produce/sainsburys-granny-smith-apple-loose', 'product_name': "Sainsbury's Granny Smith Apple Loose", 'product_price': '£1.85 / kg', 'product_additionals': '£1.85 / kg'}, {'shop': 'sains', 'url': 'https://www.sainsburys.co.uk/shop/gb/groceries/product/details/all-fruit/sainsburys-granny-smith-apples-x6', 'product_name': "Sainsbury's Granny Smith Apples x6", 'product_price': '£1.60', 'product_additionals': '27p / ea'}, {'shop': 'sains', 'url': 'https://www.sainsburys.co.uk/shop/gb/groceries/product/details/eat-the-rainbow/sainsburys-granny-smith-apples-x6', 'product_name': "Sainsbury's Granny Smith Apples x6", 'product_price': '£1.60', 'product_additionals': '27p / ea'}, {'shop': 'sains', 'url': 'https://www.sainsburys.co.uk/shop/gb/groceries/product/details/all-gifting/sainsburys-home-boxed-candle-jasmine-pineapple-flower', 'product_name': "Sainsbury's Home Boxed Candle Jasmine & Pineapple Flower", 'product_price': '£4.00', 'product_additionals': '£4.00 / ea'}, {'shop': 'sains', 'url': 'https://www.sainsburys.co.uk/shop/gb/groceries/product/details/home-and-toys/sainsburys-home-jar-candle-jasmine-pineapple-flower', 'product_name': "Sainsbury's Home Jar Candle Jasmine & Pineapple Flower", 'product_price': '£5.00', 'product_additionals': '£5.00 / ea'}, {'shop': 'sains', 'url': 'https://www.sainsburys.co.uk/shop/gb/groceries/product/details/home-and-toys/sainsburys-home-large-pillar-jasmine-pineapple-flower', 'product_name': "Sainsbury's Home Large Pillar Jasmine & Pineapple Flower", 'product_price': '£4.50', 'product_additionals': '£4.50 / ea'}, {'shop': 'sains', 'url': 'https://www.sainsburys.co.uk/shop/gb/groceries/product/details/all-gifting/sainsburys-home-large-pillar-jasmine-pineapple-flower', 'product_name': "Sainsbury's Home Large Pillar Jasmine & Pineapple Flower", 'product_price': '£4.50', 'product_additionals': '£4.50 / ea'}, {'shop': 'sains', 'url': 'https://www.sainsburys.co.uk/shop/gb/groceries/product/details/home-and-toys/sainsburys-home-multi-wick-candle-jasmine-pineapple-flower', 'product_name': "Sainsbury's Home Multi Wick Candle Jasmine & Pineapple Flower", 'product_price': '£7.00', 'product_additionals': '£7.00 / ea'}, {'shop': 'sains', 'url': 'https://www.sainsburys.co.uk/shop/gb/groceries/product/details/pork-joints/sainsburys-just-cook-british-gammon-joint-with-apple-blackberry-glaze-470g-serves-3-', 'product_name': "Sainsbury's Just Cook British Gammon Joint With Apple & Blackberry Glaze 470g (Serves 3)", 'product_price': '£3.75', 'product_additionals': '£7.98 / kg'}, {'shop': 'sains', 'url': 'https://www.sainsburys.co.uk/shop/gb/groceries/product/details/just-cook-ready-meals/just-cook-gammon-steaks-pineapple-345g', 'product_name': "Sainsbury's Just Cook Gammon Steaks with Pineapple 345g (Serves 2)", 'product_price': '£3.00', 'product_additionals': '£8.70 / kg'}, {'shop': 'sains', 'url': 'https://www.sainsburys.co.uk/shop/gb/groceries/product/details/all-fruit/sainsburys-large-pineapple', 'product_name': "Sainsbury's Large Pineapple", 'product_price': '£1.50', 'product_additionals': '£1.50 / ea'}, {'shop': 'sains', 'url': 'https://www.sainsburys.co.uk/shop/gb/groceries/product/details/mango-exotic-fruit-dates-nuts/sainsburys-large-pineapple', 'product_name': "Sainsbury's Large Pineapple", 'product_price': '£1.50', 'product_additionals': '£1.50 / ea'}, {'shop': 'sains', 'url': 'https://www.sainsburys.co.uk/shop/gb/groceries/product/details/ready-to-eat-fruit/sainsburys-limited-edition-mango-red-grape-speciality-apple-210g', 'product_name': "Sainsbury's Limited Edition Mango, Red Grape & Speciality Apple 210g", 'product_price': '£2.00', 'product_additionals': '77p / kg'}, {'shop': 'sains', 'url': 'https://www.sainsburys.co.uk/shop/gb/groceries/product/details/fruit-294303-44/sainsburys-mango-papaya--pineapple-smoothie-480g', 'product_name': "Sainsbury's Mango, Papaya & Pineapple Smoothie Mix 480g", 'product_price': '£2.00', 'product_additionals': '42p / 100g'}, {'shop': 'sains', 'url': 'https://www.sainsburys.co.uk/shop/gb/groceries/product/details/make-a-smoothie/sainsburys-mango-papaya--pineapple-smoothie-480g', 'product_name': "Sainsbury's Mango, Papaya & Pineapple Smoothie Mix 480g", 'product_price': '£2.00', 'product_additionals': '42p / 100g'}, {'shop': 'sains', 'url': 'https://www.sainsburys.co.uk/shop/gb/groceries/product/details/smoothie-mixes-294304-44/sainsburys-mango-papaya--pineapple-smoothie-480g', 'product_name': "Sainsbury's Mango, Papaya & Pineapple Smoothie Mix 480g", 'product_price': '£2.00', 'product_additionals': '42p / 100g'}, {'shop': 'sains', 'url': 'https://www.sainsburys.co.uk/shop/gb/groceries/product/details/mango-exotic-fruit-dates-nuts/sainsburys-medium-pineapple', 'product_name': "Sainsbury's Medium Pineapple", 'product_price': '£1.00', 'product_additionals': '£1.00 / ea'}, {'shop': 'sains', 'url': 'https://www.sainsburys.co.uk/shop/gb/groceries/product/details/all-prepared-fruit--veg---salad/sainsburys-melon---pineapple-fingers-240g', 'product_name': "Sainsbury's Melon & Pineapple Fingers 260g", 'product_price': '£2.00', 'product_additionals': '£7.69 / kg'}, {'shop': 'sains', 'url': 'https://www.sainsburys.co.uk/shop/gb/groceries/product/details/ready-to-eat-fruit/sainsburys-melon---pineapple-fingers-240g', 'product_name': "Sainsbury's Melon & Pineapple Fingers 260g", 'product_price': '£2.00', 'product_additionals': '£7.69 / kg'}, {'shop': 'sains', 'url': 'https://www.sainsburys.co.uk/shop/gb/groceries/product/details/new-ready-meals/sainsburys-my-goodness!-pulled-pork-apple-380g', 'product_name': "Sainsbury's My Goodness! Pulled Pork & Apple 380g", 'product_price': '£3.00', 'product_additionals': '£7.89 / kg'}, {'shop': 'sains', 'url': 'https://www.sainsburys.co.uk/shop/gb/groceries/product/details/all-price-lock/sainsburys-no-added-sugar-fruit-slurps-orange-pineapple-flavoured-6x250ml', 'product_name': "Sainsbury's No Added Sugar Fruit Slurps Orange & Pineapple Flavoured 6x250ml", 'product_price': '£1.50', 'product_additionals': '10p / 100ml'}, {'shop': 'sains', 'url': 'https://www.sainsburys.co.uk/shop/gb/groceries/product/details/ready-to-eat-fruit/sainsburys-ftg-apple-grape-strawberry-135g', 'product_name': "Sainsbury's On the Go Apple, Grape & Strawberry 135g", 'product_price': '£1.00', 'product_additionals': '£7.41 / kg'}, {'shop': 'sains', 'url': 'https://www.sainsburys.co.uk/shop/gb/groceries/product/details/ready-to-eat-fruit/sainsburys-ftg-pink-lady-apple-grape-bag', 'product_name': "Sainsbury's On the Go Pink Lady Apple Slices & Grapes Meal Deal 80g", 'product_price': '60p', 'product_additionals': '£7.50 / kg'}, {'shop': 'sains', 'url': 'https://www.sainsburys.co.uk/shop/gb/groceries/product/details/single-pots-and-corner-yogurt/sainsburys-pineapple---coconut-yogurt--taste-the-difference-150g', 'product_name': "Sainsbury's Pineapple & Coconut Yogurt, Taste the Difference 150g", 'product_price': '70p', 'product_additionals': '47p / 100g'}, {'shop': 'sains', 'url': 'https://www.sainsburys.co.uk/shop/gb/groceries/product/details/top-rated-44/sainsburys-pineapple---grapefruit-juice-drink--zero-added-sugar-2l', 'product_name': "Sainsbury's Pineapple & Grapefruit Juice Drink, Zero Added Sugar 2L", 'product_price': '70p', 'product_additionals': '4p / 100ml'}, {'shop': 'sains', 'url': 'https://www.sainsburys.co.uk/shop/gb/groceries/product/details/200-calories-or-less/sainsburys-pineapple-160g', 'product_name': "Sainsbury's Pineapple 160g", 'product_price': '£1.00', 'product_additionals': '£6.25 / kg'}, {'shop': 'sains', 'url': 'https://www.sainsburys.co.uk/shop/gb/groceries/product/details/all-prepared-fruit--veg---salad/sainsburys-pineapple-fridge-bag-500g', 'product_name': "Sainsbury's Pineapple Fridge Bag 500g", 'product_price': '£2.75', 'product_additionals': '£5.50 / kg'}, {'shop': 'sains', 'url': 'https://www.sainsburys.co.uk/shop/gb/groceries/product/details/price-lock-drinks/sainsburys-pineapple-juice-1l', 'product_name': "Sainsbury's Pineapple Juice 1L", 'product_price': '90p', 'product_additionals': '9p / 100ml'}, {'shop': 'sains', 'url': 'https://www.sainsburys.co.uk/shop/gb/groceries/product/details/ready-to-eat-fruit/sainsburys-pineapple-lolly-80g', 'product_name': "Sainsbury's Pineapple Lolly 80g", 'product_price': '40p', 'product_additionals': '£5.00 / kg'}, {'shop': 'sains', 'url': 'https://www.sainsburys.co.uk/shop/gb/groceries/product/details/all-prepared-fruit--veg---salad/sainsburys-pineapple-lolly-80g', 'product_name': "Sainsbury's Pineapple Lolly 80g", 'product_price': '40p', 'product_additionals': '£5.00 / kg'}, {'shop': 'sains', 'url': 'https://www.sainsburys.co.uk/shop/gb/groceries/product/details/all-price-lock/sainsburys-no-added-sugar-pineapple--mango---passionfruit-juice-1l', 'product_name': "Sainsbury's Pineapple Mango & Passionfruit Juice Drink, No Added Sugar 1L", 'product_price': '90p', 'product_additionals': '9p / 100ml'}, {'shop': 'sains', 'url': 'https://www.sainsburys.co.uk/shop/gb/groceries/product/details/price-lock-drinks/sainsburys-no-added-sugar-pineapple--mango---passionfruit-juice-1l', 'product_name': "Sainsbury's Pineapple Mango & Passionfruit Juice Drink, No Added Sugar 1L", 'product_price': '90p', 'product_additionals': '9p / 100ml'}, {'shop': 'sains', 'url': 'https://www.sainsburys.co.uk/shop/gb/groceries/product/details/all-fruit/sainsburys-pineapple-pieces-400g', 'product_name': "Sainsbury's Pineapple Pieces 400g", 'product_price': '£2.00', 'product_additionals': '£5.00 / kg'}, {'shop': 'sains', 'url': 'https://www.sainsburys.co.uk/shop/gb/groceries/product/details/all-mothers-day/sainsburys-pineapple-pieces-400g', 'product_name': "Sainsbury's Pineapple Pieces 400g", 'product_price': '£2.00', 'product_additionals': '£5.00 / kg'}, {'shop': 'sains', 'url': 'https://www.sainsburys.co.uk/shop/gb/groceries/product/details/breakfast-in-bed/sainsburys-pineapple-pieces-400g', 'product_name': "Sainsbury's Pineapple Pieces 400g", 'product_price': '£2.00', 'product_additionals': '£5.00 / kg'}, {'shop': 'sains', 'url': 'https://www.sainsburys.co.uk/shop/gb/groceries/product/details/ready-to-eat-fruit/sainsburys-pineapple-pieces-400g', 'product_name': "Sainsbury's Pineapple Pieces 400g", 'product_price': '£2.00', 'product_additionals': '£5.00 / kg'}, {'shop': 'sains', 'url': 'https://www.sainsburys.co.uk/shop/gb/groceries/product/details/ready-to-eat-fruit/sainsburys-pineapple-slices-350g', 'product_name': "Sainsbury's Pineapple Slices 350g", 'product_price': '£2.00', 'product_additionals': '£5.71 / kg'}, {'shop': 'sains', 'url': 'https://www.sainsburys.co.uk/shop/gb/groceries/product/details/all-prepared-fruit--veg---salad/sainsburys-pineapple-slices-350g', 'product_name': "Sainsbury's Pineapple Slices 350g", 'product_price': '£2.00', 'product_additionals': '£5.71 / kg'}, {'shop': 'sains', 'url': 'https://www.sainsburys.co.uk/shop/gb/groceries/product/details/all-fruit/sainsburys-pineapple-grape-blueberries-210g', 'product_name': "Sainsbury's Pineapple, Grape & Blueberries 210g", 'product_price': '£2.00', 'product_additionals': '£9.52 / kg'}, {'shop': 'sains', 'url': 'https://www.sainsburys.co.uk/shop/gb/groceries/product/details/fruit-veg-bigger-packs/sainsburys-pink-lady-apple-bag-350g', 'product_name': "Sainsbury's Pink Lady Apple Bag 350g", 'product_price': '£2.50', 'product_additionals': '£7.14 / kg'}, {'shop': 'sains', 'url': 'https://www.sainsburys.co.uk/shop/gb/groceries/product/details/ready-to-eat-fruit/sainsburys-pink-lady-apple-bag-350g', 'product_name': "Sainsbury's Pink Lady Apple Bag 350g", 'product_price': '£2.50', 'product_additionals': '£7.14 / kg'}, {'shop': 'sains', 'url': 'https://www.sainsburys.co.uk/shop/gb/groceries/product/details/200-calories-or-less/sainsburys-pink-lady-apple-single-c', 'product_name': "Sainsbury's Pink Lady Apple Single", 'product_price': '50p', 'product_additionals': '50p / ea'}, {'shop': 'sains', 'url': 'https://www.sainsburys.co.uk/shop/gb/groceries/product/details/eat-the-rainbow/sainsburys-pink-lady-apples-so-organic-x6', 'product_name': "Sainsbury's Pink Lady Apples, SO Organic x6", 'product_price': '£3.00', 'product_additionals': '50p / ea'}, {'shop': 'sains', 'url': 'https://www.sainsburys.co.uk/shop/gb/groceries/product/details/discover-bbq/sainsburys-pork-bramley-apple-sausages-taste-the-difference-x6-400g', 'product_name': "Sainsbury's Pork & Bramley Apple Sausages, Taste the Difference x6 400g", 'product_price': '£2.75', 'product_additionals': '£6.88 / kg'}, {'shop': 'sains', 'url': 'https://www.sainsburys.co.uk/shop/gb/groceries/product/details/pub-food-and-drink/sainsburys-pork-bramley-apple-sausages-taste-the-difference-x6-400g', 'product_name': "Sainsbury's Pork & Bramley Apple Sausages, Taste the Difference x6 400g", 'product_price': '£2.75', 'product_additionals': '£6.88 / kg'}, {'shop': 'sains', 'url': 'https://www.sainsburys.co.uk/shop/gb/groceries/product/details/all-price-lock/sainsburys-pure-apple-juice-3x200ml', 'product_name': "Sainsbury's Pure Apple Juice 3x200ml", 'product_price': '80p', 'product_additionals': '13p / 100ml'}, {'shop': 'sains', 'url': 'https://www.sainsburys.co.uk/shop/gb/groceries/product/details/all-ready-meals-/sainsburys-red-cabbage-300g', 'product_name': "Sainsbury's Red Cabbage with Apple and Redcurrant Jelly 300g", 'product_price': '£2.00', 'product_additionals': '£6.67 / kg'}, {'shop': 'sains', 'url': 'https://www.sainsburys.co.uk/shop/gb/groceries/product/details/baby-vegetables/sainsburys-red-cabbage--taste-the-difference-400g', 'product_name': "Sainsbury's Red Cabbage with Sweet Apple & Cranberries 400g", 'product_price': '£2.75', 'product_additionals': '£9.17 / kg'}, {'shop': 'sains', 'url': 'https://www.sainsburys.co.uk/shop/gb/groceries/product/details/all-fruit/sainsburys-red-dessert-apples-x4', 'product_name': "Sainsbury's Red Dessert Apples x4", 'product_price': '£2.00', 'product_additionals': '£2.00 / ea'}, {'shop': 'sains', 'url': 'https://www.sainsburys.co.uk/shop/gb/groceries/product/details/loose-produce/sainsburys-british-royal-gala-apple-single-c', 'product_name': "Sainsbury's Royal Gala Apple Single", 'product_price': '30p', 'product_additionals': '30p / ea'}, {'shop': 'sains', 'url': 'https://www.sainsburys.co.uk/shop/gb/groceries/product/details/special-offers-279819-44/sainsburys-royal-gala-apples-x6', 'product_name': "Sainsbury's Royal Gala Apples x6", 'product_price': '£1.20', 'product_additionals': '20p / ea'}, {'shop': 'sains', 'url': 'https://www.sainsburys.co.uk/shop/gb/groceries/product/details/first-shop-essentials/sainsburys-royal-gala-apples-x6', 'product_name': "Sainsbury's Royal Gala Apples x6", 'product_price': '£1.20', 'product_additionals': '20p / ea'}, {'shop': 'sains', 'url': 'https://www.sainsburys.co.uk/shop/gb/groceries/product/details/all-fruit/sainsburys-rubens-apples-x5', 'product_name': "Sainsbury's Rubens Apples x5", 'product_price': '£1.50', 'product_additionals': '£1.50 / ea'}, {'shop': 'sains', 'url': 'https://www.sainsburys.co.uk/shop/gb/groceries/product/details/just-cook-ready-meals/sainsburys-just-cook-pork-belly-with-apple-sauce-470g', 'product_name': "Sainsbury's Slow Cooked British Pork Belly with Crackling Crumb & Apple Sauce 470g (Serves 2)", 'product_price': '£4.75', 'product_additionals': '£10.11 / kg'}, {'shop': 'sains', 'url': 'https://www.sainsburys.co.uk/shop/gb/groceries/product/details/taste-the-difference-meat-fish/sainsburys-smoked-applewood-s-cure-bcn--taste-the-difference-220g', 'product_name': "Sainsbury's Smoked Applewood Sweet Cure Bacon, Taste the Difference x6 220g", 'product_price': '£2.75', 'product_additionals': '£12.50 / kg'}, {'shop': 'sains', 'url': 'https://www.sainsburys.co.uk/shop/gb/groceries/product/details/simple-meals/sainsburys-stonebaked-ham---pineapple-pizza-10', 'product_name': "Sainsbury's Stonebaked Ham & Pineapple Hand Stretched Pizza 295g", 'product_price': '£3.00', 'product_additionals': '£10.17 / kg'}, {'shop': 'sains', 'url': 'https://www.sainsburys.co.uk/shop/gb/groceries/product/details/big-night-in/sainsburys-stonebaked-ham---pineapple-pizza-10', 'product_name': "Sainsbury's Stonebaked Ham & Pineapple Hand Stretched Pizza 295g", 'product_price': '£3.00', 'product_additionals': '£10.17 / kg'}, {'shop': 'sains', 'url': 'https://www.sainsburys.co.uk/shop/gb/groceries/product/details/meals-for-tonight/sainsburys-stonebaked-ham---pineapple-pizza-10', 'product_name': "Sainsbury's Stonebaked Ham & Pineapple Hand Stretched Pizza 295g", 'product_price': '£3.00', 'product_additionals': '£10.17 / kg'}, {'shop': 'sains', 'url': 'https://www.sainsburys.co.uk/shop/gb/groceries/product/details/all-fruit/sainsburys-toffee-apples-each-', 'product_name': "Sainsbury's Toffee Apples (each)", 'product_price': '60p', 'product_additionals': '60p / ea'}, {'shop': 'asda', 'url': 'https://groceries.asda.com/product/1000222808988', 'product_name': 'Sally Hansen Insta-Dri Nail Polish Asap Apple', 'product_price': '£4.95', 'product_additionals': '(£5.50/10ml)'}, {'shop': 'asda', 'url': 'https://groceries.asda.com/product/1000227127183', 'product_name': 'ScentSationals Pumpkin Apple Muffins Wax Cubes', 'product_price': '£2.00', 'product_additionals': '(£2.00/each)'}, {'shop': 'asda', 'url': 'https://groceries.asda.com/product/1000103026346', 'product_name': 'Schwartz Christmas Limited Edition Braised Red Cabbage with Apple & Cider Recipe Mix', 'product_price': '£0.85', 'product_additionals': '(£2.43/100g)'}, {'shop': 'tesco', 'url': 'https://www.tesco.com/groceries/en-GB/products/276688264', 'product_name': 'Scrumpy Jack Apple Cider 4X440ml Can', 'product_price': '£ 4.00', 'product_additionals': '£2.28/litre'}, {'shop': 'tesco', 'url': 'https://www.tesco.com/groceries/en-GB/products/259808535', 'product_name': 'Shloer White Grape And Apple Juice Drink 750Ml', 'product_price': '£ 2.20', 'product_additionals': '£0.29/100ml'}, {'shop': 'tesco', 'url': 'https://www.tesco.com/groceries/en-GB/products/279842814', 'product_name': 'Sis. Go Isotonic Gel Apple 60Ml', 'product_price': '£ 6.00', 'product_additionals': '£10.00/100ml'}, {'shop': 'sains', 'url': 'https://www.sainsburys.co.uk/shop/gb/groceries/product/details/new-355373-44/small-apple-plush-134412220-p', 'product_name': 'Small Apple Plush', 'product_price': '£4.50', 'product_additionals': '£4.50 / ea'}, {'shop': 'asda', 'url': 'https://groceries.asda.com/product/1000000460812', 'product_name': 'Smirnoff Premium Green Apple Vodka', 'product_price': '£17.00', 'product_additionals': '(£24.29/lt)'}, {'shop': 'asda', 'url': 'https://groceries.asda.com/product/910003192237', 'product_name': 'Snapple Blushing Apple Juice Drink', 'product_price': '£1.50', 'product_additionals': '(31.7p/100ml)'}, {'shop': 'asda', 'url': 'https://groceries.asda.com/product/910003007348', 'product_name': 'Snapple Fruit Punch Juice Drink', 'product_price': '£1.50', 'product_additionals': '(31.7p/100ml)'}, {'shop': 'asda', 'url': 'https://groceries.asda.com/product/910003007161', 'product_name': 'Snapple Pink Lemonade Still Juice Drink', 'product_price': '£1.50', 'product_additionals': '(31.7p/100ml)'}, {'shop': 'tesco', 'url': 'https://www.tesco.com/groceries/en-GB/products/292561044', 'product_name': 'Snapple Pink Lemonade Still Juice Drink 473Ml', 'product_price': '£ 1.50', 'product_additionals': '£0.32/100ml'}, {'shop': 'asda', 'url': 'https://groceries.asda.com/product/1000018541652', 'product_name': 'Soreen 5 Apple Lunchbox Loaves', 'product_price': '£1.40', 'product_additionals': '(28.0p/each)'}, {'shop': 'tesco', 'url': 'https://www.tesco.com/groceries/en-GB/products/297385855', 'product_name': 'Soreen 5 Apple Lunchbox Loaves 150G', 'product_price': '£ 1.40', 'product_additionals': '£0.93/100g'}, {'shop': 'coop', 'url': 'https://www.coop.co.uk/products/soreen-apple-lunchbox-loaves-5x30g', 'product_name': 'Soreen Apple Lunchbox Loaves 5x30g', 'product_price': '£1', 'product_additionals': '5x30g (66.6p per 100g)\n5 pack'}, {'shop': 'asda', 'url': 'https://groceries.asda.com/product/1000177860926', 'product_name': 'Soreen Scream Toffee Apple 5 Mini Loaves', 'product_price': '£1.00', 'product_additionals': '(20.0p/each)'}, {'shop': 'asda', 'url': 'https://groceries.asda.com/product/507315', 'product_name': 'Sourz Apple', 'product_price': '£7.50', 'product_additionals': '(£10.71/lt)'}, {'shop': 'tesco', 'url': 'https://www.tesco.com/groceries/en-GB/products/253146098', 'product_name': 'Sourz Apple 70Cl', 'product_price': '£ 11.00', 'product_additionals': '£15.72/litre'}, {'shop': 'tesco', 'url': 'https://www.tesco.com/groceries/en-GB/products/301107437', 'product_name': 'Stockwell & Co Apple & Blackcurrant No Added Sugar Squash 750Ml', 'product_price': '£ 0.40', 'product_additionals': '£0.05/100ml'}, {'shop': 'asda', 'url': 'https://groceries.asda.com/product/910001266849', 'product_name': 'Stowford Press Apple Cider', 'product_price': '£1.80', 'product_additionals': 'No weight data'}, {'shop': 'tesco', 'url': 'https://www.tesco.com/groceries/en-GB/products/303261526', 'product_name': 'Stowford Press Apple Cider 4 X 440Ml Can', 'product_price': '£ 3.00', 'product_additionals': '£1.71/litre'}, {'shop': 'tesco', 'url': 'https://www.tesco.com/groceries/en-GB/products/306951886', 'product_name': 'Stowford Press Apple Cider Low Alcohol 500Ml', 'product_price': '£ 1.30', 'product_additionals': '£2.60/litre'}, {'shop': 'tesco', 'url': 'https://www.tesco.com/groceries/en-GB/products/305988821', 'product_name': 'Strongbow Cloudy Apple Cider 10 X 440Ml', 'product_price': '£ 9.00', 'product_additionals': '£2.05/litre'}, {'shop': 'tesco', 'url': 'https://www.tesco.com/groceries/en-GB/products/305735689', 'product_name': 'Strongbow Cloudy Apple Cider 4 X 440Ml', 'product_price': '£ 3.75', 'product_additionals': '£2.14/litre'}, {'shop': 'asda', 'url': 'https://groceries.asda.com/product/1000150900154', 'product_name': 'Strongbow Cloudy Apple Cider Cans', 'product_price': '£8.00', 'product_additionals': '(£1.82/lt)'}, {'shop': 'asda', 'url': 'https://groceries.asda.com/product/1000150899830', 'product_name': 'Strongbow Cloudy Apple Cider Cans', 'product_price': '£3.75', 'product_additionals': '(£2.13/lt)'}, {'shop': 'coop', 'url': 'https://www.coop.co.uk/products/strongbow-cloudy-apple-cider-cans-4x440ml', 'product_name': 'Strongbow Cloudy Apple Cider Cans 4x440ml', 'product_price': '£4.15', 'product_additionals': '4x440ml (£2.36 per litre)\n4 pack'}, {'shop': 'tesco', 'url': 'https://www.tesco.com/groceries/en-GB/products/256607708', 'product_name': 'Sun Exotic Pineapple & Coconut Juice Drink 1Ltr', 'product_price': '£ 1.50', 'product_additionals': '£0.15/100ml'}, {'shop': 'asda', 'url': 'https://groceries.asda.com/product/1000038368834', 'product_name': 'Sun Exotic Pineapple & Coconut Still Drink', 'product_price': '£1.00', 'product_additionals': '(10.0p/100ml)'}, {'shop': 'tesco', 'url': 'https://www.tesco.com/groceries/en-GB/products/307132299', 'product_name': 'Sunkist No Added Sugar Apple & Blackcurrant Squash 1 Litre', 'product_price': '£ 1.00', 'product_additionals': '£0.10/100ml'}, {'shop': 'asda', 'url': 'https://groceries.asda.com/product/1000143100235', 'product_name': 'Swizzels 5 Pack Push-UP! Blackcurrant Cherry & Apple Strawberry', 'product_price': '£1.24', 'product_additionals': '(44.3p/100ml)'}, {'shop': 'sains', 'url': 'https://www.sainsburys.co.uk/shop/gb/groceries/product/details/all-easter-eggs-and-chocolate-/swizzels-squashies-drumchick-orange-pineapple-foam-gums-160g', 'product_name': 'Swizzels Drumchick Squashies Orange & Pineapple Foam Gums', 'product_price': '£1.00', 'product_additionals': '63p / 100g'}, {'shop': 'asda', 'url': 'https://groceries.asda.com/product/1000039942528', 'product_name': 'Swizzels Drumstick Squashies Sour Cherry & Apple Flavour', 'product_price': '£0.90', 'product_additionals': '(56.2p/100g)'}, {'shop': 'sains', 'url': 'https://www.sainsburys.co.uk/shop/gb/groceries/product/details/all-gluten-free-food-and-drink/swizzels-push-up!-blackcurrant-cherry-apple-strawberry-ice-lollies-5x56ml', 'product_name': 'Swizzels Push-UP! Blackcurrant Cherry & Apple Strawberry Ice Lollies 5x56ml', 'product_price': '£1.00', 'product_additionals': '36p / 100g'}, {'shop': 'tesco', 'url': 'https://www.tesco.com/groceries/en-GB/products/276956212', 'product_name': 'T.100% Pure Pressed Pineapple Juicenfc 1 Litre', 'product_price': '£ 1.25', 'product_additionals': '£0.12/100ml'}, {'shop': 'tesco', 'url': 'https://www.tesco.com/groceries/en-GB/products/278994762', 'product_name': 'Tesco 100% Pure Pressed Apple & Raspberry Juice 1L', 'product_price': '£ 1.25', 'product_additionals': '£0.12/100ml'}, {'shop': 'tesco', 'url': 'https://www.tesco.com/groceries/en-GB/products/307811982', 'product_name': 'Tesco 11Oz Scented Candle - Mango & Pineapple', 'product_price': '£ 3.50', 'product_additionals': '£3.50/each'}, {'shop': 'tesco', 'url': 'https://www.tesco.com/groceries/en-GB/products/299919429', 'product_name': 'Tesco 2 Apple & Blackberry Puddings 220G', 'product_price': '£ 2.00', 'product_additionals': '£0.91/100g'}, {'shop': 'tesco', 'url': 'https://www.tesco.com/groceries/en-GB/products/260881071', 'product_name': 'Tesco 2 Apple Crumble 270G', 'product_price': '£ 2.00', 'product_additionals': '£0.74/100g'}, {'shop': 'tesco', 'url': 'https://www.tesco.com/groceries/en-GB/products/297297274', 'product_name': 'Tesco 2 Fresh Cream Bramley Apple Turnovers 160G', 'product_price': '£ 1.60', 'product_additionals': '£1.00/100g'}, {'shop': 'tesco', 'url': 'https://www.tesco.com/groceries/en-GB/products/307811999', 'product_name': 'Tesco 20Oz Scented Candle - Mango & Pineapple', 'product_price': '£ 5.00', 'product_additionals': '£5.00/each'}, {'shop': 'tesco', 'url': 'https://www.tesco.com/groceries/en-GB/products/307812007', 'product_name': 'Tesco 27Pk Scented Tealights Mango & Pineapple', 'product_price': '£ 1.75', 'product_additionals': '£0.06/each'}, {'shop': 'tesco', 'url': 'https://www.tesco.com/groceries/en-GB/products/307812013', 'product_name': 'Tesco 30Ml Reed Diffuser - Mango & Pineapple', 'product_price': '£ 1.00', 'product_additionals': '£33.34/litre'}, {'shop': 'tesco', 'url': 'https://www.tesco.com/groceries/en-GB/products/275712998', 'product_name': 'Tesco 6 Apple Fruity Bakes 222G', 'product_price': '£ 0.95', 'product_additionals': '£0.43/100g'}, {'shop': 'tesco', 'url': 'https://www.tesco.com/groceries/en-GB/products/268849340', 'product_name': 'Tesco 8 British Pork & Apple Sausages 454G', 'product_price': '£ 1.70', 'product_additionals': '£3.75/kg'}, {'shop': 'tesco', 'url': 'https://www.tesco.com/groceries/en-GB/products/270887556', 'product_name': 'Tesco Antibacterial Floor Wipes Apple 15Pack', 'product_price': '£ 1.00', 'product_additionals': '£0.07/each'}, {'shop': 'tesco', 'url': 'https://www.tesco.com/groceries/en-GB/products/270887734', 'product_name': 'Tesco Antibacterial Multi Surface Wipes Apple 40 Pack', 'product_price': '£ 1.00', 'product_additionals': '£0.02/each'}, {'shop': 'tesco', 'url': 'https://www.tesco.com/groceries/en-GB/products/252905391', 'product_name': 'Tesco Apple & Blackcurrant Juice Drink No Added Sugar 3X250ml', 'product_price': '£ 0.70', 'product_additionals': '£0.09/100ml'}, {'shop': 'tesco', 'url': 'https://www.tesco.com/groceries/en-GB/products/288178256', 'product_name': 'Tesco Apple & Elderflower Not From Concentrated Juice 1L', 'product_price': '£ 1.25', 'product_additionals': '£0.12/100ml'}, {'shop': 'tesco', 'url': 'https://www.tesco.com/groceries/en-GB/products/284738142', 'product_name': 'Tesco Apple & Elderflower Sparkling Water 1 Litre', 'product_price': '£ 0.45', 'product_additionals': '£0.04/100ml'}, {'shop': 'tesco', 'url': 'https://www.tesco.com/groceries/en-GB/products/286681740', 'product_name': 'Tesco Apple & Grape Snack Pack 80G', 'product_price': '£ 0.50', 'product_additionals': '£6.25/kg'}, {'shop': 'tesco', 'url': 'https://www.tesco.com/groceries/en-GB/products/280823531', 'product_name': 'Tesco Apple & Mango High Juice 1Ltr', 'product_price': '£ 1.35', 'product_additionals': '£0.14/100ml'}, {'shop': 'tesco', 'url': 'https://www.tesco.com/groceries/en-GB/products/276956454', 'product_name': 'Tesco Apple & Mango Juice Not From Concentrate 1 Litre', 'product_price': '£ 1.25', 'product_additionals': '£0.12/100ml'}, {'shop': 'tesco', 'url': 'https://www.tesco.com/groceries/en-GB/products/301269129', 'product_name': 'Tesco Apple & Mango Pouch 70G', 'product_price': '£ 0.45', 'product_additionals': '£0.64/100g'}, {'shop': 'tesco', 'url': 'https://www.tesco.com/groceries/en-GB/products/292718079', 'product_name': 'Tesco Apple & Raspberry No Added Sugar Sparkling Water 4X500ml', 'product_price': '£ 1.29', 'product_additionals': '£0.06/100ml'}, {'shop': 'tesco', 'url': 'https://www.tesco.com/groceries/en-GB/products/289510599', 'product_name': 'Tesco Apple And Mango From Concentrate 1 Litre', 'product_price': '£ 0.90', 'product_additionals': '£0.09/100ml'}, {'shop': 'tesco', 'url': 'https://www.tesco.com/groceries/en-GB/products/301269439', 'product_name': 'Tesco Apple Anti-Dandruff Shampoo 300Ml', 'product_price': '£ 1.00', 'product_additionals': '£0.33/100ml'}, {'shop': 'tesco', 'url': 'https://www.tesco.com/groceries/en-GB/products/256595496', 'product_name': 'Tesco Apple Cider 4X440ml Can', 'product_price': '£ 2.20', 'product_additionals': '£1.25/litre'}, {'shop': 'tesco', 'url': 'https://www.tesco.com/groceries/en-GB/products/307136220', 'product_name': 'Tesco Apple Crumble 500G', 'product_price': '£ 2.80', 'product_additionals': '£0.56/100g'}, {'shop': 'tesco', 'url': 'https://www.tesco.com/groceries/en-GB/products/263450571', 'product_name': 'Tesco Apple Mango Passion Fruit & Peach Juice Not From Concentrate 1L', 'product_price': '£ 1.25', 'product_additionals': '£0.12/100ml'}, {'shop': 'tesco', 'url': 'https://www.tesco.com/groceries/en-GB/products/302000792', 'product_name': 'Tesco Apple Rice Cakes 4 X 20G', 'product_price': '£ 1.80', 'product_additionals': '£0.22/10g'}, {'shop': 'tesco', 'url': 'https://www.tesco.com/groceries/en-GB/products/302000832', 'product_name': 'Tesco Apple Rice Cakes 40G', 'product_price': '£ 0.80', 'product_additionals': '£0.20/10g'}, {'shop': 'tesco', 'url': 'https://www.tesco.com/groceries/en-GB/products/262290526', 'product_name': 'Tesco Apple Slices 300G', 'product_price': '£ 2.30', 'product_additionals': '£7.67/kg'}, {'shop': 'tesco', 'url': 'https://www.tesco.com/groceries/en-GB/products/254752129', 'product_name': 'Tesco Apple Strudel 600G', 'product_price': '£ 1.35', 'product_additionals': '£0.22/100g'}, {'shop': 'tesco', 'url': 'https://www.tesco.com/groceries/en-GB/products/306801166', 'product_name': 'Tesco Apple, Lemon & Ginger Juice 1L', 'product_price': '£ 1.25', 'product_additionals': '£0.12/100ml'}, {'shop': 'tesco', 'url': 'https://www.tesco.com/groceries/en-GB/products/256045013', 'product_name': 'Tesco Apple/Blackcurrant Juice (No Added Sugar) Drink 12X250ml', 'product_price': '£ 2.75', 'product_additionals': '£0.09/100ml'}, {'shop': 'tesco', 'url': 'https://www.tesco.com/groceries/en-GB/products/284475671', 'product_name': 'Tesco Braeburn Apple Minimum 5 Pack', 'product_price': '£ 1.60', 'product_additionals': '£0.32/each'}, {'shop': 'tesco', 'url': 'https://www.tesco.com/groceries/en-GB/products/257313927', 'product_name': 'Tesco Bramley Apple Pies 6 Pack', 'product_price': '£ 1.00', 'product_additionals': '£0.17/each'}, {'shop': 'tesco', 'url': 'https://www.tesco.com/groceries/en-GB/products/257471969', 'product_name': 'Tesco Bramley Apple Sauce 270G', 'product_price': '£ 0.55', 'product_additionals': '£0.20/100g'}, {'shop': 'tesco', 'url': 'https://www.tesco.com/groceries/en-GB/products/257471883', 'product_name': 'Tesco Bramley Apple Sauce 470G', 'product_price': '£ 1.15', 'product_additionals': '£0.24/100g'}, {'shop': 'tesco', 'url': 'https://www.tesco.com/groceries/en-GB/products/253558033', 'product_name': 'Tesco Bramley Cooking Apples Loose', 'product_price': '£ 0.50', 'product_additionals': '£2.00/kg'}, {'shop': 'tesco', 'url': 'https://www.tesco.com/groceries/en-GB/products/284477058', 'product_name': 'Tesco British Apple Minimum 5 Pack', 'product_price': '£ 1.60', 'product_additionals': '£0.32/each'}, {'shop': 'tesco', 'url': 'https://www.tesco.com/groceries/en-GB/products/263588172', 'product_name': 'Tesco Double Concentrate Apple & Blackcurrant No Added Sugar Squash 1.5L', 'product_price': '£ 1.00', 'product_additionals': '£0.07/100ml'}, {'shop': 'tesco', 'url': 'https://www.tesco.com/groceries/en-GB/products/263588926', 'product_name': 'Tesco Double Concentrate Apple & Strawberry Squash N/As 1.5L', 'product_price': '£ 1.00', 'product_additionals': '£0.07/100ml'}, {'shop': 'tesco', 'url': 'https://www.tesco.com/groceries/en-GB/products/263588362', 'product_name': 'Tesco Double Concentrate Lemon Orange & Pineapple No Added Sugar Squash 1.5L', 'product_price': '£ 1.00', 'product_additionals': '£0.07/100ml'}, {'shop': 'tesco', 'url': 'https://www.tesco.com/groceries/en-GB/products/263588621', 'product_name': 'Tesco Double Strength Apple Squash No Added Sugar 1.5L', 'product_price': '£ 1.00', 'product_additionals': '£0.07/100ml'}, {'shop': 'tesco', 'url': 'https://www.tesco.com/groceries/en-GB/products/275945100', 'product_name': 'Tesco Easy Oats Apple & Blueberry 360G', 'product_price': '£ 1.00', 'product_additionals': '£0.28/100g'}, {'shop': 'tesco', 'url': 'https://www.tesco.com/groceries/en-GB/products/301281338', 'product_name': 'Tesco Extracts Apple Shampoo 500Ml', 'product_price': '£ 0.80', 'product_additionals': '£0.16/100ml'}, {'shop': 'tesco', 'url': 'https://www.tesco.com/groceries/en-GB/products/286671239', 'product_name': 'Tesco Finest 4 Apple & Cinnamon Hot Cross Buns', 'product_price': '£ 1.50', 'product_additionals': '£0.38/each'}, {'shop': 'tesco', 'url': 'https://www.tesco.com/groceries/en-GB/products/305959453', 'product_name': 'Tesco Finest Apple & Blackcurrant Crumble Cake', 'product_price': '£ 12.00', 'product_additionals': '£12.00/each'}, {'shop': 'tesco', 'url': 'https://www.tesco.com/groceries/en-GB/products/288805713', 'product_name': 'Tesco Finest Apple & Cranberry Stuffing Mix 130G', 'product_price': '£ 1.40', 'product_additionals': '£10.77/kg'}, {'shop': 'tesco', 'url': 'https://www.tesco.com/groceries/en-GB/products/284477317', 'product_name': 'Tesco Finest Best Of British Apple 4 Pack 590G', 'product_price': '£ 1.80', 'product_additionals': '£3.06/kg'}, {'shop': 'tesco', 'url': 'https://www.tesco.com/groceries/en-GB/products/279232684', 'product_name': 'Tesco Finest British Bramley Apple Sauce With Cider 200G', 'product_price': '£ 1.50', 'product_additionals': '£0.75/100g'}, {'shop': 'tesco', 'url': 'https://www.tesco.com/groceries/en-GB/products/280520935', 'product_name': "Tesco Finest Cox's Apple & Elder Presse 750Ml", 'product_price': '£ 2.00', 'product_additionals': '£0.27/100ml'}, {'shop': 'tesco', 'url': 'https://www.tesco.com/groceries/en-GB/products/306658669', 'product_name': 'Tesco Finest Pnk/Ldy 2 Pack Apple Juice & Lemonade 750Ml', 'product_price': '£ 5.00', 'product_additionals': '£0.33/100ml'}, {'shop': 'tesco', 'url': 'https://www.tesco.com/groceries/en-GB/products/306651439', 'product_name': 'Tesco Finest Pressed Pink Lady Apple Juice 1L', 'product_price': '£ 2.50', 'product_additionals': '£0.25/100ml'}, {'shop': 'tesco', 'url': 'https://www.tesco.com/groceries/en-GB/products/297673445', 'product_name': 'Tesco Finest Slow Cooked Gammon Shank In Pineapple 550G', 'product_price': '£ 6.00', 'product_additionals': '£10.91/kg'}, {'shop': 'tesco', 'url': 'https://www.tesco.com/groceries/en-GB/products/296070895', 'product_name': 'Tesco Finest Smoked Applewood Ham 125G', 'product_price': '£ 2.50', 'product_additionals': '£2.00/100g'}, {'shop': 'tesco', 'url': 'https://www.tesco.com/groceries/en-GB/products/256682675', 'product_name': 'Tesco Free From Bramley Apple Pies 4 Pack', 'product_price': '£ 2.00', 'product_additionals': '£0.50/each'}, {'shop': 'tesco', 'url': 'https://www.tesco.com/groceries/en-GB/products/257819433', 'product_name': 'Tesco Fruit Splash Apple Juice Drink No Added Sugar 3X250ml', 'product_price': '£ 0.70', 'product_additionals': '£0.09/100ml'}, {'shop': 'tesco', 'url': 'https://www.tesco.com/groceries/en-GB/products/284475550', 'product_name': 'Tesco Gala Apple Minimum 5 Pack', 'product_price': '£ 1.60', 'product_additionals': '£0.27/each'}, {'shop': 'tesco', 'url': 'https://www.tesco.com/groceries/en-GB/products/289599764', 'product_name': 'Tesco Gammon Steak With Cheese & Pineapple 345G', 'product_price': '£ 3.00', 'product_additionals': '£8.70/kg'}, {'shop': 'tesco', 'url': 'https://www.tesco.com/groceries/en-GB/products/284475890', 'product_name': 'Tesco Golden Delicious Apple Minimum 5', 'product_price': '£ 1.60', 'product_additionals': '£0.32/each'}, {'shop': 'tesco', 'url': 'https://www.tesco.com/groceries/en-GB/products/284475832', 'product_name': 'Tesco Granny Smith Apple Minimum 5 Pack', 'product_price': '£ 1.60', 'product_additionals': '£0.27/each'}, {'shop': 'tesco', 'url': 'https://www.tesco.com/groceries/en-GB/products/302219827', 'product_name': 'Tesco Ham & Pineapple Pizza 316G', 'product_price': '£ 1.65', 'product_additionals': '£0.52/100g'}, {'shop': 'tesco', 'url': 'https://www.tesco.com/groceries/en-GB/products/301218916', 'product_name': 'Tesco High Juice Apple & Elderflower 1L', 'product_price': '£ 1.35', 'product_additionals': '£0.14/100ml'}, {'shop': 'tesco', 'url': 'https://www.tesco.com/groceries/en-GB/products/255185891', 'product_name': 'Tesco High Juice Apple Squash 1L', 'product_price': '£ 1.35', 'product_additionals': '£0.14/100ml'}, {'shop': 'tesco', 'url': 'https://www.tesco.com/groceries/en-GB/products/292991312', 'product_name': 'Tesco Instant Oats Porridge Pot Apple & Blueberry 55G', 'product_price': '£ 0.35', 'product_additionals': '£0.64/100g'}, {'shop': 'tesco', 'url': 'https://www.tesco.com/groceries/en-GB/products/284477628', 'product_name': 'Tesco Jazz Apple', 'product_price': '£ 2.40', 'product_additionals': '£0.40/each'}, {'shop': 'tesco', 'url': 'https://www.tesco.com/groceries/en-GB/products/301219472', 'product_name': 'Tesco Juice Drink Apple & Raspberry 1 Litre', 'product_price': '£ 0.90', 'product_additionals': '£0.09/100ml'}, {'shop': 'tesco', 'url': 'https://www.tesco.com/groceries/en-GB/products/276116625', 'product_name': 'Tesco Kids Apple & Melon 2 In 1 Shampoo 250Ml', 'product_price': '£ 1.00', 'product_additionals': '£0.40/100ml'}, {'shop': 'tesco', 'url': 'https://www.tesco.com/groceries/en-GB/products/260905678', 'product_name': 'Tesco Large Pineapple Each', 'product_price': '£ 1.70', 'product_additionals': '£1.70/each'}, {'shop': 'tesco', 'url': 'https://www.tesco.com/groceries/en-GB/products/250398900', 'product_name': 'Tesco Organic Apple Juice 3X200ml', 'product_price': '£ 1.10', 'product_additionals': '£0.18/100ml'}, {'shop': 'tesco', 'url': 'https://www.tesco.com/groceries/en-GB/products/287023171', 'product_name': 'Tesco Organic Gala Apples 630G', 'product_price': '£ 2.25', 'product_additionals': '£3.58/kg'}, {'shop': 'tesco', 'url': 'https://www.tesco.com/groceries/en-GB/products/293171580', 'product_name': 'Tesco Organic Pink Lady Apples 440G', 'product_price': '£ 2.50', 'product_additionals': '£5.69/kg'}, {'shop': 'tesco', 'url': 'https://www.tesco.com/groceries/en-GB/products/301269141', 'product_name': 'Tesco Pear & Apple Pouch 70G', 'product_price': '£ 0.45', 'product_additionals': '£0.64/100g'}, {'shop': 'tesco', 'url': 'https://www.tesco.com/groceries/en-GB/products/294770041', 'product_name': 'Tesco Pineapple 0% Fat Cottage Cheese 300G', 'product_price': '£ 1.00', 'product_additionals': '£3.34/kg'}, {'shop': 'tesco', 'url': 'https://www.tesco.com/groceries/en-GB/products/302971678', 'product_name': 'Tesco Pineapple Chunks 145G', 'product_price': '£ 1.00', 'product_additionals': '£6.90/kg'}, {'shop': 'tesco', 'url': 'https://www.tesco.com/groceries/en-GB/products/302971655', 'product_name': 'Tesco Pineapple Chunks 270G', 'product_price': '£ 2.00', 'product_additionals': '£7.41/kg'}, {'shop': 'tesco', 'url': 'https://www.tesco.com/groceries/en-GB/products/279054497', 'product_name': 'Tesco Pineapple Chunks 450G', 'product_price': '£ 2.00', 'product_additionals': '£4.45/kg'}, {'shop': 'tesco', 'url': 'https://www.tesco.com/groceries/en-GB/products/255230763', 'product_name': 'Tesco Pineapple Each', 'product_price': '£ 0.75', 'product_additionals': '£0.75/each'}, {'shop': 'tesco', 'url': 'https://www.tesco.com/groceries/en-GB/products/287872392', 'product_name': 'Tesco Pineapple Fingers 500G', 'product_price': '£ 2.60', 'product_additionals': '£5.20/kg'}, {'shop': 'tesco', 'url': 'https://www.tesco.com/groceries/en-GB/products/285347418', 'product_name': 'Tesco Pineapple Fingers 80G', 'product_price': '£ 0.60', 'product_additionals': '£7.50/kg'}, {'shop': 'tesco', 'url': 'https://www.tesco.com/groceries/en-GB/products/259336315', 'product_name': 'Tesco Pineapple Juice 1 Litre', 'product_price': '£ 0.90', 'product_additionals': '£0.09/100ml'}, {'shop': 'tesco', 'url': 'https://www.tesco.com/groceries/en-GB/products/258298194', 'product_name': 'Tesco Pineapple Juice 3X200ml', 'product_price': '£ 0.80', 'product_additionals': '£0.13/100ml'}, {'shop': 'tesco', 'url': 'https://www.tesco.com/groceries/en-GB/products/254900335', 'product_name': 'Tesco Pineapple Slices In Juice 432G', 'product_price': '£ 0.80', 'product_additionals': '£3.09/kg DR.WT'}, {'shop': 'tesco', 'url': 'https://www.tesco.com/groceries/en-GB/products/255605263', 'product_name': 'Tesco Pineapple Slices In Natural Juice 227G', 'product_price': '£ 0.50', 'product_additionals': '£3.68/kg DR.WT'}, {'shop': 'tesco', 'url': 'https://www.tesco.com/groceries/en-GB/products/301513359', 'product_name': 'Tesco Pink Lady Apple & Grape Pot 100G', 'product_price': '£ 1.00', 'product_additionals': '£1.00/100g'}, {'shop': 'tesco', 'url': 'https://www.tesco.com/groceries/en-GB/products/302947950', 'product_name': 'Tesco Pink Lady Apple And Grape Snack Pot 100G', 'product_price': '£ 1.00', 'product_additionals': '£10.00/kg'}, {'shop': 'tesco', 'url': 'https://www.tesco.com/groceries/en-GB/products/302947875', 'product_name': 'Tesco Pink Lady Apple Doy Bag 350G', 'product_price': '£ 2.40', 'product_additionals': '£6.86/kg'}, {'shop': 'tesco', 'url': 'https://www.tesco.com/groceries/en-GB/products/284477542', 'product_name': 'Tesco Pink Lady Apple Minimum 5 Pack', 'product_price': '£ 2.75', 'product_additionals': '£0.55/each'}, {'shop': 'tesco', 'url': 'https://www.tesco.com/groceries/en-GB/products/301513394', 'product_name': 'Tesco Pink Lady Apple Pot 80G', 'product_price': '£ 1.00', 'product_additionals': '£1.25/100g'}, {'shop': 'tesco', 'url': 'https://www.tesco.com/groceries/en-GB/products/305941600', 'product_name': 'Tesco Pork & Apple Casserole 580G', 'product_price': '£ 5.00', 'product_additionals': '£8.63/kg'}, {'shop': 'tesco', 'url': 'https://www.tesco.com/groceries/en-GB/products/305522048', 'product_name': 'Tesco Pork Belly With Apple Sauce 370G', 'product_price': '£ 3.50', 'product_additionals': '£9.46/kg'}, {'shop': 'tesco', 'url': 'https://www.tesco.com/groceries/en-GB/products/276956270', 'product_name': 'Tesco Pressed Apple Juice Not From Concentrate 1 Litre', 'product_price': '£ 1.25', 'product_additionals': '£0.12/100ml'}, {'shop': 'tesco', 'url': 'https://www.tesco.com/groceries/en-GB/products/254859580', 'product_name': 'Tesco Pure Apple Juice 1 Litre', 'product_price': '£ 0.90', 'product_additionals': '£0.09/100ml'}, {'shop': 'tesco', 'url': 'https://www.tesco.com/groceries/en-GB/products/254858137', 'product_name': 'Tesco Pure Apple Juice 3X200ml', 'product_price': '£ 0.80', 'product_additionals': '£0.13/100ml'}, {'shop': 'tesco', 'url': 'https://www.tesco.com/groceries/en-GB/products/254859608', 'product_name': 'Tesco Pure Apple Juice 4 X 1 Litre', 'product_price': '£ 3.30', 'product_additionals': '£0.08/100ml'}, {'shop': 'tesco', 'url': 'https://www.tesco.com/groceries/en-GB/products/287258739', 'product_name': 'Tesco Pure Apple Juice 5X150ml', 'product_price': '£ 1.00', 'product_additionals': '£0.13/100ml'}, {'shop': 'tesco', 'url': 'https://www.tesco.com/groceries/en-GB/products/294083203', 'product_name': 'Tesco Red Cabbage & Apple 300G', 'product_price': '£ 2.25', 'product_additionals': '£7.50/kg'}, {'shop': 'tesco', 'url': 'https://www.tesco.com/groceries/en-GB/products/307811976', 'product_name': 'Tesco Scented Candle Mango & Pineapple', 'product_price': '£ 1.00', 'product_additionals': '£1.00/each'}, {'shop': 'tesco', 'url': 'https://www.tesco.com/groceries/en-GB/products/307812042', 'product_name': 'Tesco Scented Pot Pourri - Mango & Pineapple', 'product_price': '£ 4.00', 'product_additionals': '£4.00/each'}, {'shop': 'tesco', 'url': 'https://www.tesco.com/groceries/en-GB/products/307812036', 'product_name': 'Tesco Scented Wax Melt - Mango & Pineapple', 'product_price': '£ 0.60', 'product_additionals': '£0.60/each'}, {'shop': 'tesco', 'url': 'https://www.tesco.com/groceries/en-GB/products/252895619', 'product_name': 'Tesco Sparkling Water Apple & Raspberry 1L', 'product_price': '£ 0.45', 'product_additionals': '£0.04/100ml'}, {'shop': 'tesco', 'url': 'https://www.tesco.com/groceries/en-GB/products/296206863', 'product_name': 'Tesco Spiced Berries & Apple 11Oz Candle Jar', 'product_price': '£ 3.50', 'product_additionals': '£3.50/each'}, {'shop': 'tesco', 'url': 'https://www.tesco.com/groceries/en-GB/products/296206870', 'product_name': 'Tesco Spiced Berries & Apple 20Oz Candle Jar', 'product_price': '£ 5.00', 'product_additionals': '£5.00/each'}, {'shop': 'tesco', 'url': 'https://www.tesco.com/groceries/en-GB/products/296206949', 'product_name': 'Tesco Spiced Berries & Apple 27Pk Tealights', 'product_price': '£ 1.75', 'product_additionals': '£1.75/each'}, {'shop': 'tesco', 'url': 'https://www.tesco.com/groceries/en-GB/products/302158242', 'product_name': 'Tesco Spiced Berries & Apple 90Ml Diffuser', 'product_price': '£ 4.00', 'product_additionals': '£4.00/each'}, {'shop': 'tesco', 'url': 'https://www.tesco.com/groceries/en-GB/products/296206886', 'product_name': 'Tesco Spiced Berries & Apple Melt', 'product_price': '£ 0.60', 'product_additionals': '£0.60/each'}, {'shop': 'tesco', 'url': 'https://www.tesco.com/groceries/en-GB/products/299644150', 'product_name': 'Tesco Spiced Berries & Apple Pot Pourri', 'product_price': '£ 4.00', 'product_additionals': '£4.00/each'}, {'shop': 'tesco', 'url': 'https://www.tesco.com/groceries/en-GB/products/274209778', 'product_name': 'Tesco Still Water Apple & Raspberry No Added Sugar 4 X 300Ml', 'product_price': '£ 1.20', 'product_additionals': '£0.10/100ml'}, {'shop': 'tesco', 'url': 'https://www.tesco.com/groceries/en-GB/products/274209830', 'product_name': 'Tesco Still Water Orange & Pineapple Flavoured 4 X 300Ml', 'product_price': '£ 1.20', 'product_additionals': '£0.10/100ml'}, {'shop': 'tesco', 'url': 'https://www.tesco.com/groceries/en-GB/products/285098159', 'product_name': 'Tesco Tesco Apple & Mango Juice Fc 3 X 200Ml', 'product_price': '£ 0.80', 'product_additionals': '£0.13/100ml'}, {'shop': 'tesco', 'url': 'https://www.tesco.com/groceries/en-GB/products/303183669', 'product_name': 'Thatchers Apple Rose Cider 4X440ml Can', 'product_price': '£ 5.50', 'product_additionals': '£3.13/litre'}, {'shop': 'tesco', 'url': 'https://www.tesco.com/groceries/en-GB/products/305986662', 'product_name': 'The Collective Suckies Apple & Blackcurrant 100G', 'product_price': '£ 0.70', 'product_additionals': '£0.70/100g'}, {'shop': 'asda', 'url': 'https://groceries.asda.com/product/1000203231981', 'product_name': 'The Fruit Factory Fruit Stars Strawberry, Apple and Orange 5 Pack', 'product_price': '£2.00', 'product_additionals': '(£2.00/100g)'}, {'shop': 'asda', 'url': 'https://groceries.asda.com/product/1000203231909', 'product_name': 'The Fruit Factory Fruit Strings Strawberry, Apple and Orange 5 Pack', 'product_price': '£2.00', 'product_additionals': '(£2.00/100g)'}, {'shop': 'sains', 'url': 'https://www.sainsburys.co.uk/shop/gb/groceries/product/details/soya-free-food-and-drink/the-gluten-free-kitchen-apple-crumble-180g', 'product_name': 'The Gluten Free Kitchen Apple Crumble 180g', 'product_price': '£2.30', 'product_additionals': '£12.78 / kg'}, {'shop': 'sains', 'url': 'https://www.sainsburys.co.uk/shop/gb/groceries/product/details/frozen-milk-free/the-gluten-free-kitchen-apple-crumble-180g', 'product_name': 'The Gluten Free Kitchen Apple Crumble 180g', 'product_price': '£2.30', 'product_additionals': '£12.78 / kg'}, {'shop': 'asda', 'url': 'https://groceries.asda.com/product/1000204391367', 'product_name': 'Totally Wicked E-Liquid Apple & Blackcurrant 10mg', 'product_price': '£4.00', 'product_additionals': '(£4.00/each)'}, {'shop': 'asda', 'url': 'https://groceries.asda.com/product/1000204391286', 'product_name': 'Totally Wicked E-Liquid Apple & Blackcurrant 6mg', 'product_price': '£4.00', 'product_additionals': '(£4.00/each)'}, {'shop': 'asda', 'url': 'https://groceries.asda.com/product/1000204390998', 'product_name': 'Totally Wicked Nic Salt E-Liquid Apple & Rasp Sour 3mg', 'product_price': '£4.00', 'product_additionals': '(£4.00/each)'}, {'shop': 'asda', 'url': 'https://groceries.asda.com/product/1000204391142', 'product_name': 'Totally Wicked Nic Salt E-Liquid Apple & Rasp Sour 6mg', 'product_price': '£4.00', 'product_additionals': '(£4.00/each)'}, {'shop': 'asda', 'url': 'https://groceries.asda.com/product/1000056007627', 'product_name': 'Tree of Life Organic Apple Cider Vinegar with the Mother', 'product_price': '£3.79', 'product_additionals': '(£3.79/lt)'}, {'shop': 'asda', 'url': 'https://groceries.asda.com/product/1000056008017', 'product_name': 'Tree of Life Organic Apple Cider Vinegar with the Mother', 'product_price': '£2.29', 'product_additionals': '(£4.58/lt)'}, {'shop': 'coop', 'url': 'https://www.coop.co.uk/products/tropicana-apple-1-4l', 'product_name': 'Tropicana Apple 1.4L', 'product_price': '£4', 'product_additionals': '1.4ltr (14.3p per 100ml)'}, {'shop': 'asda', 'url': 'https://groceries.asda.com/product/910002999872', 'product_name': 'Tropicana Apple Juice', 'product_price': '£2.63', 'product_additionals': 'No weight data'}, {'shop': 'asda', 'url': 'https://groceries.asda.com/product/1000114125297', 'product_name': 'Tropicana Apple Juice', 'product_price': '£3.30', 'product_additionals': 'No weight data'}, {'shop': 'tesco', 'url': 'https://www.tesco.com/groceries/en-GB/products/296050585', 'product_name': 'Tropicana Apple Juice 950Ml', 'product_price': '£ 2.48', 'product_additionals': '£0.26/100ml'}, {'shop': 'asda', 'url': 'https://groceries.asda.com/product/910001811525', 'product_name': 'Tropicana Exotic Creations Pineapple Juice', 'product_price': '£2.63', 'product_additionals': 'No weight data'}, {'shop': 'tesco', 'url': 'https://www.tesco.com/groceries/en-GB/products/305969084', 'product_name': 'Tropicana Lean Strawberry Raspberry & Apple Juice 900Ml', 'product_price': '£ 2.75', 'product_additionals': '£0.31/100ml'}, {'shop': 'tesco', 'url': 'https://www.tesco.com/groceries/en-GB/products/287294534', 'product_name': 'Tropicana Pineapple Juice 850Ml', 'product_price': '£ 2.48', 'product_additionals': '£0.29/100ml'}, {'shop': 'tesco', 'url': 'https://www.tesco.com/groceries/en-GB/products/305838078', 'product_name': 'Tropicana Pressed Apple Juice 1.4L', 'product_price': '£ 3.30', 'product_additionals': '£0.24/100ml'}, {'shop': 'asda', 'url': 'https://groceries.asda.com/product/1000053469148', 'product_name': "Twinings Cold In'fuse Blueberry, Apple & Blackcurrant", 'product_price': '£3.79', 'product_additionals': '(£12.63/100g)'}, {'shop': 'tesco', 'url': 'https://www.tesco.com/groceries/en-GB/products/304555172', 'product_name': 'Twinings Cold Infuse Apple Cucumber & Mint 30G', 'product_price': '£ 3.79', 'product_additionals': '£12.64/100g'}, {'shop': 'tesco', 'url': 'https://www.tesco.com/groceries/en-GB/products/301175129', 'product_name': 'Twinings Cold Infuse Blueberry Apple Blackcurrant 30G', 'product_price': '£ 3.79', 'product_additionals': '£12.64/100g'}, {'shop': 'tesco', 'url': 'https://www.tesco.com/groceries/en-GB/products/301176826', 'product_name': 'Twinings Cold Infuse Coconut & Pineapple 30G', 'product_price': '£ 3.79', 'product_additionals': '£12.64/100g'}, {'shop': 'tesco', 'url': 'https://www.tesco.com/groceries/en-GB/products/250293808', 'product_name': 'Twinings Green Tea And Pineapple 20S 40G', 'product_price': '£ 2.00', 'product_additionals': '£5.00/100g'}, {'shop': 'tesco', 'url': 'https://www.tesco.com/groceries/en-GB/products/250293958', 'product_name': 'Twinings Pear & Apple Green Tea Tea Bags 20S 40G', 'product_price': '£ 2.00', 'product_additionals': '£5.00/100g'}, {'shop': 'asda', 'url': 'https://groceries.asda.com/product/1000009534793', 'product_name': 'Twinings Superblends Sleep Spiced Apple & Vanilla with Camomile & Passionflowers 20 Tea Bags', 'product_price': '£2.00', 'product_additionals': '(£6.67/100g)'}, {'shop': 'asda', 'url': 'https://groceries.asda.com/product/952201', 'product_name': 'Twister 8 Mini Pineapple Strawberry & Lemon Ice Cream Lollies', 'product_price': '£1.50', 'product_additionals': 'No weight data'}, {'shop': 'tesco', 'url': 'https://www.tesco.com/groceries/en-GB/products/265845700', 'product_name': 'Tymbark Apple & Cherry Drink 250Ml', 'product_price': '£ 0.45', 'product_additionals': '£0.18/100ml'}, {'shop': 'tesco', 'url': 'https://www.tesco.com/groceries/en-GB/products/263201953', 'product_name': 'Tymbark Apple & Mint Drink 250Ml', 'product_price': '£ 0.45', 'product_additionals': '£0.18/100ml'}, {'shop': 'tesco', 'url': 'https://www.tesco.com/groceries/en-GB/products/260861469', 'product_name': 'Tymbark Apple & Mint Nectar Drink 2L', 'product_price': '£ 1.55', 'product_additionals': '£0.08/100ml'}, {'shop': 'tesco', 'url': 'https://www.tesco.com/groceries/en-GB/products/285984090', 'product_name': 'Tymbark Apple & Peach Drink 2 Litres', 'product_price': '£ 1.50', 'product_additionals': '£0.75/litre'}, {'shop': 'tesco', 'url': 'https://www.tesco.com/groceries/en-GB/products/300112737', 'product_name': 'Tymbark Apple Watermelon Drink 2 Litre', 'product_price': '£ 1.50', 'product_additionals': '£0.08/100ml'}, {'shop': 'tesco', 'url': 'https://www.tesco.com/groceries/en-GB/products/260861515', 'product_name': 'Tymbark Cherry & Apple Nectar Drink 2L', 'product_price': '£ 1.55', 'product_additionals': '£0.08/100ml'}, {'shop': 'asda', 'url': 'https://groceries.asda.com/product/39185498', 'product_name': 'Tymbark Cherry Apple Drink', 'product_price': '£1.80', 'product_additionals': '(9.0p/100ml)'}, {'shop': 'asda', 'url': 'https://groceries.asda.com/product/1000063438285', 'product_name': 'Tymbark Mango, Apple, Orange Multifruit Drink', 'product_price': '£1.00', 'product_additionals': '(10.0p/100ml)'}, {'shop': 'tesco', 'url': 'https://www.tesco.com/groceries/en-GB/products/296688412', 'product_name': 'Volvic Apple And Elderflower Water S/Free1.5L', 'product_price': '£ 0.79', 'product_additionals': '£0.05/100ml'}, {'shop': 'asda', 'url': 'https://groceries.asda.com/product/1000191362456', 'product_name': 'Volvic Touch of Fruit Limited Edition Apple & Blackcurrant Natural Flavoured Sugar Free Water', 'product_price': '£0.85', 'product_additionals': '(5.7p/100ml)'}, {'shop': 'asda', 'url': 'https://groceries.asda.com/product/910003028586', 'product_name': 'Volvic Touch of Fruit Sugar Free Apple & Elderflower Flavoured Water', 'product_price': '£0.85', 'product_additionals': '(5.7p/100ml)'}, {'shop': 'asda', 'url': 'https://groceries.asda.com/product/1000192700033', 'product_name': 'W.K Kellogg Kids No Added Sugar Blueberry, Apple & Beetroot Multigrain Shapes Cereal', 'product_price': '£2.99', 'product_additionals': '(85.4p/100g)'}, {'shop': 'asda', 'url': 'https://groceries.asda.com/product/1000192700063', 'product_name': 'W.K Kellogg Kids Strawberry, Apple & Carrot Multigrain Shapes Cereal', 'product_price': '£2.99', 'product_additionals': '(85.4p/100g)'}, {'shop': 'asda', 'url': 'https://groceries.asda.com/product/910000770853', 'product_name': "Welch's Grape Boost White Grape Pear & Apple Juice Drink", 'product_price': '£1.00', 'product_additionals': '(10.0p/100ml)'}, {'shop': 'tesco', 'url': 'https://www.tesco.com/groceries/en-GB/products/257850112', 'product_name': "Welch's White Grape Pear & Apple Juice Drink 1L", 'product_price': '£ 1.30', 'product_additionals': '£0.13/100ml'}, {'shop': 'asda', 'url': 'https://groceries.asda.com/product/12047250', 'product_name': "White's Apple & Cinnamon Toasted Oats", 'product_price': '£2.90', 'product_additionals': '(58.0p/100g)'}, {'shop': 'asda', 'url': 'https://groceries.asda.com/product/1000203424931', 'product_name': 'Whitworths White Chocolate & Apple With Cinnamon & Raisins', 'product_price': '£1.50', 'product_additionals': '(£1.15/100g)'}, {'shop': 'sains', 'url': 'https://www.sainsburys.co.uk/shop/gb/groceries/product/details/all-future-brands/willys-apple-cider-vinegar-50ml', 'product_name': "Willy's Apple Cider Vinegar 50ml", 'product_price': '£2.50', 'product_additionals': '£50.00 / ltr'}, {'shop': 'asda', 'url': 'https://groceries.asda.com/product/1000003249536', 'product_name': 'Yankee Candle Home Inspiration Apple Cinnamon Cider Large Jar', 'product_price': '£13.48', 'product_additionals': '(£13.48/each)'}, {'shop': 'asda', 'url': 'https://groceries.asda.com/product/1000003250284', 'product_name': 'Yankee Candle Home Inspiration Apple Cinnamon Cider Medium Jar', 'product_price': '£9.47', 'product_additionals': '(£9.47/each)'}, {'shop': 'asda', 'url': 'https://groceries.asda.com/product/1000003249608', 'product_name': 'Yankee Candle Home Inspiration Apple Cinnamon Cider Votive', 'product_price': '£1.00', 'product_additionals': '(£1.00/each)'}, {'shop': 'sains', 'url': 'https://www.sainsburys.co.uk/shop/gb/groceries/product/details/new-355373-44/yeo-valley-organic-fruit-compote-apple-berry-220g', 'product_name': 'Yeo Valley Organic Fruit Compote Apple & Berry 220g', 'product_price': '£1.75', 'product_additionals': '80p / 100g'}, {'shop': 'sains', 'url': 'https://www.sainsburys.co.uk/shop/gb/groceries/product/details/all-price-lock/zozole-apple-cherry-strawberry-75g', 'product_name': 'Zozole Apple, Cherry & Strawberry Sweets 75g', 'product_price': '60p', 'product_additionals': '80p / 100g'}, {'shop': 'sains', 'url': 'https://www.sainsburys.co.uk/shop/gb/groceries/product/details/price-lock-food-cupboard/zozole-apple-cherry-strawberry-75g', 'product_name': 'Zozole Apple, Cherry & Strawberry Sweets 75g', 'product_price': '60p', 'product_additionals': '80p / 100g'}]


x[{'shop': 'tesco', 'url': 'https://www.tesco.com/groceries/en-GB/products/270887734', 'product_name': 'Tesco Antibacterial Multi Surface Wipes Apple 40 Pack', 'product_price': '£ 1.00', 'product_additionals': '£0.02/each'}, {'shop': 'tesco', 'url': 'https://www.tesco.com/groceries/en-GB/products/307812007', 'product_name': 'Tesco 27Pk Scented Tealights Mango & Pineapple', 'product_price': '£ 1.75', 'product_additionals': '£0.06/each'}, {'shop': 'tesco', 'url': 'https://www.tesco.com/groceries/en-GB/products/270887556', 'product_name': 'Tesco Antibacterial Floor Wipes Apple 15Pack', 'product_price': '£ 1.00', 'product_additionals': '£0.07/each'}, {'shop': 'tesco', 'url': 'https://www.tesco.com/groceries/en-GB/products/305734834', 'product_name': "Mcvitie's Jaffa Cakes Pineapple Flavour 10 Pack", 'product_price': '£ 0.75', 'product_additionals': '£0.08/each'}, {'shop': 'tesco', 'url': 'https://www.tesco.com/groceries/en-GB/products/292249576', 'product_name': 'Rosedene Farms Small Apple 6 Pack', 'product_price': '£ 0.79', 'product_additionals': '£0.13/each'}, {'shop': 'tesco', 'url': 'https://www.tesco.com/groceries/en-GB/products/305831903', 'product_name': 'Rosedene Farms Gala Apples 6 Pack', 'product_price': '£ 0.93', 'product_additionals': '£0.16/each'}, {'shop': 'tesco', 'url': 'https://www.tesco.com/groceries/en-GB/products/257313927', 'product_name': 'Tesco Bramley Apple Pies 6 Pack', 'product_price': '£ 1.00', 'product_additionals': '£0.17/each'}, {'shop': 'tesco', 'url': 'https://www.tesco.com/groceries/en-GB/products/305832741', 'product_name': 'Rosedene Farms Braeburn Apples 6 Pack', 'product_price': '£ 0.93', 'product_additionals': '£0.16/each'}, {'shop': 'tesco', 'url': 'https://www.tesco.com/groceries/en-GB/products/284477628', 'product_name': 'Tesco Jazz Apple', 'product_price': '£ 2.40', 'product_additionals': '£0.40/each'}, {'shop': 'tesco', 'url': 'https://www.tesco.com/groceries/en-GB/products/284475550', 'product_name': 'Tesco Gala Apple Minimum 5 Pack', 'product_price': '£ 1.60', 'product_additionals': '£0.27/each'}, {'shop': 'tesco', 'url': 'https://www.tesco.com/groceries/en-GB/products/256385065', 'product_name': 'Chewits Xtreme Sour Apple Stick 31G', 'product_price': '£ 0.20', 'product_additionals': '£0.20/each'}, {'shop': 'tesco', 'url': 'https://www.tesco.com/groceries/en-GB/products/284475832', 'product_name': 'Tesco Granny Smith Apple Minimum 5 Pack', 'product_price': '£ 1.60', 'product_additionals': '£0.27/each'}, {'shop': 'tesco', 'url': 'https://www.tesco.com/groceries/en-GB/products/254948273', 'product_name': 'Mr Kipling Bramley Apple Pies 6 Pack', 'product_price': '£ 1.80', 'product_additionals': '£0.30/each'}, {'shop': 'tesco', 'url': 'https://www.tesco.com/groceries/en-GB/products/284475671', 'product_name': 'Tesco Braeburn Apple Minimum 5 Pack', 'product_price': '£ 1.60', 'product_additionals': '£0.32/each'}, {'shop': 'tesco', 'url': 'https://www.tesco.com/groceries/en-GB/products/284477058', 'product_name': 'Tesco British Apple Minimum 5 Pack', 'product_price': '£ 1.60', 'product_additionals': '£0.32/each'}, {'shop': 'tesco', 'url': 'https://www.tesco.com/groceries/en-GB/products/284475890', 'product_name': 'Tesco Golden Delicious Apple Minimum 5', 'product_price': '£ 1.60', 'product_additionals': '£0.32/each'}, {'shop': 'tesco', 'url': 'https://www.tesco.com/groceries/en-GB/products/254948250', 'product_name': 'Mr Kipling Apple & Blackcurrant Pies 6 Pack', 'product_price': '£ 1.80', 'product_additionals': '£0.30/each'}, {'shop': 'tesco', 'url': 'https://www.tesco.com/groceries/en-GB/products/255230763', 'product_name': 'Tesco Pineapple Each', 'product_price': '£ 0.75', 'product_additionals': '£0.75/each'}, {'shop': 'tesco', 'url': 'https://www.tesco.com/groceries/en-GB/products/254654263', 'product_name': 'Apple Turnover 2 Pack', 'product_price': '£ 1.20', 'product_additionals': '£0.60/each'}, {'shop': 'tesco', 'url': 'https://www.tesco.com/groceries/en-GB/products/304380821', 'product_name': 'Mr Kipling 6Pack Apple Pear& Custard Crumble Tarts', 'product_price': '£ 2.25', 'product_additionals': '£0.38/each'}, {'shop': 'tesco', 'url': 'https://www.tesco.com/groceries/en-GB/products/284477542', 'product_name': 'Tesco Pink Lady Apple Minimum 5 Pack', 'product_price': '£ 2.75', 'product_additionals': '£0.55/each'}, {'shop': 'tesco', 'url': 'https://www.tesco.com/groceries/en-GB/products/256682675', 'product_name': 'Tesco Free From Bramley Apple Pies 4 Pack', 'product_price': '£ 2.00', 'product_additionals': '£0.50/each'}, {'shop': 'tesco', 'url': 'https://www.tesco.com/groceries/en-GB/products/295684395', 'product_name': 'Bear Yoyo Sours Mango & Apple 10 Rolls 5 Pack', 'product_price': '£ 2.40', 'product_additionals': '£0.48/each'}, {'shop': 'tesco', 'url': 'https://www.tesco.com/groceries/en-GB/products/286671239', 'product_name': 'Tesco Finest 4 Apple & Cinnamon Hot Cross Buns', 'product_price': '£ 1.50', 'product_additionals': '£0.38/each'}, {'shop': 'tesco', 'url': 'https://www.tesco.com/groceries/en-GB/products/295684372', 'product_name': 'Bear Yoyo Sours Strawberry & Apple 10 Rolls 5 Pack', 'product_price': '£ 2.40', 'product_additionals': '£0.48/each'}, {'shop': 'tesco', 'url': 'https://www.tesco.com/groceries/en-GB/products/307812036', 'product_name': 'Tesco Scented Wax Melt - Mango & Pineapple', 'product_price': '£ 0.60', 'product_additionals': '£0.60/each'}, {'shop': 'tesco', 'url': 'https://www.tesco.com/groceries/en-GB/products/296206886', 'product_name': 'Tesco Spiced Berries & Apple Melt', 'product_price': '£ 0.60', 'product_additionals': '£0.60/each'}, {'shop': 'tesco', 'url': 'https://www.tesco.com/groceries/en-GB/products/256859922', 'product_name': 'Bramley Apple Pie Each', 'product_price': '£ 1.25', 'product_additionals': '£1.25/each'}, {'shop': 'asda', 'url': 'https://groceries.asda.com/product/1000157817693', 'product_name': 'Glow Scented Pineapple Hair Hoops', 'product_price': '£4.00', 'product_additionals': '(£1.00/each)'}, {'shop': 'asda', 'url': 'https://groceries.asda.com/product/910001183317', 'product_name': "ASDA Baker's Selection Apple Pie", 'product_price': '£1.10', 'product_additionals': '(£1.10/each)'}, {'shop': 'tesco', 'url': 'https://www.tesco.com/groceries/en-GB/products/307811976', 'product_name': 'Tesco Scented Candle Mango & Pineapple', 'product_price': '£ 1.00', 'product_additionals': '£1.00/each'}, {'shop': 'tesco', 'url': 'https://www.tesco.com/groceries/en-GB/products/260905678', 'product_name': 'Tesco Large Pineapple Each', 'product_price': '£ 1.70', 'product_additionals': '£1.70/each'}, {'shop': 'asda', 'url': 'https://groceries.asda.com/product/1000186981310', 'product_name': 'ASDA Pineapple Rose Gold Fashion Pen', 'product_price': '£1.50', 'product_additionals': '(£1.50/each)'}, {'shop': 'asda', 'url': 'https://groceries.asda.com/product/1000003249608', 'product_name': 'Yankee Candle Home Inspiration Apple Cinnamon Cider Votive', 'product_price': '£1.00', 'product_additionals': '(£1.00/each)'}, {'shop': 'asda', 'url': 'https://groceries.asda.com/product/20326', 'product_name': "ASDA Grower's Selection Giant Pineapple", 'product_price': '£1.50', 'product_additionals': '(£1.50/each)'}, {'shop': 'asda', 'url': 'https://groceries.asda.com/product/910002053933', 'product_name': "Munchkin 3 Lil' Apple Plates 6m+", 'product_price': '£4.70', 'product_additionals': '(£1.57/each)'}, {'shop': 'asda', 'url': 'https://groceries.asda.com/product/910002754242', 'product_name': 'ASDA Bramley Apple Pie', 'product_price': '£2.75', 'product_additionals': '(£2.75/each)'}, {'shop': 'asda', 'url': 'https://groceries.asda.com/product/1000040467777', 'product_name': 'Polar Gear Pineapple Bottle', 'product_price': '£2.50', 'product_additionals': '(£2.50/each)'}, {'shop': 'tesco', 'url': 'https://www.tesco.com/groceries/en-GB/products/294781120', 'product_name': 'Munchkin Lil Apple Plates 3 Pack', 'product_price': '£ 6.00', 'product_additionals': '£2.00/each'}, {'shop': 'asda', 'url': 'https://groceries.asda.com/product/1000227127183', 'product_name': 'ScentSationals Pumpkin Apple Muffins Wax Cubes', 'product_price': '£2.00', 'product_additionals': '(£2.00/each)'}, {'shop': 'tesco', 'url': 'https://www.tesco.com/groceries/en-GB/products/296206949', 'product_name': 'Tesco Spiced Berries & Apple 27Pk Tealights', 'product_price': '£ 1.75', 'product_additionals': '£1.75/each'}, {'shop': 'asda', 'url': 'https://groceries.asda.com/product/1000110474745', 'product_name': 'ASDA Apple & Blackberry Pie', 'product_price': '£3.00', 'product_additionals': '(£3.00/each)'}, {'shop': 'asda', 'url': 'https://groceries.asda.com/product/1000187931262', 'product_name': 'Pen & Gear Pineapple Print Pencil Case', 'product_price': '£3.00', 'product_additionals': '(£3.00/each)'}, {'shop': 'asda', 'url': 'https://groceries.asda.com/product/1000136584419', 'product_name': 'George Home Pineapple Marble Geo Pot', 'product_price': '£4.00', 'product_additionals': '(£4.00/each)'}, {'shop': 'asda', 'url': 'https://groceries.asda.com/product/1000142866255', 'product_name': 'Blu Green Apple E-Liquid 8mg', 'product_price': '£3.99', 'product_additionals': '(£3.99/each)'}, {'shop': 'asda', 'url': 'https://groceries.asda.com/product/1000040467690', 'product_name': 'Polar Gear Pineapple Lunch Bag', 'product_price': '£5.00', 'product_additionals': '(£5.00/each)'}, {'shop': 'tesco', 'url': 'https://www.tesco.com/groceries/en-GB/products/307811982', 'product_name': 'Tesco 11Oz Scented Candle - Mango & Pineapple', 'product_price': '£ 3.50', 'product_additionals': '£3.50/each'}, {'shop': 'tesco', 'url': 'https://www.tesco.com/groceries/en-GB/products/307812042', 'product_name': 'Tesco Scented Pot Pourri - Mango & Pineapple', 'product_price': '£ 4.00', 'product_additionals': '£4.00/each'}, {'shop': 'asda', 'url': 'https://groceries.asda.com/product/1000230965309', 'product_name': 'George Home Spiced Apple Tealights', 'product_price': '£1.00', 'product_additionals': '(4.2p/each)'}, {'shop': 'asda', 'url': 'https://groceries.asda.com/product/1000204391286', 'product_name': 'Totally Wicked E-Liquid Apple & Blackcurrant 6mg', 'product_price': '£4.00', 'product_additionals': '(£4.00/each)'}, {'shop': 'tesco', 'url': 'https://www.tesco.com/groceries/en-GB/products/296206863', 'product_name': 'Tesco Spiced Berries & Apple 11Oz Candle Jar', 'product_price': '£ 3.50', 'product_additionals': '£3.50/each'}, {'shop': 'asda', 'url': 'https://groceries.asda.com/product/1000204391367', 'product_name': 'Totally Wicked E-Liquid Apple & Blackcurrant 10mg', 'product_price': '£4.00', 'product_additionals': '(£4.00/each)'}, {'shop': 'tesco', 'url': 'https://www.tesco.com/groceries/en-GB/products/299644150', 'product_name': 'Tesco Spiced Berries & Apple Pot Pourri', 'product_price': '£ 4.00', 'product_additionals': '£4.00/each'}, {'shop': 'tesco', 'url': 'https://www.tesco.com/groceries/en-GB/products/302158242', 'product_name': 'Tesco Spiced Berries & Apple 90Ml Diffuser', 'product_price': '£ 4.00', 'product_additionals': '£4.00/each'}, {'shop': 'asda', 'url': 'https://groceries.asda.com/product/1000204390998', 'product_name': 'Totally Wicked Nic Salt E-Liquid Apple & Rasp Sour 3mg', 'product_price': '£4.00', 'product_additionals': '(£4.00/each)'}, {'shop': 'asda', 'url': 'https://groceries.asda.com/product/1000204391142', 'product_name': 'Totally Wicked Nic Salt E-Liquid Apple & Rasp Sour 6mg', 'product_price': '£4.00', 'product_additionals': '(£4.00/each)'}, {'shop': 'tesco', 'url': 'https://www.tesco.com/groceries/en-GB/products/307811999', 'product_name': 'Tesco 20Oz Scented Candle - Mango & Pineapple', 'product_price': '£ 5.00', 'product_additionals': '£5.00/each'}, {'shop': 'asda', 'url': 'https://groceries.asda.com/product/1000199580430', 'product_name': 'Eco Wix Apple and Cinnamon Small Candle', 'product_price': '£5.00', 'product_additionals': '(£5.00/each)'}, {'shop': 'asda', 'url': 'https://groceries.asda.com/product/1000044106899', 'product_name': 'myblu Green Apple Liquidpods 9mg', 'product_price': '£5.99', 'product_additionals': '(£5.99/each)'}, {'shop': 'tesco', 'url': 'https://www.tesco.com/groceries/en-GB/products/296206870', 'product_name': 'Tesco Spiced Berries & Apple 20Oz Candle Jar', 'product_price': '£ 5.00', 'product_additionals': '£5.00/each'}, {'shop': 'asda', 'url': 'https://groceries.asda.com/product/35268', 'product_name': 'ASDA Bramley Apple Pies', 'product_price': '£0.85', 'product_additionals': '(14.2p/each)'}, {'shop': 'asda', 'url': 'https://groceries.asda.com/product/1000199580496', 'product_name': 'Eco Wix Apple and Cinnamon Large Candle', 'product_price': '£8.00', 'product_additionals': '(£8.00/each)'}, {'shop': 'asda', 'url': 'https://groceries.asda.com/product/1000003250284', 'product_name': 'Yankee Candle Home Inspiration Apple Cinnamon Cider Medium Jar', 'product_price': '£9.47', 'product_additionals': '(£9.47/each)'}, {'shop': 'asda', 'url': 'https://groceries.asda.com/product/1000144509295', 'product_name': 'ASDA Garden Gang Apples (Colour may vary)', 'product_price': '£0.90', 'product_additionals': '(15.0p/each)'}, {'shop': 'tesco', 'url': 'https://www.tesco.com/groceries/en-GB/products/306758706', 'product_name': 'Juice Apple Lightning 15cm Charging Cable Coral', 'product_price': '£ 11.00', 'product_additionals': '£11.00/each'}, {'shop': 'asda', 'url': 'https://groceries.asda.com/product/9197420', 'product_name': 'ASDA Bramley Apple & Blackcurrant Pies', 'product_price': '£1.00', 'product_additionals': '(16.7p/each)'}, {'shop': 'tesco', 'url': 'https://www.tesco.com/groceries/en-GB/products/305959453', 'product_name': 'Tesco Finest Apple & Blackcurrant Crumble Cake', 'product_price': '£ 12.00', 'product_additionals': '£12.00/each'}, {'shop': 'asda', 'url': 'https://groceries.asda.com/product/910002849510', 'product_name': "ASDA Grower's Selection Gala Apples", 'product_price': '£1.20', 'product_additionals': '(20.0p/each)'}, {'shop': 'asda', 'url': 'https://groceries.asda.com/product/1000015062703', 'product_name': 'Brompton House Apple Puffs', 'product_price': '£2.50', 'product_additionals': '(20.8p/each)'}, {'shop': 'tesco', 'url': 'https://www.tesco.com/groceries/en-GB/products/270094808', 'product_name': 'Epson Apple T1291 Black Printer Ink', 'product_price': '£ 17.50', 'product_additionals': '£17.50/each'}, {'shop': 'asda', 'url': 'https://groceries.asda.com/product/910001037283', 'product_name': 'Pink Lady Apples', 'product_price': '£1.69', 'product_additionals': '(42.2p/each)'}, {'shop': 'asda', 'url': 'https://groceries.asda.com/product/1000003249536', 'product_name': 'Yankee Candle Home Inspiration Apple Cinnamon Cider Large Jar', 'product_price': '£13.48', 'product_additionals': '(£13.48/each)'}, {'shop': 'asda', 'url': 'https://groceries.asda.com/product/1000177860926', 'product_name': 'Soreen Scream Toffee Apple 5 Mini Loaves', 'product_price': '£1.00', 'product_additionals': '(20.0p/each)'}, {'shop': 'tesco', 'url': 'https://www.tesco.com/groceries/en-GB/products/306782106', 'product_name': 'Juice Apple Lightning 1m Charging Cable Aqua', 'product_price': '£ 15.00', 'product_additionals': '£15.00/each'}, {'shop': 'tesco', 'url': 'https://www.tesco.com/groceries/en-GB/products/306782112', 'product_name': 'Juice Apple Lightning 1m Charging Cable Coral', 'product_price': '£ 15.00', 'product_additionals': '£15.00/each'}, {'shop': 'asda', 'url': 'https://groceries.asda.com/product/910002849538', 'product_name': "ASDA Grower's Selection Granny Smith Apples", 'product_price': '£1.20', 'product_additionals': '(20.0p/each)'}, {'shop': 'tesco', 'url': 'https://www.tesco.com/groceries/en-GB/products/294102482', 'product_name': 'Juice Apple Lightning 2m Charging Cable Aqua', 'product_price': '£ 16.00', 'product_additionals': '£16.00/each'}, {'shop': 'tesco', 'url': 'https://www.tesco.com/groceries/en-GB/products/294102499', 'product_name': 'Juice Apple Lightning 2m Charging Cable Coral', 'product_price': '£ 16.00', 'product_additionals': '£16.00/each'}, {'shop': 'asda', 'url': 'https://groceries.asda.com/product/21010', 'product_name': 'Mr Kipling Bramley Apple Pies', 'product_price': '£1.80', 'product_additionals': '(30.0p/each)'}, {'shop': 'tesco', 'url': 'https://www.tesco.com/groceries/en-GB/products/296004140', 'product_name': 'Juice Apple Lightning 3m Charging Cable Aqua', 'product_price': '£ 18.00', 'product_additionals': '£18.00/each'}, {'shop': 'tesco', 'url': 'https://www.tesco.com/groceries/en-GB/products/294102516', 'product_name': 'Juice Apple Lightning 3m Charging Cable Black', 'product_price': '£ 18.00', 'product_additionals': '£18.00/each'}, {'shop': 'asda', 'url': 'https://groceries.asda.com/product/1000018541652', 'product_name': 'Soreen 5 Apple Lunchbox Loaves', 'product_price': '£1.40', 'product_additionals': '(28.0p/each)'}, {'shop': 'asda', 'url': 'https://groceries.asda.com/product/910000908196', 'product_name': 'ASDA Candy Apple', 'product_price': '£0.60', 'product_additionals': '(60.0p/each)'}, {'shop': 'asda', 'url': 'https://groceries.asda.com/product/910002849529', 'product_name': "ASDA Grower's Selection Golden Delicious Apples", 'product_price': '£1.20', 'product_additionals': '(20.0p/each)'}, {'shop': 'asda', 'url': 'https://groceries.asda.com/product/910002068823', 'product_name': 'Bassetts Vitamins Vitamins Multivitamins Blackcurrant & Apple Flavour 3-6 Years Soft & Chewies', 'product_price': '£4.00', 'product_additionals': '(13.3p/each)'}, {'shop': 'tesco', 'url': 'https://www.tesco.com/groceries/en-GB/products/303717392', 'product_name': 'Juice Apple Lightning - Type C 2m Charging Cable White', 'product_price': '£ 18.00', 'product_additionals': '£18.00/each'}, {'shop': 'asda', 'url': 'https://groceries.asda.com/product/1000183742527', 'product_name': "ASDA Grower's Selection Jazz Apples", 'product_price': '£2.00', 'product_additionals': '(33.3p/each)'}, {'shop': 'asda', 'url': 'https://groceries.asda.com/product/910000908762', 'product_name': 'ASDA Toffee Apple', 'product_price': '£0.49', 'product_additionals': '(49.0p/each)'}, {'shop': 'asda', 'url': 'https://groceries.asda.com/product/1000207494897', 'product_name': 'Armitage Pet Care Wild Bird 8 Blackcurrant & Apple Flavoured Fat Balls', 'product_price': '£1.50', 'product_additionals': '(18.8p/each)'}, {'shop': 'asda', 'url': 'https://groceries.asda.com/product/21009', 'product_name': 'Mr Kipling Apple & Blackcurrant Pies', 'product_price': '£1.80', 'product_additionals': '(30.0p/each)'}, {'shop': 'tesco', 'url': 'https://www.tesco.com/groceries/en-GB/products/303717363', 'product_name': 'Juice Apple Lightning 3m Braided Charging Cable Rose Gold', 'product_price': '£ 20.00', 'product_additionals': '£20.00/each'}, {'shop': 'asda', 'url': 'https://groceries.asda.com/product/35450', 'product_name': 'ASDA Apple Turnovers', 'product_price': '£1.40', 'product_additionals': '(70.0p/each)'}, {'shop': 'asda', 'url': 'https://groceries.asda.com/product/1000086123540', 'product_name': 'ASDA 2 Apple Tarts', 'product_price': '£1.75', 'product_additionals': '(87.5p/each)'}, {'shop': 'asda', 'url': 'https://groceries.asda.com/product/910003034051', 'product_name': 'ASDA Apple Crumbles', 'product_price': '£1.79', 'product_additionals': '(89.5p/each)'}, {'shop': 'asda', 'url': 'https://groceries.asda.com/product/910000059733', 'product_name': "ASDA Grower's Selection Honey Crunch Apples", 'product_price': '£2.00', 'product_additionals': '(50.0p/each)'}, {'shop': 'asda', 'url': 'https://groceries.asda.com/product/910001512881', 'product_name': "ASDA Grower's Selection Pineapple", 'product_price': '£0.95', 'product_additionals': '(95.0p/each)'}, {'shop': 'asda', 'url': 'https://groceries.asda.com/product/910000271963', 'product_name': 'Bloo Flowers In-Cistern Blocks Rose & Apple Blossom Pink Water', 'product_price': '£1.80', 'product_additionals': '(90.0p/each)'}, {'shop': 'tesco', 'url': 'https://www.tesco.com/groceries/en-GB/products/253559147', 'product_name': 'Gala Apples Class 1 Loose', 'product_price': '£ 0.35', 'product_additionals': '£2.20/kg'}, {'shop': 'asda', 'url': 'https://groceries.asda.com/product/910003095036', 'product_name': 'ASDA Farm Stores Apples (Colour and Variety may vary)', 'product_price': '£0.59', 'product_additionals': '(£1.18/kg)'}, {'shop': 'tesco', 'url': 'https://www.tesco.com/groceries/en-GB/products/257471969', 'product_name': 'Tesco Bramley Apple Sauce 270G', 'product_price': '£ 0.55', 'product_additionals': '£0.20/100g'}, {'shop': 'tesco', 'url': 'https://www.tesco.com/groceries/en-GB/products/253807413', 'product_name': 'Braeburn Apples Loose Class 1', 'product_price': '£ 0.44', 'product_additionals': '£2.20/kg'}, {'shop': 'tesco', 'url': 'https://www.tesco.com/groceries/en-GB/products/253558033', 'product_name': 'Tesco Bramley Cooking Apples Loose', 'product_price': '£ 0.50', 'product_additionals': '£2.00/kg'}, {'shop': 'tesco', 'url': 'https://www.tesco.com/groceries/en-GB/products/254752129', 'product_name': 'Tesco Apple Strudel 600G', 'product_price': '£ 1.35', 'product_additionals': '£0.22/100g'}, {'shop': 'tesco', 'url': 'https://www.tesco.com/groceries/en-GB/products/257471883', 'product_name': 'Tesco Bramley Apple Sauce 470G', 'product_price': '£ 1.15', 'product_additionals': '£0.24/100g'}, {'shop': 'asda', 'url': 'https://groceries.asda.com/product/910001512390', 'product_name': 'ASDA Pineapple Chunks', 'product_price': '£1.50', 'product_additionals': '(£3.75/kg)'}, {'shop': 'tesco', 'url': 'https://www.tesco.com/groceries/en-GB/products/305835611', 'product_name': 'Princes Apple Slices 385G', 'product_price': '£ 1.00', 'product_additionals': '£0.26/100g'}, {'shop': 'asda', 'url': 'https://groceries.asda.com/product/910001000985', 'product_name': 'Princes Fruit Filling Apple', 'product_price': '£1.00', 'product_additionals': '(£2.53/kg)'}, {'shop': 'asda', 'url': 'https://groceries.asda.com/product/910000899721', 'product_name': "ASDA Grower's Selection Apples (Colour and Variety may vary)", 'product_price': '£1.60', 'product_additionals': '(£1.33/kg)'}, {'shop': 'asda', 'url': 'https://groceries.asda.com/product/910001413505', 'product_name': 'ASDA Pineapple Lolly', 'product_price': '£0.35', 'product_additionals': '(£4.38/kg)'}, {'shop': 'tesco', 'url': 'https://www.tesco.com/groceries/en-GB/products/253520878', 'product_name': 'Hartleys Best Pineapple Jam 340G', 'product_price': '£ 1.00', 'product_additionals': '£0.30/100g'}, {'shop': 'tesco', 'url': 'https://www.tesco.com/groceries/en-GB/products/285048749', 'product_name': 'Muller Rice Apple 180G', 'product_price': '£ 0.60', 'product_additionals': '£0.33/100g'}, {'shop': 'tesco', 'url': 'https://www.tesco.com/groceries/en-GB/products/285060273', 'product_name': 'Muller Rice Raspberry & Apple 6X180g', 'product_price': '£ 3.00', 'product_additionals': '£0.28/100g'}, {'shop': 'tesco', 'url': 'https://www.tesco.com/groceries/en-GB/products/275945100', 'product_name': 'Tesco Easy Oats Apple & Blueberry 360G', 'product_price': '£ 1.00', 'product_additionals': '£0.28/100g'}, {'shop': 'asda', 'url': 'https://groceries.asda.com/product/910001413502', 'product_name': 'ASDA Apple Slices', 'product_price': '£0.35', 'product_additionals': '(£4.38/kg)'}, {'shop': 'tesco', 'url': 'https://www.tesco.com/groceries/en-GB/products/271262073', 'product_name': "Aunt Bessie's Bramley Apple Crumble 500G", 'product_price': '£ 1.35', 'product_additionals': '£0.27/100g'}, {'shop': 'tesco', 'url': 'https://www.tesco.com/groceries/en-GB/products/287023171', 'product_name': 'Tesco Organic Gala Apples 630G', 'product_price': '£ 2.25', 'product_additionals': '£3.58/kg'}, {'shop': 'tesco', 'url': 'https://www.tesco.com/groceries/en-GB/products/264772194', 'product_name': 'Hartleys Pineapple In Jelly 175G', 'product_price': '£ 0.60', 'product_additionals': '£0.34/100g'}, {'shop': 'asda', 'url': 'https://groceries.asda.com/product/20361', 'product_name': "ASDA Grower's Selection Loose Gala Apple (order by number of apples or select kg)", 'product_price': '£0.24', 'product_additionals': '(£1.50/kg)'}, {'shop': 'asda', 'url': 'https://groceries.asda.com/product/20375', 'product_name': "ASDA Grower's Selection Loose Braeburn Apple (order by number of apples or select kg)", 'product_price': '£0.24', 'product_additionals': '(£1.50/kg)'}, {'shop': 'tesco', 'url': 'https://www.tesco.com/groceries/en-GB/products/279054497', 'product_name': 'Tesco Pineapple Chunks 450G', 'product_price': '£ 2.00', 'product_additionals': '£4.45/kg'}, {'shop': 'tesco', 'url': 'https://www.tesco.com/groceries/en-GB/products/251232560', 'product_name': 'Go Ahead Apple Bakes 6X35g', 'product_price': '£ 1.00', 'product_additionals': '£0.48/100g'}, {'shop': 'tesco', 'url': 'https://www.tesco.com/groceries/en-GB/products/299234162', 'product_name': 'Heinz Pear & Apple Custard 4X100g', 'product_price': '£ 1.60', 'product_additionals': '£4.00/kg'}, {'shop': 'asda', 'url': 'https://groceries.asda.com/product/1000121694551', 'product_name': 'ASDA Pineapple, Grapes & Apple', 'product_price': '£1.00', 'product_additionals': '(£4.44/kg)'}, {'shop': 'tesco', 'url': 'https://www.tesco.com/groceries/en-GB/products/294770041', 'product_name': 'Tesco Pineapple 0% Fat Cottage Cheese 300G', 'product_price': '£ 1.00', 'product_additionals': '£3.34/kg'}, {'shop': 'tesco', 'url': 'https://www.tesco.com/groceries/en-GB/products/264226336', 'product_name': 'Cow & Gate Apple Crumble Jar 200G 7 Mth+', 'product_price': '£ 0.70', 'product_additionals': '£3.50/kg'}, {'shop': 'tesco', 'url': 'https://www.tesco.com/groceries/en-GB/products/289724853', 'product_name': 'Princes Apple Fruit Filling 395G', 'product_price': '£ 1.25', 'product_additionals': '£3.43/kg'}, {'shop': 'asda', 'url': 'https://groceries.asda.com/product/910001505105', 'product_name': 'ASDA Pineapple Kiwi & Grape', 'product_price': '£1.00', 'product_additionals': '(£5.00/kg)'}, {'shop': 'asda', 'url': 'https://groceries.asda.com/product/47285966', 'product_name': "ASDA Grower's Selection Loose Bramley Cooking Apple (order by number of apples or select kg)", 'product_price': '£0.27', 'product_additionals': '(£1.69/kg)'}, {'shop': 'tesco', 'url': 'https://www.tesco.com/groceries/en-GB/products/292718420', 'product_name': 'Cow & Gate Stage 2 Peach Apple & Kiwi 200G', 'product_price': '£ 0.70', 'product_additionals': '£3.50/kg'}, {'shop': 'asda', 'url': 'https://groceries.asda.com/product/910001413503', 'product_name': 'ASDA Apple Slices & Grapes', 'product_price': '£0.35', 'product_additionals': '(£4.38/kg)'}, {'shop': 'tesco', 'url': 'https://www.tesco.com/groceries/en-GB/products/283420093', 'product_name': 'Go Ahead Apple & Sultana 5 X 43G', 'product_price': '£ 0.99', 'product_additionals': '£0.46/100g'}, {'shop': 'tesco', 'url': 'https://www.tesco.com/groceries/en-GB/products/287872392', 'product_name': 'Tesco Pineapple Fingers 500G', 'product_price': '£ 2.60', 'product_additionals': '£5.20/kg'}, {'shop': 'tesco', 'url': 'https://www.tesco.com/groceries/en-GB/products/253052208', 'product_name': 'Cow & Gate Apple & Pear Fruit Pot 4X100g 4 Mth+', 'product_price': '£ 1.45', 'product_additionals': '£3.63/kg'}, {'shop': 'tesco', 'url': 'https://www.tesco.com/groceries/en-GB/products/258899992', 'product_name': 'Cow & Gate Plum & Apple Fruit Pot 4X100g 4 Mth+', 'product_price': '£ 1.45', 'product_additionals': '£3.63/kg'}, {'shop': 'tesco', 'url': 'https://www.tesco.com/groceries/en-GB/products/302219827', 'product_name': 'Tesco Ham & Pineapple Pizza 316G', 'product_price': '£ 1.65', 'product_additionals': '£0.52/100g'}, {'shop': 'tesco', 'url': 'https://www.tesco.com/groceries/en-GB/products/275712998', 'product_name': 'Tesco 6 Apple Fruity Bakes 222G', 'product_price': '£ 0.95', 'product_additionals': '£0.43/100g'}, {'shop': 'tesco', 'url': 'https://www.tesco.com/groceries/en-GB/products/284477317', 'product_name': 'Tesco Finest Best Of British Apple 4 Pack 590G', 'product_price': '£ 1.80', 'product_additionals': '£3.06/kg'}, {'shop': 'tesco', 'url': 'https://www.tesco.com/groceries/en-GB/products/253052928', 'product_name': 'Cow & Gate Apple & Banana Fruit Pot 4X100g 4 Mth+', 'product_price': '£ 1.45', 'product_additionals': '£3.63/kg'}, {'shop': 'tesco', 'url': 'https://www.tesco.com/groceries/en-GB/products/307136220', 'product_name': 'Tesco Apple Crumble 500G', 'product_price': '£ 2.80', 'product_additionals': '£0.56/100g'}, {'shop': 'tesco', 'url': 'https://www.tesco.com/groceries/en-GB/products/304792472', 'product_name': 'Ocean Spray Apple Sauce 210G', 'product_price': '£ 1.30', 'product_additionals': '£0.62/100g'}, {'shop': 'tesco', 'url': 'https://www.tesco.com/groceries/en-GB/products/301269141', 'product_name': 'Tesco Pear & Apple Pouch 70G', 'product_price': '£ 0.45', 'product_additionals': '£0.64/100g'}, {'shop': 'tesco', 'url': 'https://www.tesco.com/groceries/en-GB/products/304379766', 'product_name': 'Heinz By Nature Apple Banana Apricot 4 Month Plus 4 X 100G', 'product_price': '£ 1.35', 'product_additionals': '£3.38/kg'}, {'shop': 'tesco', 'url': 'https://www.tesco.com/groceries/en-GB/products/268849340', 'product_name': 'Tesco 8 British Pork & Apple Sausages 454G', 'product_price': '£ 1.70', 'product_additionals': '£3.75/kg'}, {'shop': 'tesco', 'url': 'https://www.tesco.com/groceries/en-GB/products/302971678', 'product_name': 'Tesco Pineapple Chunks 145G', 'product_price': '£ 1.00', 'product_additionals': '£6.90/kg'}, {'shop': 'tesco', 'url': 'https://www.tesco.com/groceries/en-GB/products/274983482', 'product_name': 'Melon & Pineapple Finger 300G', 'product_price': '£ 2.00', 'product_additionals': '£6.67/kg'}, {'shop': 'tesco', 'url': 'https://www.tesco.com/groceries/en-GB/products/293171580', 'product_name': 'Tesco Organic Pink Lady Apples 440G', 'product_price': '£ 2.50', 'product_additionals': '£5.69/kg'}, {'shop': 'tesco', 'url': 'https://www.tesco.com/groceries/en-GB/products/305745838', 'product_name': 'Heinz Apple & Yogurt Jar 120G', 'product_price': '£ 0.65', 'product_additionals': '£5.42/kg'}, {'shop': 'tesco', 'url': 'https://www.tesco.com/groceries/en-GB/products/302971655', 'product_name': 'Tesco Pineapple Chunks 270G', 'product_price': '£ 2.00', 'product_additionals': '£7.41/kg'}, {'shop': 'tesco', 'url': 'https://www.tesco.com/groceries/en-GB/products/253052358', 'product_name': 'Cow & Gate Apple Apricot & Strawberry Fruit Pot 4X100g 4 Mth+', 'product_price': '£ 1.45', 'product_additionals': '£3.63/kg'}, {'shop': 'tesco', 'url': 'https://www.tesco.com/groceries/en-GB/products/285347418', 'product_name': 'Tesco Pineapple Fingers 80G', 'product_price': '£ 0.60', 'product_additionals': '£7.50/kg'}, {'shop': 'tesco', 'url': 'https://www.tesco.com/groceries/en-GB/products/292759393', 'product_name': "Ella's Kitchen Apple & Cinnamon Crumble 4X80g", 'product_price': '£ 1.75', 'product_additionals': '£4.87/kg'}, {'shop': 'tesco', 'url': 'https://www.tesco.com/groceries/en-GB/products/296186827', 'product_name': "Colman's Bramley Apple Sauce 155G", 'product_price': '£ 1.00', 'product_additionals': '£0.65/100g'}, {'shop': 'tesco', 'url': 'https://www.tesco.com/groceries/en-GB/products/280823888', 'product_name': 'Kubus Apple & Banana Mousse 100G', 'product_price': '£ 0.55', 'product_additionals': '£0.55/100g'}, {'shop': 'tesco', 'url': 'https://www.tesco.com/groceries/en-GB/products/254900560', 'product_name': 'Del Monte Pineapple Chunks In Juice 230G', 'product_price': '£ 0.80', 'product_additionals': '£0.57/100g'}, {'shop': 'tesco', 'url': 'https://www.tesco.com/groceries/en-GB/products/294083203', 'product_name': 'Tesco Red Cabbage & Apple 300G', 'product_price': '£ 2.25', 'product_additionals': '£7.50/kg'}, {'shop': 'tesco', 'url': 'https://www.tesco.com/groceries/en-GB/products/302947875', 'product_name': 'Tesco Pink Lady Apple Doy Bag 350G', 'product_price': '£ 2.40', 'product_additionals': '£6.86/kg'}, {'shop': 'tesco', 'url': 'https://www.tesco.com/groceries/en-GB/products/286212064', 'product_name': 'Loyd Grossman Creamy Cider & Apple 330G', 'product_price': '£ 2.00', 'product_additionals': '£0.61/100g'}, {'shop': 'tesco', 'url': 'https://www.tesco.com/groceries/en-GB/products/262290526', 'product_name': 'Tesco Apple Slices 300G', 'product_price': '£ 2.30', 'product_additionals': '£7.67/kg'}, {'shop': 'tesco', 'url': 'https://www.tesco.com/groceries/en-GB/products/275038051', 'product_name': 'Chicago Town Ham & Pineapple Twin Pack Mini Pizza 330G', 'product_price': '£ 1.50', 'product_additionals': '£0.46/100g'}, {'shop': 'asda', 'url': 'https://groceries.asda.com/product/1000155195017', 'product_name': 'ASDA Extra Special Yorkshire Bred Apple & Sage Pulled Hog Roast', 'product_price': '£4.00', 'product_additionals': '(£4.00/kg)'}, {'shop': 'tesco', 'url': 'https://www.tesco.com/groceries/en-GB/products/301269129', 'product_name': 'Tesco Apple & Mango Pouch 70G', 'product_price': '£ 0.45', 'product_additionals': '£0.64/100g'}, {'shop': 'tesco', 'url': 'https://www.tesco.com/groceries/en-GB/products/306806086', 'product_name': 'Heck Meat Free Apple Chipolatas 300G', 'product_price': '£ 2.00', 'product_additionals': '£6.67/kg'}, {'shop': 'asda', 'url': 'https://groceries.asda.com/product/1000244229120', 'product_name': 'ASDA Pineapple, Grapes & Cheese', 'product_price': '£1.25', 'product_additionals': '(£7.81/kg)'}, {'shop': 'tesco', 'url': 'https://www.tesco.com/groceries/en-GB/products/260881071', 'product_name': 'Tesco 2 Apple Crumble 270G', 'product_price': '£ 2.00', 'product_additionals': '£0.74/100g'}, {'shop': 'asda', 'url': 'https://groceries.asda.com/product/910000347964', 'product_name': 'ASDA Mango Melon & Pineapple Mini Platter', 'product_price': '£1.50', 'product_additionals': '(£6.25/kg)'}, {'shop': 'tesco', 'url': 'https://www.tesco.com/groceries/en-GB/products/286681740', 'product_name': 'Tesco Apple & Grape Snack Pack 80G', 'product_price': '£ 0.50', 'product_additionals': '£6.25/kg'}, {'shop': 'tesco', 'url': 'https://www.tesco.com/groceries/en-GB/products/263894926', 'product_name': 'Quaker Oat So Simple Apple Blueberry Porridge 10X36g', 'product_price': '£ 2.00', 'product_additionals': '£0.56/100g'}, {'shop': 'asda', 'url': 'https://groceries.asda.com/product/910000426024', 'product_name': 'ASDA Apple Grapes & Cheese', 'product_price': '£1.25', 'product_additionals': '(£8.33/kg)'}, {'shop': 'tesco', 'url': 'https://www.tesco.com/groceries/en-GB/products/274709486', 'product_name': "Nature's Finest Pineapple In Juice 400G", 'product_price': '£ 1.70', 'product_additionals': '£7.40/kg'}, {'shop': 'tesco', 'url': 'https://www.tesco.com/groceries/en-GB/products/296715393', 'product_name': 'Cow & Gate Fruit Pouch Apple & Banana 4 X 100G', 'product_price': '£ 2.60', 'product_additionals': '£0.65/100g'}, {'shop': 'tesco', 'url': 'https://www.tesco.com/groceries/en-GB/products/251888083', 'product_name': 'Castello Pineapple Halo 125G', 'product_price': '£ 1.30', 'product_additionals': '£10.40/kg'}, {'shop': 'tesco', 'url': 'https://www.tesco.com/groceries/en-GB/products/292991312', 'product_name': 'Tesco Instant Oats Porridge Pot Apple & Blueberry 55G', 'product_price': '£ 0.35', 'product_additionals': '£0.64/100g'}, {'shop': 'tesco', 'url': 'https://www.tesco.com/groceries/en-GB/products/305248540', 'product_name': 'Cow & Gate Apple Banana & Strawberry Pouches 4 X 100G', 'product_price': '£ 2.60', 'product_additionals': '£0.65/100g'}, {'shop': 'tesco', 'url': 'https://www.tesco.com/groceries/en-GB/products/279842342', 'product_name': 'Kubus Apple Banana Carrot & Strawberry Mousse 100G', 'product_price': '£ 0.55', 'product_additionals': '£0.55/100g'}, {'shop': 'asda', 'url': 'https://groceries.asda.com/product/910001461224', 'product_name': 'Hazerbaba Turkish Apple Tea', 'product_price': '£3.09', 'product_additionals': '(£1.24/100g)'}, {'shop': 'tesco', 'url': 'https://www.tesco.com/groceries/en-GB/products/304398714', 'product_name': 'Petits Filous No Added Sugar Apple Pear & Banana Fromage Frais 6 X 47G', 'product_price': '£ 1.50', 'product_additionals': '£0.53/100g'}, {'shop': 'tesco', 'url': 'https://www.tesco.com/groceries/en-GB/products/306498944', 'product_name': 'Little Yeos Organic Apple & Pear Yogurt 90G', 'product_price': '£ 0.75', 'product_additionals': '£0.83/100g'}, {'shop': 'tesco', 'url': 'https://www.tesco.com/groceries/en-GB/products/302285373', 'product_name': 'Organix Just Apple Oats & Cinnamon 120G', 'product_price': '£ 1.10', 'product_additionals': '£9.17/kg'}, {'shop': 'tesco', 'url': 'https://www.tesco.com/groceries/en-GB/products/304799764', 'product_name': "Kirsty's Luxury Apple Pie 322G", 'product_price': '£ 3.00', 'product_additionals': '£9.32/kg'}, {'shop': 'tesco', 'url': 'https://www.tesco.com/groceries/en-GB/products/305941600', 'product_name': 'Tesco Pork & Apple Casserole 580G', 'product_price': '£ 5.00', 'product_additionals': '£8.63/kg'}, {'shop': 'tesco', 'url': 'https://www.tesco.com/groceries/en-GB/products/264154471', 'product_name': 'Heinz Apple Biscotti 60G', 'product_price': '£ 0.70', 'product_additionals': '£11.67/kg'}, {'shop': 'tesco', 'url': 'https://www.tesco.com/groceries/en-GB/products/301513394', 'product_name': 'Tesco Pink Lady Apple Pot 80G', 'product_price': '£ 1.00', 'product_additionals': '£1.25/100g'}, {'shop': 'tesco', 'url': 'https://www.tesco.com/groceries/en-GB/products/301513359', 'product_name': 'Tesco Pink Lady Apple & Grape Pot 100G', 'product_price': '£ 1.00', 'product_additionals': '£1.00/100g'}, {'shop': 'tesco', 'url': 'https://www.tesco.com/groceries/en-GB/products/266659562', 'product_name': 'Applewood Slices 160G', 'product_price': '£ 2.15', 'product_additionals': '£13.44/kg'}, {'shop': 'tesco', 'url': 'https://www.tesco.com/groceries/en-GB/products/289599764', 'product_name': 'Tesco Gammon Steak With Cheese & Pineapple 345G', 'product_price': '£ 3.00', 'product_additionals': '£8.70/kg'}, {'shop': 'tesco', 'url': 'https://www.tesco.com/groceries/en-GB/products/305868353', 'product_name': "Kellogg's Wkk Kids Strawbrry Apple & Carrot 350G", 'product_price': '£ 3.00', 'product_additionals': '£8.58/kg'}, {'shop': 'tesco', 'url': 'https://www.tesco.com/groceries/en-GB/products/279232684', 'product_name': 'Tesco Finest British Bramley Apple Sauce With Cider 200G', 'product_price': '£ 1.50', 'product_additionals': '£0.75/100g'}, {'shop': 'tesco', 'url': 'https://www.tesco.com/groceries/en-GB/products/305986662', 'product_name': 'The Collective Suckies Apple & Blackcurrant 100G', 'product_price': '£ 0.70', 'product_additionals': '£0.70/100g'}, {'shop': 'tesco', 'url': 'https://www.tesco.com/groceries/en-GB/products/297385855', 'product_name': 'Soreen 5 Apple Lunchbox Loaves 150G', 'product_price': '£ 1.40', 'product_additionals': '£0.93/100g'}, {'shop': 'tesco', 'url': 'https://www.tesco.com/groceries/en-GB/products/302291181', 'product_name': 'Organix Just Apple Strawberry & Blueberry 120G', 'product_price': '£ 1.10', 'product_additionals': '£9.17/kg'}, {'shop': 'tesco', 'url': 'https://www.tesco.com/groceries/en-GB/products/305745775', 'product_name': 'Heinz Apple & Cucumber Pouch 100G', 'product_price': '£ 1.00', 'product_additionals': '£10.00/kg'}, {'shop': 'tesco', 'url': 'https://www.tesco.com/groceries/en-GB/products/261383169', 'product_name': "Ella's Kitchen Apples Carrots Plus Parsnips 120G", 'product_price': '£ 1.10', 'product_additionals': '£9.17/kg'}, {'shop': 'tesco', 'url': 'https://www.tesco.com/groceries/en-GB/products/276867536', 'product_name': 'Heinz Fruit Pouch Apple Mango 100G', 'product_price': '£ 1.00', 'product_additionals': '£1.00/100g'}, {'shop': 'tesco', 'url': 'https://www.tesco.com/groceries/en-GB/products/305867999', 'product_name': "Kellogg's Wkk Kids Blueberry & Apple 350G", 'product_price': '£ 3.00', 'product_additionals': '£8.58/kg'}, {'shop': 'tesco', 'url': 'https://www.tesco.com/groceries/en-GB/products/271028386', 'product_name': "Ella's Kitchen Apples Apples Apples 70G", 'product_price': '£ 0.80', 'product_additionals': '£11.43/kg'}, {'shop': 'tesco', 'url': 'https://www.tesco.com/groceries/en-GB/products/271645755', 'product_name': "Ella's Kitchen Spinach Apple Plus Swede Stage 120G", 'product_price': '£ 1.10', 'product_additionals': '£9.17/kg'}, {'shop': 'tesco', 'url': 'https://www.tesco.com/groceries/en-GB/products/305522048', 'product_name': 'Tesco Pork Belly With Apple Sauce 370G', 'product_price': '£ 3.50', 'product_additionals': '£9.46/kg'}, {'shop': 'tesco', 'url': 'https://www.tesco.com/groceries/en-GB/products/302947950', 'product_name': 'Tesco Pink Lady Apple And Grape Snack Pot 100G', 'product_price': '£ 1.00', 'product_additionals': '£10.00/kg'}, {'shop': 'tesco', 'url': 'https://www.tesco.com/groceries/en-GB/products/299919429', 'product_name': 'Tesco 2 Apple & Blackberry Puddings 220G', 'product_price': '£ 2.00', 'product_additionals': '£0.91/100g'}, {'shop': 'tesco', 'url': 'https://www.tesco.com/groceries/en-GB/products/305052713', 'product_name': 'Genius 2 Gluten Free Apple Pies 320G', 'product_price': '£ 3.25', 'product_additionals': '£10.16/kg'}, {'shop': 'tesco', 'url': 'https://www.tesco.com/groceries/en-GB/products/304868625', 'product_name': 'Goodbelly Oat Flakes With Apple & Cranberry 350G', 'product_price': '£ 3.50', 'product_additionals': '£1.00/100g'}, {'shop': 'tesco', 'url': 'https://www.tesco.com/groceries/en-GB/products/297297274', 'product_name': 'Tesco 2 Fresh Cream Bramley Apple Turnovers 160G', 'product_price': '£ 1.60', 'product_additionals': '£1.00/100g'}, {'shop': 'tesco', 'url': 'https://www.tesco.com/groceries/en-GB/products/278234073', 'product_name': 'Heinz Fruit Pouch Apple & Blueberry 100G', 'product_price': '£ 1.00', 'product_additionals': '£1.00/100g'}, {'shop': 'tesco', 'url': 'https://www.tesco.com/groceries/en-GB/products/299583894', 'product_name': 'Piccolo Organic Pear Apple & Spring Greens 100G', 'product_price': '£ 1.10', 'product_additionals': '£1.10/100g'}, {'shop': 'tesco', 'url': 'https://www.tesco.com/groceries/en-GB/products/304784637', 'product_name': 'Deliciously Ella Apple & Blackberry Crumble 275G', 'product_price': '£ 3.00', 'product_additionals': '£10.91/kg'}, {'shop': 'tesco', 'url': 'https://www.tesco.com/groceries/en-GB/products/302462117', 'product_name': 'Babease Organic Strawberry Apple Brown Rice 100G', 'product_price': '£ 1.10', 'product_additionals': '£1.10/100g'}, {'shop': 'tesco', 'url': 'https://www.tesco.com/groceries/en-GB/products/304795797', 'product_name': 'Quaker Raspberry Apple & Acai Porridge 8 Pack 281G', 'product_price': '£ 3.00', 'product_additionals': '£1.07/100g'}, {'shop': 'tesco', 'url': 'https://www.tesco.com/groceries/en-GB/products/261384001', 'product_name': "Ella's Kitchen Sweet Potato Pumpkin Apple & Blueberries 120G", 'product_price': '£ 1.10', 'product_additionals': '£9.17/kg'}, {'shop': 'tesco', 'url': 'https://www.tesco.com/groceries/en-GB/products/305435733', 'product_name': "Ella's Kitchen Organic Banana Apple Blueberry Baby Rice 120G", 'product_price': '£ 1.10', 'product_additionals': '£0.92/100g'}, {'shop': 'tesco', 'url': 'https://www.tesco.com/groceries/en-GB/products/264014086', 'product_name': 'Ilchester Applewood Smoked Cheddar 185G', 'product_price': '£ 2.10', 'product_additionals': '£11.36/kg'}, {'shop': 'tesco', 'url': 'https://www.tesco.com/groceries/en-GB/products/298648843', 'product_name': 'Organix Goodies Raspberry & Apple Bars 12X30g', 'product_price': '£ 4.50', 'product_additionals': '£12.50/kg'}, {'shop': 'tesco', 'url': 'https://www.tesco.com/groceries/en-GB/products/287001266', 'product_name': 'Organix Apple & Date 6 X 17G', 'product_price': '£ 2.00', 'product_additionals': '£1.97/100g'}, {'shop': 'tesco', 'url': 'https://www.tesco.com/groceries/en-GB/products/297673445', 'product_name': 'Tesco Finest Slow Cooked Gammon Shank In Pineapple 550G', 'product_price': '£ 6.00', 'product_additionals': '£10.91/kg'}, {'shop': 'tesco', 'url': 'https://www.tesco.com/groceries/en-GB/products/299583859', 'product_name': 'Piccolo Organic Banana Blueberry & Apple Baby Food 100G', 'product_price': '£ 1.10', 'product_additionals': '£11.00/kg'}, {'shop': 'tesco', 'url': 'https://www.tesco.com/groceries/en-GB/products/283467544', 'product_name': 'Aptamil Oats Apple & Plum Muesli 275G 10 Month Plus', 'product_price': '£ 3.30', 'product_additionals': '£12.00/kg'}, {'shop': 'tesco', 'url': 'https://www.tesco.com/groceries/en-GB/products/305988061', 'product_name': 'Moma Jumbo Oat Porridge Apple Date & Caramel 7 X 35G', 'product_price': '£ 2.90', 'product_additionals': '£1.19/100g'}, {'shop': 'tesco', 'url': 'https://www.tesco.com/groceries/en-GB/products/302275857', 'product_name': 'Ilchester Applewood Smoked Cheddar 170G', 'product_price': '£ 2.20', 'product_additionals': '£12.95/kg'}, {'shop': 'tesco', 'url': 'https://www.tesco.com/groceries/en-GB/products/288805713', 'product_name': 'Tesco Finest Apple & Cranberry Stuffing Mix 130G', 'product_price': '£ 1.40', 'product_additionals': '£10.77/kg'}, {'shop': 'tesco', 'url': 'https://www.tesco.com/groceries/en-GB/products/305836512', 'product_name': 'Applewood Vegan Smoky Cheese Alternative 200G', 'product_price': '£ 2.30', 'product_additionals': '£1.15/100g'}, {'shop': 'asda', 'url': 'https://groceries.asda.com/product/1000203424931', 'product_name': 'Whitworths White Chocolate & Apple With Cinnamon & Raisins', 'product_price': '£1.50', 'product_additionals': '(£1.15/100g)'}, {'shop': 'tesco', 'url': 'https://www.tesco.com/groceries/en-GB/products/307344238', 'product_name': 'Fuel 10K Toffee Apple Oat Muffin 60G', 'product_price': '£ 0.85', 'product_additionals': '£1.42/100g'}, {'shop': 'tesco', 'url': 'https://www.tesco.com/groceries/en-GB/products/296704740', 'product_name': 'Kiddylicious Apple Bakes 6 X 22G', 'product_price': '£ 2.20', 'product_additionals': '£1.67/100g'}, {'shop': 'tesco', 'url': 'https://www.tesco.com/groceries/en-GB/products/302000832', 'product_name': 'Tesco Apple Rice Cakes 40G', 'product_price': '£ 0.80', 'product_additionals': '£0.20/10g'}, {'shop': 'asda', 'url': 'https://groceries.asda.com/product/1000193273146', 'product_name': 'Quaker Porridge To Go Blueberry & Apple Breakfast Bars 2 Pack', 'product_price': '£1.30', 'product_additionals': '(£1.18/100g)'}, {'shop': 'tesco', 'url': 'https://www.tesco.com/groceries/en-GB/products/304399270', 'product_name': 'Nairns Gluten Free Oat Bar Apple & Cinnamon 160G', 'product_price': '£ 2.50', 'product_additionals': '£1.57/100g'}, {'shop': 'tesco', 'url': 'https://www.tesco.com/groceries/en-GB/products/255945384', 'product_name': 'Organix 12 Month Apple & Orange Fruit & Cereal Bar 6X30g', 'product_price': '£ 2.50', 'product_additionals': '£1.39/100g'}, {'shop': 'tesco', 'url': 'https://www.tesco.com/groceries/en-GB/products/268060828', 'product_name': 'Quaker Oat So Simple Apple & Blueberry Porridge 57G', 'product_price': '£ 0.90', 'product_additionals': '£1.58/100g'}, {'shop': 'tesco', 'url': 'https://www.tesco.com/groceries/en-GB/products/255126023', 'product_name': 'Organix 12 Month Apple & Raspberry Fruit & Cereal Bar 6X30g', 'product_price': '£ 2.50', 'product_additionals': '£1.39/100g'}, {'shop': 'tesco', 'url': 'https://www.tesco.com/groceries/en-GB/products/291419849', 'product_name': 'Eat Natural Bars Apple, Ginger & Dark Chocolate 3 X 45G', 'product_price': '£ 2.00', 'product_additionals': '£1.49/100g'}, {'shop': 'asda', 'url': 'https://groceries.asda.com/product/910001085696', 'product_name': 'Applewood Smoke Flavour Cheddar Cheese Snack Pack', 'product_price': '£1.00', 'product_additionals': '(£13.33/kg)'}, {'shop': 'tesco', 'url': 'https://www.tesco.com/groceries/en-GB/products/284983000', 'product_name': 'Bear Pure Fruit Yoyo Apple 5 X 20G', 'product_price': '£ 2.40', 'product_additionals': '£24.00/kg'}, {'shop': 'asda', 'url': 'https://groceries.asda.com/product/1000207107040', 'product_name': 'Bubble Up Pineapple Peach Sunny Side Up The Big Bath Melt Bar', 'product_price': '£3.00', 'product_additionals': '(£1.43/100g)'}, {'shop': 'asda', 'url': 'https://groceries.asda.com/product/910000395900', 'product_name': 'Quaker Oat So Simple Apple & Blueberry Porridge Pot', 'product_price': '£0.97', 'product_additionals': '(£1.70/100g)'}, {'shop': 'tesco', 'url': 'https://www.tesco.com/groceries/en-GB/products/302000792', 'product_name': 'Tesco Apple Rice Cakes 4 X 20G', 'product_price': '£ 1.80', 'product_additionals': '£0.22/10g'}, {'shop': 'tesco', 'url': 'https://www.tesco.com/groceries/en-GB/products/308089256', 'product_name': 'Applewood Smoky Vegan Cheese Alternative Grated 200G', 'product_price': '£ 2.75', 'product_additionals': '£13.75/kg'}, {'shop': 'tesco', 'url': 'https://www.tesco.com/groceries/en-GB/products/255125099', 'product_name': 'Organix 7 Month Rice Cakes Apple 50G', 'product_price': '£ 1.20', 'product_additionals': '£24.00/kg'}, {'shop': 'tesco', 'url': 'https://www.tesco.com/groceries/en-GB/products/301892709', 'product_name': 'Kiddylicious Apple Soft Biscotti 6X20g', 'product_price': '£ 2.20', 'product_additionals': '£18.34/kg'}, {'shop': 'tesco', 'url': 'https://www.tesco.com/groceries/en-GB/products/298648808', 'product_name': 'Organix Apple Rice Cakes Multipack 4X28g', 'product_price': '£ 2.50', 'product_additionals': '£22.33/kg'}, {'shop': 'tesco', 'url': 'https://www.tesco.com/groceries/en-GB/products/296070895', 'product_name': 'Tesco Finest Smoked Applewood Ham 125G', 'product_price': '£ 2.50', 'product_additionals': '£2.00/100g'}, {'shop': 'tesco', 'url': 'https://www.tesco.com/groceries/en-GB/products/304177918', 'product_name': "Kellogg's Wkk Apple&Pumpkin Bar 4X30g", 'product_price': '£ 2.49', 'product_additionals': '£2.08/100g'}, {'shop': 'tesco', 'url': 'https://www.tesco.com/groceries/en-GB/products/297490420', 'product_name': 'Bear Yoyo Sours Blackcurrant & Apple 100G', 'product_price': '£ 2.40', 'product_additionals': '£24.00/kg'}, {'shop': 'tesco', 'url': 'https://www.tesco.com/groceries/en-GB/products/271413609', 'product_name': "Ella's Strawberries & Apples Nibbly Fingers 5 X 25G", 'product_price': '£ 2.50', 'product_additionals': '£20.00/kg'}, {'shop': 'tesco', 'url': 'https://www.tesco.com/groceries/en-GB/products/306927708', 'product_name': 'Bear Giant Yoyo Apple & Blackcurrant 5 X 20G', 'product_price': '£ 2.40', 'product_additionals': '£24.00/kg'}, {'shop': 'tesco', 'url': 'https://www.tesco.com/groceries/en-GB/products/305253176', 'product_name': 'Kiddylicious Juicy Fruit Bars Pineapple & Coconut 100G', 'product_price': '£ 2.35', 'product_additionals': '£23.50/kg'}, {'shop': 'asda', 'url': 'https://groceries.asda.com/product/1000203231981', 'product_name': 'The Fruit Factory Fruit Stars Strawberry, Apple and Orange 5 Pack', 'product_price': '£2.00', 'product_additionals': '(£2.00/100g)'}, {'shop': 'asda', 'url': 'https://groceries.asda.com/product/1000203231909', 'product_name': 'The Fruit Factory Fruit Strings Strawberry, Apple and Orange 5 Pack', 'product_price': '£2.00', 'product_additionals': '(£2.00/100g)'}, {'shop': 'tesco', 'url': 'https://www.tesco.com/groceries/en-GB/products/305252239', 'product_name': 'Botanica Airwick Pineapple Tunisian Rosemary 205G', 'product_price': '£ 7.00', 'product_additionals': '£34.15/kg'}, {'shop': 'tesco', 'url': 'https://www.tesco.com/groceries/en-GB/products/302820564', 'product_name': 'Bloo Fragrance Switch Lily & Apple Rim Block 50G', 'product_price': '£ 1.75', 'product_additionals': '£35.00/kg'}, {'shop': 'tesco', 'url': 'https://www.tesco.com/groceries/en-GB/products/300274913', 'product_name': "Nim's Air Dried Apple Crisps 20G", 'product_price': '£ 0.85', 'product_additionals': '£4.25/100g'}, {'shop': 'asda', 'url': 'https://groceries.asda.com/product/1000103026346', 'product_name': 'Schwartz Christmas Limited Edition Braised Red Cabbage with Apple & Cider Recipe Mix', 'product_price': '£0.85', 'product_additionals': '(£2.43/100g)'}, {'shop': 'tesco', 'url': 'https://www.tesco.com/groceries/en-GB/products/250293808', 'product_name': 'Twinings Green Tea And Pineapple 20S 40G', 'product_price': '£ 2.00', 'product_additionals': '£5.00/100g'}, {'shop': 'tesco', 'url': 'https://www.tesco.com/groceries/en-GB/products/271394573', 'product_name': 'Kiddylicious Apple Fruit Wriggles 12G', 'product_price': '£ 0.55', 'product_additionals': '£45.84/kg'}, {'shop': 'asda', 'url': 'https://groceries.asda.com/product/910000447514', 'product_name': 'Kiddylicious Apple Fruit Wriggles 12+ Months', 'product_price': '£0.50', 'product_additionals': '(£4.17/100g)'}, {'shop': 'tesco', 'url': 'https://www.tesco.com/groceries/en-GB/products/250293958', 'product_name': 'Twinings Pear & Apple Green Tea Tea Bags 20S 40G', 'product_price': '£ 2.00', 'product_additionals': '£5.00/100g'}, {'shop': 'tesco', 'url': 'https://www.tesco.com/groceries/en-GB/products/301892082', 'product_name': "Ella's Kitchen Cheese Plus Apple Melty Sticks 16G", 'product_price': '£ 1.00', 'product_additionals': '£62.50/kg'}, {'shop': 'tesco', 'url': 'https://www.tesco.com/groceries/en-GB/products/305250375', 'product_name': 'Kiddylicious Apple & Carrot Rice Crispy Sticks 6 X 10G', 'product_price': '£ 2.75', 'product_additionals': '£45.84/kg'}, {'shop': 'tesco', 'url': 'https://www.tesco.com/groceries/en-GB/products/279526774', 'product_name': 'Pukka Organic Spiced Apple Cinnamon Plus Ginger 20 Tea Bags 40G', 'product_price': '£ 2.80', 'product_additionals': '£7.00/100g'}, {'shop': 'asda', 'url': 'https://groceries.asda.com/product/1000133331310', 'product_name': 'ASDA Bramley Apple Sauce', 'product_price': '£0.49', 'product_additionals': '(17.5p/100g)'}, {'shop': 'asda', 'url': 'https://groceries.asda.com/product/21081', 'product_name': 'ASDA Apple Slices', 'product_price': '£0.79', 'product_additionals': '(20.5p/100g)'}, {'shop': 'tesco', 'url': 'https://www.tesco.com/groceries/en-GB/products/301176826', 'product_name': 'Twinings Cold Infuse Coconut & Pineapple 30G', 'product_price': '£ 3.79', 'product_additionals': '£12.64/100g'}, {'shop': 'tesco', 'url': 'https://www.tesco.com/groceries/en-GB/products/304555172', 'product_name': 'Twinings Cold Infuse Apple Cucumber & Mint 30G', 'product_price': '£ 3.79', 'product_additionals': '£12.64/100g'}, {'shop': 'asda', 'url': 'https://groceries.asda.com/product/1000009534793', 'product_name': 'Twinings Superblends Sleep Spiced Apple & Vanilla with Camomile & Passionflowers 20 Tea Bags', 'product_price': '£2.00', 'product_additionals': '(£6.67/100g)'}, {'shop': 'asda', 'url': 'https://groceries.asda.com/product/1000189643969', 'product_name': 'Longley Farm Apple Yogurt', 'product_price': '£0.42', 'product_additionals': '(28.0p/100g)'}, {'shop': 'asda', 'url': 'https://groceries.asda.com/product/1000053469148', 'product_name': "Twinings Cold In'fuse Blueberry, Apple & Blackcurrant", 'product_price': '£3.79', 'product_additionals': '(£12.63/100g)'}, {'shop': 'tesco', 'url': 'https://www.tesco.com/groceries/en-GB/products/301175129', 'product_name': 'Twinings Cold Infuse Blueberry Apple Blackcurrant 30G', 'product_price': '£ 3.79', 'product_additionals': '£12.64/100g'}, {'shop': 'asda', 'url': 'https://groceries.asda.com/product/910002689102', 'product_name': 'ASDA Strawberry Raspberry & Apple Granola', 'product_price': '£2.00', 'product_additionals': '(20.0p/100g)'}, {'shop': 'asda', 'url': 'https://groceries.asda.com/product/1000136120575', 'product_name': "Hartley's Best of Pineapple Jam", 'product_price': '£1.00', 'product_additionals': '(33.3p/100g)'}, {'shop': 'asda', 'url': 'https://groceries.asda.com/product/910000027400', 'product_name': "Hartley's Pineapple in Jelly", 'product_price': '£0.72', 'product_additionals': '(41.1p/100g)'}, {'shop': 'asda', 'url': 'https://groceries.asda.com/product/910003200959', 'product_name': 'Ambrosia Apple Rice Pudding Pot', 'product_price': '£0.59', 'product_additionals': '(39.3p/100g)'}, {'shop': 'asda', 'url': 'https://groceries.asda.com/product/910001390131', 'product_name': 'Muller Rice Raspberry & Apple Low Fat Desserts', 'product_price': '£3.00', 'product_additionals': '(27.8p/100g)'}, {'shop': 'asda', 'url': 'https://groceries.asda.com/product/910003033748', 'product_name': 'ASDA Apple Crumble', 'product_price': '£2.50', 'product_additionals': '(50.0p/100g)'}, {'shop': 'asda', 'url': 'https://groceries.asda.com/product/37354', 'product_name': 'Dole Fruit in Juice Pineapple', 'product_price': '£0.50', 'product_additionals': '(44.2p/100g)'}, {'shop': 'asda', 'url': 'https://groceries.asda.com/product/910001390377', 'product_name': "Hartley's Jelly Pineapple Flavour", 'product_price': '£0.50', 'product_additionals': '(40.0p/100g)'}, {'shop': 'asda', 'url': 'https://groceries.asda.com/product/910000442252', 'product_name': "Hartley's 10 Cal Apple & Watermelon Flavour Jelly", 'product_price': '£0.50', 'product_additionals': '(28.6p/100g)'}, {'shop': 'asda', 'url': 'https://groceries.asda.com/product/910001952864', 'product_name': "Hartley's Pineapple Flavour Jelly", 'product_price': '£0.55', 'product_additionals': '(40.7p/100g)'}, {'shop': 'asda', 'url': 'https://groceries.asda.com/product/910001322962', 'product_name': 'Go Ahead! Crispy Apple Slices', 'product_price': '£1.00', 'product_additionals': '(45.9p/100g)'}, {'shop': 'asda', 'url': 'https://groceries.asda.com/product/37638', 'product_name': 'Del Monte Pineapple Chunks in Juice', 'product_price': '£1.10', 'product_additionals': '(42.3p/100g)'}, {'shop': 'asda', 'url': 'https://groceries.asda.com/product/23397', 'product_name': 'Del Monte Sliced Pineapple in Juice', 'product_price': '£1.10', 'product_additionals': '(42.3p/100g)'}, {'shop': 'asda', 'url': 'https://groceries.asda.com/product/466253', 'product_name': 'Del Monte Crushed Pineapple in Own Juice', 'product_price': '£1.10', 'product_additionals': '(39.6p/100g)'}, {'shop': 'asda', 'url': 'https://groceries.asda.com/product/1000004538423', 'product_name': 'ASDA Extra Special Berry & Bramley Apple Jam', 'product_price': '£1.25', 'product_additionals': '(36.8p/100g)'}, {'shop': 'asda', 'url': 'https://groceries.asda.com/product/910002993005', 'product_name': 'Go Ahead! Apple Bakes', 'product_price': '£1.50', 'product_additionals': '(71.4p/100g)'}, {'shop': 'asda', 'url': 'https://groceries.asda.com/product/1000199388624', 'product_name': "McVitie's 10 Pineapple Jaffa Cakes", 'product_price': '£0.60', 'product_additionals': '(49.2p/100g)'}, {'shop': 'asda', 'url': 'https://groceries.asda.com/product/910000953796', 'product_name': 'Dole Fruit in Juice Pineapple & Mandarins', 'product_price': '£0.50', 'product_additionals': '(44.2p/100g)'}, {'shop': 'asda', 'url': 'https://groceries.asda.com/product/1000052962645', 'product_name': 'Del Monte Gold Pineapple Chunks in Juice', 'product_price': '£1.20', 'product_additionals': '(46.2p/100g)'}, {'shop': 'asda', 'url': 'https://groceries.asda.com/product/1000052962713', 'product_name': 'Del Monte Gold Pineapple Slices in Juice', 'product_price': '£1.20', 'product_additionals': '(46.2p/100g)'}, {'shop': 'asda', 'url': 'https://groceries.asda.com/product/910003020651', 'product_name': "Colman's Bramley Apple Sauce", 'product_price': '£1.00', 'product_additionals': '(64.5p/100g)'}, {'shop': 'asda', 'url': 'https://groceries.asda.com/product/910001389140', 'product_name': "Hartley's No Added Sugar Jelly Apple Flavour", 'product_price': '£0.50', 'product_additionals': '(43.5p/100g)'}, {'shop': 'asda', 'url': 'https://groceries.asda.com/product/1000051700064', 'product_name': 'Branston Dorset Ale & Apple Chutney', 'product_price': '£1.55', 'product_additionals': '(53.4p/100g)'}, {'shop': 'asda', 'url': 'https://groceries.asda.com/product/1000213879511', 'product_name': 'ASDA 6 Mini Pork & Apple Pies', 'product_price': '£1.55', 'product_additionals': '(51.7p/100g)'}, {'shop': 'asda', 'url': 'https://groceries.asda.com/product/37805', 'product_name': 'Del Monte Sliced Pineapple in Juice', 'product_price': '£0.80', 'product_additionals': '(57.1p/100g)'}, {'shop': 'asda', 'url': 'https://groceries.asda.com/product/910002522972', 'product_name': 'Del Monte Squeezie Apple & Mango', 'product_price': '£0.50', 'product_additionals': '(50.0p/100g)'}, {'shop': 'asda', 'url': 'https://groceries.asda.com/product/1000114612689', 'product_name': 'ASDA Apple & Cinnamon Fruit & Grain Bars', 'product_price': '£0.95', 'product_additionals': '(42.8p/100g)'}, {'shop': 'asda', 'url': 'https://groceries.asda.com/product/910000953620', 'product_name': 'Dole Fruit in Jelly Pineapple in Raspberry Flavour Jelly', 'product_price': '£0.50', 'product_additionals': '(44.2p/100g)'}, {'shop': 'asda', 'url': 'https://groceries.asda.com/product/910001068902', 'product_name': 'Del Monte Quality Pineapple Chunks in Own Juice', 'product_price': '£0.80', 'product_additionals': '(57.1p/100g)'}, {'shop': 'asda', 'url': 'https://groceries.asda.com/product/12047250', 'product_name': "White's Apple & Cinnamon Toasted Oats", 'product_price': '£2.90', 'product_additionals': '(58.0p/100g)'}, {'shop': 'asda', 'url': 'https://groceries.asda.com/product/910002523074', 'product_name': 'Del Monte Squeezie Apple Strawberry & Banana', 'product_price': '£0.50', 'product_additionals': '(50.0p/100g)'}, {'shop': 'asda', 'url': 'https://groceries.asda.com/product/910003043564', 'product_name': 'ASDA Apple & Blueberry Porridge Pot', 'product_price': '£0.35', 'product_additionals': '(61.4p/100g)'}, {'shop': 'asda', 'url': 'https://groceries.asda.com/product/910002522987', 'product_name': 'Del Monte Squeezie Apple Strawberry & Blueberry', 'product_price': '£0.50', 'product_additionals': '(50.0p/100g)'}, {'shop': 'asda', 'url': 'https://groceries.asda.com/product/1000039942528', 'product_name': 'Swizzels Drumstick Squashies Sour Cherry & Apple Flavour', 'product_price': '£0.90', 'product_additionals': '(56.2p/100g)'}, {'shop': 'asda', 'url': 'https://groceries.asda.com/product/910000048124', 'product_name': 'ASDA Extra Special Mango Apple & Ginger Chutney', 'product_price': '£1.98', 'product_additionals': '(68.3p/100g)'}, {'shop': 'asda', 'url': 'https://groceries.asda.com/product/77297209', 'product_name': 'Quaker Oat So Simple Apple & Blueberry Porridge 10 Pack', 'product_price': '£2.75', 'product_additionals': '(76.4p/100g)'}, {'shop': 'asda', 'url': 'https://groceries.asda.com/product/910002091563', 'product_name': 'ASDA Extra Special English Bramley Apple Sauce with Cider', 'product_price': '£1.65', 'product_additionals': '(75.0p/100g)'}, {'shop': 'asda', 'url': 'https://groceries.asda.com/product/1000194606778', 'product_name': 'Quaker Perfect Blends Raspberry, Apple & Acai Porridge 8 Pack', 'product_price': '£2.00', 'product_additionals': '(71.0p/100g)'}, {'shop': 'asda', 'url': 'https://groceries.asda.com/product/1000194606864', 'product_name': 'Quaker Perfect Blends Apple, Raisin & Cinnamon Porridge 8 Pack', 'product_price': '£2.00', 'product_additionals': '(72.0p/100g)'}, {'shop': 'asda', 'url': 'https://groceries.asda.com/product/910000395872', 'product_name': "Kellogg's Nutri-Grain Fruity Apple Breakfast Bars", 'product_price': '£2.19', 'product_additionals': '(98.7p/100g)'}, {'shop': 'asda', 'url': 'https://groceries.asda.com/product/1000192700063', 'product_name': 'W.K Kellogg Kids Strawberry, Apple & Carrot Multigrain Shapes Cereal', 'product_price': '£2.99', 'product_additionals': '(85.4p/100g)'}, {'shop': 'asda', 'url': 'https://groceries.asda.com/product/1000192700033', 'product_name': 'W.K Kellogg Kids No Added Sugar Blueberry, Apple & Beetroot Multigrain Shapes Cereal', 'product_price': '£2.99', 'product_additionals': '(85.4p/100g)'}, {'shop': 'tesco', 'url': 'https://www.tesco.com/groceries/en-GB/products/267765676', 'product_name': 'Jammin Sparkling Pineapple Drink 2 Litres', 'product_price': '£ 0.90', 'product_additionals': '£0.04/100ml'}, {'shop': 'tesco', 'url': 'https://www.tesco.com/groceries/en-GB/products/252895619', 'product_name': 'Tesco Sparkling Water Apple & Raspberry 1L', 'product_price': '£ 0.45', 'product_additionals': '£0.04/100ml'}, {'shop': 'tesco', 'url': 'https://www.tesco.com/groceries/en-GB/products/301219495', 'product_name': 'Growers Harvest Pure Apple Juice 1 Litre', 'product_price': '£ 0.59', 'product_additionals': '£0.06/100ml'}, {'shop': 'tesco', 'url': 'https://www.tesco.com/groceries/en-GB/products/284738142', 'product_name': 'Tesco Apple & Elderflower Sparkling Water 1 Litre', 'product_price': '£ 0.45', 'product_additionals': '£0.04/100ml'}, {'shop': 'tesco', 'url': 'https://www.tesco.com/groceries/en-GB/products/301219535', 'product_name': 'Growers Harvest Apple Juice Drink 1 Litre', 'product_price': '£ 0.55', 'product_additionals': '£0.06/100ml'}, {'shop': 'tesco', 'url': 'https://www.tesco.com/groceries/en-GB/products/305042731', 'product_name': 'Nestle Pure Life Mango Pineapple Sparkling Water 1L', 'product_price': '£ 0.50', 'product_additionals': '£0.05/100ml'}, {'shop': 'tesco', 'url': 'https://www.tesco.com/groceries/en-GB/products/301107472', 'product_name': 'Growers Harvest Apple Juice 3X200ml', 'product_price': '£ 0.40', 'product_additionals': '£0.07/100ml'}, {'shop': 'tesco', 'url': 'https://www.tesco.com/groceries/en-GB/products/266385580', 'product_name': 'Caprio Apple & Raspberry Drink 2 Litre Carton', 'product_price': '£ 1.10', 'product_additionals': '£0.06/100ml'}, {'shop': 'tesco', 'url': 'https://www.tesco.com/groceries/en-GB/products/276003678', 'product_name': 'K.A. Sparkling Pineapple Drink 2 Litre', 'product_price': '£ 1.35', 'product_additionals': '£0.07/100ml'}, {'shop': 'tesco', 'url': 'https://www.tesco.com/groceries/en-GB/products/259336315', 'product_name': 'Tesco Pineapple Juice 1 Litre', 'product_price': '£ 0.90', 'product_additionals': '£0.09/100ml'}, {'shop': 'tesco', 'url': 'https://www.tesco.com/groceries/en-GB/products/296688412', 'product_name': 'Volvic Apple And Elderflower Water S/Free1.5L', 'product_price': '£ 0.79', 'product_additionals': '£0.05/100ml'}, {'shop': 'tesco', 'url': 'https://www.tesco.com/groceries/en-GB/products/300473931', 'product_name': 'Growers Harvest Pure Apple Juice 1 Litre', 'product_price': '£ 0.69', 'product_additionals': '£0.07/100ml'}, {'shop': 'tesco', 'url': 'https://www.tesco.com/groceries/en-GB/products/300474095', 'product_name': 'Growers Harvest Pure Apple Juice 2 Litre', 'product_price': '£ 1.35', 'product_additionals': '£0.07/100ml'}, {'shop': 'tesco', 'url': 'https://www.tesco.com/groceries/en-GB/products/260861469', 'product_name': 'Tymbark Apple & Mint Nectar Drink 2L', 'product_price': '£ 1.55', 'product_additionals': '£0.08/100ml'}, {'shop': 'tesco', 'url': 'https://www.tesco.com/groceries/en-GB/products/300112737', 'product_name': 'Tymbark Apple Watermelon Drink 2 Litre', 'product_price': '£ 1.50', 'product_additionals': '£0.08/100ml'}, {'shop': 'tesco', 'url': 'https://www.tesco.com/groceries/en-GB/products/260861515', 'product_name': 'Tymbark Cherry & Apple Nectar Drink 2L', 'product_price': '£ 1.55', 'product_additionals': '£0.08/100ml'}, {'shop': 'tesco', 'url': 'https://www.tesco.com/groceries/en-GB/products/306650136', 'product_name': 'Don Simon Pineapple & Coconut Juice Drink 1.5Ltr', 'product_price': '£ 1.00', 'product_additionals': '£0.07/100ml'}, {'shop': 'tesco', 'url': 'https://www.tesco.com/groceries/en-GB/products/254859608', 'product_name': 'Tesco Pure Apple Juice 4 X 1 Litre', 'product_price': '£ 3.30', 'product_additionals': '£0.08/100ml'}, {'shop': 'tesco', 'url': 'https://www.tesco.com/groceries/en-GB/products/254859580', 'product_name': 'Tesco Pure Apple Juice 1 Litre', 'product_price': '£ 0.90', 'product_additionals': '£0.09/100ml'}, {'shop': 'tesco', 'url': 'https://www.tesco.com/groceries/en-GB/products/302012311', 'product_name': 'Lucozade Energy Apple Blast 1 Litre', 'product_price': '£ 0.99', 'product_additionals': '£0.10/100ml'}, {'shop': 'tesco', 'url': 'https://www.tesco.com/groceries/en-GB/products/301107437', 'product_name': 'Stockwell & Co Apple & Blackcurrant No Added Sugar Squash 750Ml', 'product_price': '£ 0.40', 'product_additionals': '£0.05/100ml'}, {'shop': 'tesco', 'url': 'https://www.tesco.com/groceries/en-GB/products/305247063', 'product_name': 'Kubus Still Water Apple Flavoured Drink 1.5L', 'product_price': '£ 1.35', 'product_additionals': '£0.09/100ml'}, {'shop': 'tesco', 'url': 'https://www.tesco.com/groceries/en-GB/products/258298194', 'product_name': 'Tesco Pineapple Juice 3X200ml', 'product_price': '£ 0.80', 'product_additionals': '£0.13/100ml'}, {'shop': 'tesco', 'url': 'https://www.tesco.com/groceries/en-GB/products/263588926', 'product_name': 'Tesco Double Concentrate Apple & Strawberry Squash N/As 1.5L', 'product_price': '£ 1.00', 'product_additionals': '£0.07/100ml'}, {'shop': 'tesco', 'url': 'https://www.tesco.com/groceries/en-GB/products/306942655', 'product_name': 'Juice Burst Apple Juice 1L', 'product_price': '£ 1.25', 'product_additionals': '£0.12/100ml'}, {'shop': 'tesco', 'url': 'https://www.tesco.com/groceries/en-GB/products/275389752', 'product_name': 'K.A. Sparkling Pineapple Soda Can 330Ml', 'product_price': '£ 0.37', 'product_additionals': '£0.11/100ml'}, {'shop': 'tesco', 'url': 'https://www.tesco.com/groceries/en-GB/products/292718079', 'product_name': 'Tesco Apple & Raspberry No Added Sugar Sparkling Water 4X500ml', 'product_price': '£ 1.29', 'product_additionals': '£0.06/100ml'}, {'shop': 'tesco', 'url': 'https://www.tesco.com/groceries/en-GB/products/263588621', 'product_name': 'Tesco Double Strength Apple Squash No Added Sugar 1.5L', 'product_price': '£ 1.00', 'product_additionals': '£0.07/100ml'}, {'shop': 'tesco', 'url': 'https://www.tesco.com/groceries/en-GB/products/302012294', 'product_name': 'Lucozade Energy Apple Blast 6X380ml', 'product_price': '£ 3.00', 'product_additionals': '£0.13/100ml'}, {'shop': 'tesco', 'url': 'https://www.tesco.com/groceries/en-GB/products/263588172', 'product_name': 'Tesco Double Concentrate Apple & Blackcurrant No Added Sugar Squash 1.5L', 'product_price': '£ 1.00', 'product_additionals': '£0.07/100ml'}, {'shop': 'tesco', 'url': 'https://www.tesco.com/groceries/en-GB/products/301219472', 'product_name': 'Tesco Juice Drink Apple & Raspberry 1 Litre', 'product_price': '£ 0.90', 'product_additionals': '£0.09/100ml'}, {'shop': 'tesco', 'url': 'https://www.tesco.com/groceries/en-GB/products/272691801', 'product_name': 'Robinsons Hydro Orange & Pineapple 8X200ml', 'product_price': '£ 2.00', 'product_additionals': '£0.12/100ml'}, {'shop': 'tesco', 'url': 'https://www.tesco.com/groceries/en-GB/products/263588362', 'product_name': 'Tesco Double Concentrate Lemon Orange & Pineapple No Added Sugar Squash 1.5L', 'product_price': '£ 1.00', 'product_additionals': '£0.07/100ml'}, {'shop': 'tesco', 'url': 'https://www.tesco.com/groceries/en-GB/products/254858137', 'product_name': 'Tesco Pure Apple Juice 3X200ml', 'product_price': '£ 0.80', 'product_additionals': '£0.13/100ml'}, {'shop': 'tesco', 'url': 'https://www.tesco.com/groceries/en-GB/products/287258739', 'product_name': 'Tesco Pure Apple Juice 5X150ml', 'product_price': '£ 1.00', 'product_additionals': '£0.13/100ml'}, {'shop': 'tesco', 'url': 'https://www.tesco.com/groceries/en-GB/products/289510599', 'product_name': 'Tesco Apple And Mango From Concentrate 1 Litre', 'product_price': '£ 0.90', 'product_additionals': '£0.09/100ml'}, {'shop': 'tesco', 'url': 'https://www.tesco.com/groceries/en-GB/products/257819433', 'product_name': 'Tesco Fruit Splash Apple Juice Drink No Added Sugar 3X250ml', 'product_price': '£ 0.70', 'product_additionals': '£0.09/100ml'}, {'shop': 'tesco', 'url': 'https://www.tesco.com/groceries/en-GB/products/274769638', 'product_name': 'Old Jamaica Sparkling Pineapple Soda Drink 330Ml', 'product_price': '£ 0.37', 'product_additionals': '£0.11/100ml'}, {'shop': 'tesco', 'url': 'https://www.tesco.com/groceries/en-GB/products/274209830', 'product_name': 'Tesco Still Water Orange & Pineapple Flavoured 4 X 300Ml', 'product_price': '£ 1.20', 'product_additionals': '£0.10/100ml'}, {'shop': 'tesco', 'url': 'https://www.tesco.com/groceries/en-GB/products/276956212', 'product_name': 'T.100% Pure Pressed Pineapple Juicenfc 1 Litre', 'product_price': '£ 1.25', 'product_additionals': '£0.12/100ml'}, {'shop': 'tesco', 'url': 'https://www.tesco.com/groceries/en-GB/products/306801166', 'product_name': 'Tesco Apple, Lemon & Ginger Juice 1L', 'product_price': '£ 1.25', 'product_additionals': '£0.12/100ml'}, {'shop': 'tesco', 'url': 'https://www.tesco.com/groceries/en-GB/products/301281338', 'product_name': 'Tesco Extracts Apple Shampoo 500Ml', 'product_price': '£ 0.80', 'product_additionals': '£0.16/100ml'}, {'shop': 'tesco', 'url': 'https://www.tesco.com/groceries/en-GB/products/307132299', 'product_name': 'Sunkist No Added Sugar Apple & Blackcurrant Squash 1 Litre', 'product_price': '£ 1.00', 'product_additionals': '£0.10/100ml'}, {'shop': 'tesco', 'url': 'https://www.tesco.com/groceries/en-GB/products/300413139', 'product_name': 'Kubus Carrot Banana & Apple 100% Juice 900Ml', 'product_price': '£ 1.20', 'product_additionals': '£0.13/100ml'}, {'shop': 'tesco', 'url': 'https://www.tesco.com/groceries/en-GB/products/255185891', 'product_name': 'Tesco High Juice Apple Squash 1L', 'product_price': '£ 1.35', 'product_additionals': '£0.14/100ml'}, {'shop': 'tesco', 'url': 'https://www.tesco.com/groceries/en-GB/products/274209778', 'product_name': 'Tesco Still Water Apple & Raspberry No Added Sugar 4 X 300Ml', 'product_price': '£ 1.20', 'product_additionals': '£0.10/100ml'}, {'shop': 'tesco', 'url': 'https://www.tesco.com/groceries/en-GB/products/288306532', 'product_name': 'Copella Apple Juice 900Ml', 'product_price': '£ 2.00', 'product_additionals': '£0.22/100ml'}, {'shop': 'tesco', 'url': 'https://www.tesco.com/groceries/en-GB/products/263201953', 'product_name': 'Tymbark Apple & Mint Drink 250Ml', 'product_price': '£ 0.45', 'product_additionals': '£0.18/100ml'}, {'shop': 'tesco', 'url': 'https://www.tesco.com/groceries/en-GB/products/300413174', 'product_name': 'Kubus Carrot Raspberry & Apple 100% Juice 900Ml', 'product_price': '£ 1.20', 'product_additionals': '£0.13/100ml'}, {'shop': 'tesco', 'url': 'https://www.tesco.com/groceries/en-GB/products/257850112', 'product_name': "Welch's White Grape Pear & Apple Juice Drink 1L", 'product_price': '£ 1.30', 'product_additionals': '£0.13/100ml'}, {'shop': 'tesco', 'url': 'https://www.tesco.com/groceries/en-GB/products/250398900', 'product_name': 'Tesco Organic Apple Juice 3X200ml', 'product_price': '£ 1.10', 'product_additionals': '£0.18/100ml'}, {'shop': 'tesco', 'url': 'https://www.tesco.com/groceries/en-GB/products/280823531', 'product_name': 'Tesco Apple & Mango High Juice 1Ltr', 'product_price': '£ 1.35', 'product_additionals': '£0.14/100ml'}, {'shop': 'tesco', 'url': 'https://www.tesco.com/groceries/en-GB/products/265845700', 'product_name': 'Tymbark Apple & Cherry Drink 250Ml', 'product_price': '£ 0.45', 'product_additionals': '£0.18/100ml'}, {'shop': 'tesco', 'url': 'https://www.tesco.com/groceries/en-GB/products/262460802', 'product_name': 'Fruit Shoot Apple & Blackcurrant No Added Sugar 24 X 200Ml', 'product_price': '£ 4.50', 'product_additionals': '£0.09/100ml'}, {'shop': 'tesco', 'url': 'https://www.tesco.com/groceries/en-GB/products/292069443', 'product_name': 'Fruit Shoot Hydro Apple & Raspberry 8X200ml', 'product_price': '£ 2.00', 'product_additionals': '£0.12/100ml'}, {'shop': 'tesco', 'url': 'https://www.tesco.com/groceries/en-GB/products/260074243', 'product_name': 'Robinsons Fruit & Barley Apple & Pear 1L', 'product_price': '£ 1.65', 'product_additionals': '£0.16/100ml'}, {'shop': 'tesco', 'url': 'https://www.tesco.com/groceries/en-GB/products/272417736', 'product_name': 'Fruit Shoot No Added Sugar Apple & Blackcurrant 15X200ml', 'product_price': '£ 3.50', 'product_additionals': '£0.12/100ml'}, {'shop': 'tesco', 'url': 'https://www.tesco.com/groceries/en-GB/products/255599833', 'product_name': 'Robinsons Orange Pineapple No Added Sugar 1L', 'product_price': '£ 1.50', 'product_additionals': '£0.15/100ml'}, {'shop': 'tesco', 'url': 'https://www.tesco.com/groceries/en-GB/products/252905391', 'product_name': 'Tesco Apple & Blackcurrant Juice Drink No Added Sugar 3X250ml', 'product_price': '£ 0.70', 'product_additionals': '£0.09/100ml'}, {'shop': 'tesco', 'url': 'https://www.tesco.com/groceries/en-GB/products/294422949', 'product_name': 'Robinsons Apple & Blackcurrant No Added Sugar Squash 2L', 'product_price': '£ 2.00', 'product_additionals': '£0.10/100ml'}, {'shop': 'tesco', 'url': 'https://www.tesco.com/groceries/en-GB/products/256045013', 'product_name': 'Tesco Apple/Blackcurrant Juice (No Added Sugar) Drink 12X250ml', 'product_price': '£ 2.75', 'product_additionals': '£0.09/100ml'}, {'shop': 'tesco', 'url': 'https://www.tesco.com/groceries/en-GB/products/301218916', 'product_name': 'Tesco High Juice Apple & Elderflower 1L', 'product_price': '£ 1.35', 'product_additionals': '£0.14/100ml'}, {'shop': 'tesco', 'url': 'https://www.tesco.com/groceries/en-GB/products/256607708', 'product_name': 'Sun Exotic Pineapple & Coconut Juice Drink 1Ltr', 'product_price': '£ 1.50', 'product_additionals': '£0.15/100ml'}, {'shop': 'tesco', 'url': 'https://www.tesco.com/groceries/en-GB/products/285098159', 'product_name': 'Tesco Tesco Apple & Mango Juice Fc 3 X 200Ml', 'product_price': '£ 0.80', 'product_additionals': '£0.13/100ml'}, {'shop': 'tesco', 'url': 'https://www.tesco.com/groceries/en-GB/products/305042760', 'product_name': 'Rockstar Power Apple 500Ml', 'product_price': '£ 1.29', 'product_additionals': '£0.26/100ml'}, {'shop': 'tesco', 'url': 'https://www.tesco.com/groceries/en-GB/products/256691606', 'product_name': 'Robinsons Fruit Shoot Apple No Added Sugar 8X200ml', 'product_price': '£ 2.00', 'product_additionals': '£0.12/100ml'}, {'shop': 'tesco', 'url': 'https://www.tesco.com/groceries/en-GB/products/278994762', 'product_name': 'Tesco 100% Pure Pressed Apple & Raspberry Juice 1L', 'product_price': '£ 1.25', 'product_additionals': '£0.12/100ml'}, {'shop': 'tesco', 'url': 'https://www.tesco.com/groceries/en-GB/products/296050585', 'product_name': 'Tropicana Apple Juice 950Ml', 'product_price': '£ 2.48', 'product_additionals': '£0.26/100ml'}, {'shop': 'tesco', 'url': 'https://www.tesco.com/groceries/en-GB/products/256660315', 'product_name': 'Robinsons Fruit Shoots Blackcurrant & Apple No Added Sugar 4X200ml', 'product_price': '£ 1.00', 'product_additionals': '£0.12/100ml'}, {'shop': 'tesco', 'url': 'https://www.tesco.com/groceries/en-GB/products/276956454', 'product_name': 'Tesco Apple & Mango Juice Not From Concentrate 1 Litre', 'product_price': '£ 1.25', 'product_additionals': '£0.12/100ml'}, {'shop': 'tesco', 'url': 'https://www.tesco.com/groceries/en-GB/products/276956270', 'product_name': 'Tesco Pressed Apple Juice Not From Concentrate 1 Litre', 'product_price': '£ 1.25', 'product_additionals': '£0.12/100ml'}, {'shop': 'tesco', 'url': 'https://www.tesco.com/groceries/en-GB/products/305252586', 'product_name': 'Fruit Shoot Hydro Apple & Raspberry Spring Water 4X200ml', 'product_price': '£ 1.00', 'product_additionals': '£0.12/100ml'}, {'shop': 'tesco', 'url': 'https://www.tesco.com/groceries/en-GB/products/288178256', 'product_name': 'Tesco Apple & Elderflower Not From Concentrated Juice 1L', 'product_price': '£ 1.25', 'product_additionals': '£0.12/100ml'}, {'shop': 'tesco', 'url': 'https://www.tesco.com/groceries/en-GB/products/272489114', 'product_name': 'Innocent Apple Juice 1.35L', 'product_price': '£ 3.20', 'product_additionals': '£0.24/100ml'}, {'shop': 'tesco', 'url': 'https://www.tesco.com/groceries/en-GB/products/305838078', 'product_name': 'Tropicana Pressed Apple Juice 1.4L', 'product_price': '£ 3.30', 'product_additionals': '£0.24/100ml'}, {'shop': 'tesco', 'url': 'https://www.tesco.com/groceries/en-GB/products/254854677', 'product_name': 'Robinsons Apple Blackcurrant No Added Sugar 1L', 'product_price': '£ 1.50', 'product_additionals': '£0.15/100ml'}, {'shop': 'tesco', 'url': 'https://www.tesco.com/groceries/en-GB/products/256682600', 'product_name': 'Robinsons Fruit Apple & Blackcurrant No Added Sugar 8X200ml', 'product_price': '£ 2.00', 'product_additionals': '£0.12/100ml'}, {'shop': 'tesco', 'url': 'https://www.tesco.com/groceries/en-GB/products/263879352', 'product_name': 'Cawston Press Apple & Ginger Juice 1L', 'product_price': '£ 2.30', 'product_additionals': '£0.23/100ml'}, {'shop': 'tesco', 'url': 'https://www.tesco.com/groceries/en-GB/products/288307410', 'product_name': 'Copella Apple & Elderflower Juice 900Ml', 'product_price': '£ 2.00', 'product_additionals': '£0.22/100ml'}, {'shop': 'tesco', 'url': 'https://www.tesco.com/groceries/en-GB/products/298025745', 'product_name': 'Robinsons Creations Mango Pineapple Drink 1L', 'product_price': '£ 2.00', 'product_additionals': '£0.20/100ml'}, {'shop': 'tesco', 'url': 'https://www.tesco.com/groceries/en-GB/products/301443856', 'product_name': 'Copella Apple And Elderflower Juice 1.35L', 'product_price': '£ 3.00', 'product_additionals': '£0.22/100ml'}, {'shop': 'tesco', 'url': 'https://www.tesco.com/groceries/en-GB/products/275522226', 'product_name': 'J20 Apple & Raspberry Cans 6 X 250Ml', 'product_price': '£ 3.00', 'product_additionals': '£0.20/100ml'}, {'shop': 'tesco', 'url': 'https://www.tesco.com/groceries/en-GB/products/263879438', 'product_name': 'Cawston Press Apple & Rhubarb Juice 1Ltr', 'product_price': '£ 2.30', 'product_additionals': '£0.23/100ml'}, {'shop': 'tesco', 'url': 'https://www.tesco.com/groceries/en-GB/products/287294534', 'product_name': 'Tropicana Pineapple Juice 850Ml', 'product_price': '£ 2.48', 'product_additionals': '£0.29/100ml'}, {'shop': 'tesco', 'url': 'https://www.tesco.com/groceries/en-GB/products/305968309', 'product_name': 'J20 Spritz Apple & Watermelon 4X250ml', 'product_price': '£ 2.00', 'product_additionals': '£0.20/100ml'}, {'shop': 'tesco', 'url': 'https://www.tesco.com/groceries/en-GB/products/278584055', 'product_name': 'Cawston Press Apple & Pear 3X200ml', 'product_price': '£ 1.60', 'product_additionals': '£0.27/100ml'}, {'shop': 'tesco', 'url': 'https://www.tesco.com/groceries/en-GB/products/305949845', 'product_name': 'Don Simon My First Juice Apple 4X125ml', 'product_price': '£ 1.00', 'product_additionals': '£0.20/100ml'}, {'shop': 'tesco', 'url': 'https://www.tesco.com/groceries/en-GB/products/268219251', 'product_name': 'Innocent Apple Juice 900Ml', 'product_price': '£ 2.49', 'product_additionals': '£0.28/100ml'}, {'shop': 'tesco', 'url': 'https://www.tesco.com/groceries/en-GB/products/263450571', 'product_name': 'Tesco Apple Mango Passion Fruit & Peach Juice Not From Concentrate 1L', 'product_price': '£ 1.25', 'product_additionals': '£0.12/100ml'}, {'shop': 'tesco', 'url': 'https://www.tesco.com/groceries/en-GB/products/302012271', 'product_name': 'Lucozade Energy Apple Blast 500Ml', 'product_price': '£ 1.50', 'product_additionals': '£0.30/100ml'}, {'shop': 'tesco', 'url': 'https://www.tesco.com/groceries/en-GB/products/296447773', 'product_name': "Robinson's Refreshd Raspberry Apple 500Ml", 'product_price': '£ 1.25', 'product_additionals': '£0.25/100ml'}, {'shop': 'tesco', 'url': 'https://www.tesco.com/groceries/en-GB/products/288178014', 'product_name': 'Innocent Apple & Berry Juice 1.35L', 'product_price': '£ 3.20', 'product_additionals': '£0.24/100ml'}, {'shop': 'tesco', 'url': 'https://www.tesco.com/groceries/en-GB/products/278583954', 'product_name': 'Cawston Press Kids Apple & Mango 3X200ml', 'product_price': '£ 1.60', 'product_additionals': '£0.27/100ml'}, {'shop': 'tesco', 'url': 'https://www.tesco.com/groceries/en-GB/products/268345043', 'product_name': 'Robinsons Orange & Pineapple Concentrate Double No Added Sugar 1.75L', 'product_price': '£ 3.00', 'product_additionals': '£0.17/100ml'}, {'shop': 'tesco', 'url': 'https://www.tesco.com/groceries/en-GB/products/306651439', 'product_name': 'Tesco Finest Pressed Pink Lady Apple Juice 1L', 'product_price': '£ 2.50', 'product_additionals': '£0.25/100ml'}, {'shop': 'tesco', 'url': 'https://www.tesco.com/groceries/en-GB/products/268345446', 'product_name': 'Robinsons Double Concentrate Blackcurrant & Apple No Added Sugar 1.75L', 'product_price': '£ 3.00', 'product_additionals': '£0.17/100ml'}, {'shop': 'tesco', 'url': 'https://www.tesco.com/groceries/en-GB/products/291195922', 'product_name': 'Alberto Balsam Green Apple Conditioner 350Ml', 'product_price': '£ 0.95', 'product_additionals': '£0.27/100ml'}, {'shop': 'tesco', 'url': 'https://www.tesco.com/groceries/en-GB/products/298358149', 'product_name': 'J20 Apple & Mango 6X275ml', 'product_price': '£ 6.00', 'product_additionals': '£0.36/100ml'}, {'shop': 'tesco', 'url': 'https://www.tesco.com/groceries/en-GB/products/291181300', 'product_name': 'Alberto Balsam Juicy Green Apple Shampoo 350Ml', 'product_price': '£ 0.95', 'product_additionals': '£0.27/100ml'}, {'shop': 'tesco', 'url': 'https://www.tesco.com/groceries/en-GB/products/276683488', 'product_name': 'Innocent Apple And Mango Juice 1.35 Litre', 'product_price': '£ 3.20', 'product_additionals': '£0.24/100ml'}, {'shop': 'tesco', 'url': 'https://www.tesco.com/groceries/en-GB/products/301870592', 'product_name': 'Fruit Shoot Juiced Apple & Pear 6 X 200 Ml', 'product_price': '£ 3.00', 'product_additionals': '£0.25/100ml'}, {'shop': 'tesco', 'url': 'https://www.tesco.com/groceries/en-GB/products/259808535', 'product_name': 'Shloer White Grape And Apple Juice Drink 750Ml', 'product_price': '£ 2.20', 'product_additionals': '£0.29/100ml'}, {'shop': 'tesco', 'url': 'https://www.tesco.com/groceries/en-GB/products/297413040', 'product_name': 'Appletiser 100% Apple Juice Lightly Sparkling 6X250ml', 'product_price': '£ 3.25', 'product_additionals': '£0.22/100ml'}, {'shop': 'tesco', 'url': 'https://www.tesco.com/groceries/en-GB/products/292561044', 'product_name': 'Snapple Pink Lemonade Still Juice Drink 473Ml', 'product_price': '£ 1.50', 'product_additionals': '£0.32/100ml'}, {'shop': 'tesco', 'url': 'https://www.tesco.com/groceries/en-GB/products/288988032', 'product_name': 'Heinz Apple & Blackcurrant Juice 500Ml', 'product_price': '£ 1.50', 'product_additionals': '£0.30/100ml'}, {'shop': 'tesco', 'url': 'https://www.tesco.com/groceries/en-GB/products/298358063', 'product_name': 'J20 Apple & Raspberry 275Ml X 6', 'product_price': '£ 6.00', 'product_additionals': '£0.36/100ml'}, {'shop': 'tesco', 'url': 'https://www.tesco.com/groceries/en-GB/products/304416723', 'product_name': 'Lucozade Sport Apple Vs Raspberry Fruit Punch 500Ml', 'product_price': '£ 1.45', 'product_additionals': '£0.29/100ml'}, {'shop': 'tesco', 'url': 'https://www.tesco.com/groceries/en-GB/products/307357223', 'product_name': 'Belvoir Pink Lady Sparkling Apple Juice 750Ml', 'product_price': '£ 2.50', 'product_additionals': '£0.33/100ml'}, {'shop': 'tesco', 'url': 'https://www.tesco.com/groceries/en-GB/products/280520935', 'product_name': "Tesco Finest Cox's Apple & Elder Presse 750Ml", 'product_price': '£ 2.00', 'product_additionals': '£0.27/100ml'}, {'shop': 'tesco', 'url': 'https://www.tesco.com/groceries/en-GB/products/307151276', 'product_name': 'Remedy Kombucha Apple Crisp Drink 4X330ml', 'product_price': '£ 5.00', 'product_additionals': '£0.38/100ml'}, {'shop': 'tesco', 'url': 'https://www.tesco.com/groceries/en-GB/products/299914158', 'product_name': 'J2o Spritz Apple Watermelon 6X275ml', 'product_price': '£ 6.00', 'product_additionals': '£0.36/100ml'}, {'shop': 'tesco', 'url': 'https://www.tesco.com/groceries/en-GB/products/250448258', 'product_name': 'Appletiser Sparkling Apple Juice 750 Ml', 'product_price': '£ 2.50', 'product_additionals': '£0.33/100ml'}, {'shop': 'tesco', 'url': 'https://www.tesco.com/groceries/en-GB/products/301269439', 'product_name': 'Tesco Apple Anti-Dandruff Shampoo 300Ml', 'product_price': '£ 1.00', 'product_additionals': '£0.33/100ml'}, {'shop': 'tesco', 'url': 'https://www.tesco.com/groceries/en-GB/products/305969084', 'product_name': 'Tropicana Lean Strawberry Raspberry & Apple Juice 900Ml', 'product_price': '£ 2.75', 'product_additionals': '£0.31/100ml'}, {'shop': 'tesco', 'url': 'https://www.tesco.com/groceries/en-GB/products/306658669', 'product_name': 'Tesco Finest Pnk/Ldy 2 Pack Apple Juice & Lemonade 750Ml', 'product_price': '£ 5.00', 'product_additionals': '£0.33/100ml'}, {'shop': 'tesco', 'url': 'https://www.tesco.com/groceries/en-GB/products/305251351', 'product_name': 'Innocent Kids Orange Mango & Pineapple 10X150ml', 'product_price': '£ 5.99', 'product_additionals': '£0.40/100ml'}, {'shop': 'tesco', 'url': 'https://www.tesco.com/groceries/en-GB/products/305251564', 'product_name': 'Innocent Kids Strawberry Raspberry & Apple 10X150ml', 'product_price': '£ 5.99', 'product_additionals': '£0.40/100ml'}, {'shop': 'tesco', 'url': 'https://www.tesco.com/groceries/en-GB/products/305530240', 'product_name': 'Innocent Kids Apple Juice 4X150ml', 'product_price': '£ 3.00', 'product_additionals': '£0.50/100ml'}, {'shop': 'tesco', 'url': 'https://www.tesco.com/groceries/en-GB/products/303191793', 'product_name': 'Old Mout Cider Pineapple & Raspberry 500Ml Bottle', 'product_price': '£ 2.20', 'product_additionals': '£0.44/100ml'}, {'shop': 'tesco', 'url': 'https://www.tesco.com/groceries/en-GB/products/297105301', 'product_name': 'Aspall Raw Organic Apple Cyder Vinegar 500Ml', 'product_price': '£ 2.50', 'product_additionals': '£0.50/100ml'}, {'shop': 'tesco', 'url': 'https://www.tesco.com/groceries/en-GB/products/306951097', 'product_name': 'J20 Spritz Apple & Elderflower Juice Drink 6X275ml', 'product_price': '£ 6.00', 'product_additionals': '£0.36/100ml'}, {'shop': 'tesco', 'url': 'https://www.tesco.com/groceries/en-GB/products/276116625', 'product_name': 'Tesco Kids Apple & Melon 2 In 1 Shampoo 250Ml', 'product_price': '£ 1.00', 'product_additionals': '£0.40/100ml'}, {'shop': 'tesco', 'url': 'https://www.tesco.com/groceries/en-GB/products/291746450', 'product_name': 'Innocent Bubbles Lemon Lime & Apple 330Ml', 'product_price': '£ 1.45', 'product_additionals': '£0.44/100ml'}, {'shop': 'tesco', 'url': 'https://www.tesco.com/groceries/en-GB/products/305529830', 'product_name': 'Innocent Kids Orange Mango & Pineapple 4X150ml', 'product_price': '£ 3.00', 'product_additionals': '£0.50/100ml'}, {'shop': 'tesco', 'url': 'https://www.tesco.com/groceries/en-GB/products/305524599', 'product_name': 'Innocent Kids Pineapple Apple & Carrot 4X150ml', 'product_price': '£ 3.00', 'product_additionals': '£0.50/100ml'}, {'shop': 'tesco', 'url': 'https://www.tesco.com/groceries/en-GB/products/291421074', 'product_name': 'Baylis & Harding Antibacterial Handwash Jasmine & Apple 500Ml', 'product_price': '£ 2.00', 'product_additionals': '£0.40/100ml'}, {'shop': 'tesco', 'url': 'https://www.tesco.com/groceries/en-GB/products/305522492', 'product_name': 'Innocent Kids Strawberry Apple & Beetroot 4X150ml', 'product_price': '£ 3.00', 'product_additionals': '£0.50/100ml'}, {'shop': 'tesco', 'url': 'https://www.tesco.com/groceries/en-GB/products/288178170', 'product_name': 'Gallo Spritz Pineapple & Passion Fruit 75Cl', 'product_price': '£ 4.25', 'product_additionals': '£4.25/75cl'}, {'shop': 'tesco', 'url': 'https://www.tesco.com/groceries/en-GB/products/305249700', 'product_name': 'Innocent Kids Strawberry Raspberry & Apple 4X150ml', 'product_price': '£ 3.00', 'product_additionals': '£0.50/100ml'}, {'shop': 'tesco', 'url': 'https://www.tesco.com/groceries/en-GB/products/271681734', 'product_name': 'Bobo Frut Apple Banana & Carrot Juice 300Ml', 'product_price': '£ 1.40', 'product_additionals': '£0.47/100ml'}, {'shop': 'tesco', 'url': 'https://www.tesco.com/groceries/en-GB/products/300113039', 'product_name': 'Naked Green Machine Apple Banana Smoothie 360Ml', 'product_price': '£ 2.36', 'product_additionals': '£0.66/100ml'}, {'shop': 'tesco', 'url': 'https://www.tesco.com/groceries/en-GB/products/305524927', 'product_name': 'Innocent Kids Smoothies Apple & Blackcurrant 4X150ml', 'product_price': '£ 3.00', 'product_additionals': '£0.50/100ml'}, {'shop': 'tesco', 'url': 'https://www.tesco.com/groceries/en-GB/products/254914198', 'product_name': 'Certo Apple Pectin 250Gml', 'product_price': '£ 2.50', 'product_additionals': '£1.00/100ml'}, {'shop': 'tesco', 'url': 'https://www.tesco.com/groceries/en-GB/products/272892903', 'product_name': 'Head & Shoulders Apple Fresh Shampoo 500Ml', 'product_price': '£ 5.00', 'product_additionals': '£1.00/100ml'}, {'shop': 'tesco', 'url': 'https://www.tesco.com/groceries/en-GB/products/302273220', 'product_name': 'Aspall Raw Apple Cyder Vinegar With Honey 500Ml', 'product_price': '£ 6.00', 'product_additionals': '£1.20/100ml'}, {'shop': 'asda', 'url': 'https://groceries.asda.com/product/910001269784', 'product_name': 'Head & Shoulders Apple Fresh 2-in-1 Anti Dandruff Shampoo', 'product_price': '£4.75', 'product_additionals': '(£1.06/100ml)'}, {'shop': 'asda', 'url': 'https://groceries.asda.com/product/910000800372', 'product_name': 'Head & Shoulders Apple Fresh Anti Dandruff Shampoo', 'product_price': '£3.00', 'product_additionals': '(£1.20/100ml)'}, {'shop': 'tesco', 'url': 'https://www.tesco.com/groceries/en-GB/products/297115462', 'product_name': 'Childs Farm Blackberry & Apple Body Wash 250Ml', 'product_price': '£ 4.00', 'product_additionals': '£1.60/100ml'}, {'shop': 'tesco', 'url': 'https://www.tesco.com/groceries/en-GB/products/303607038', 'product_name': 'Head & Shoulders Apple Fresh Conditioner 275Ml', 'product_price': '£ 5.00', 'product_additionals': '£1.82/100ml'}, {'shop': 'tesco', 'url': 'https://www.tesco.com/groceries/en-GB/products/303483845', 'product_name': 'Childs Farm Hair & Body Wash 250Ml Watermelon Pineapple', 'product_price': '£ 4.00', 'product_additionals': '£1.60/100ml'}, {'shop': 'asda', 'url': 'https://groceries.asda.com/product/1000107088365', 'product_name': 'Childs Farm Hair & Body Wash Watermelon & Organic Pineapple', 'product_price': '£4.00', 'product_additionals': '(£1.60/100ml)'}, {'shop': 'tesco', 'url': 'https://www.tesco.com/groceries/en-GB/products/306814099', 'product_name': 'Osu Apple Cider Vinegar With Mother Lemon & Ginger 500Ml', 'product_price': '£ 7.00', 'product_additionals': '£1.40/100ml'}, {'shop': 'tesco', 'url': 'https://www.tesco.com/groceries/en-GB/products/306804065', 'product_name': 'Osu Apple Cider Vinegar Blueberry & Pomegranate Juice 500Ml', 'product_price': '£ 7.00', 'product_additionals': '£1.40/100ml'}, {'shop': 'asda', 'url': 'https://groceries.asda.com/product/910001291026', 'product_name': "Robinsons Squash'd Apple & Blackcurrant On-The-Go Squash", 'product_price': '£1.50', 'product_additionals': '(£2.27/100ml)'}, {'shop': 'asda', 'url': 'https://groceries.asda.com/product/910000562411', 'product_name': 'Calcough Infant Syrup Apple Flavour 3+ Months', 'product_price': '£3.50', 'product_additionals': '(£2.80/100ml)'}, {'shop': 'tesco', 'url': 'https://www.tesco.com/groceries/en-GB/products/282138037', 'product_name': "Robinsons Squash'd 66Ml Apple & Blackcurrant", 'product_price': '£ 2.00', 'product_additionals': '£3.04/100ml'}, {'shop': 'asda', 'url': 'https://groceries.asda.com/product/18995', 'product_name': 'Lilt Pineapple & Grapefruit', 'product_price': '£1.00', 'product_additionals': '(5.0p/100ml)'}, {'shop': 'asda', 'url': 'https://groceries.asda.com/product/32823', 'product_name': 'ASDA Smart Price Apple Juice', 'product_price': '£0.55', 'product_additionals': '(5.5p/100ml)'}, {'shop': 'asda', 'url': 'https://groceries.asda.com/product/6391525', 'product_name': 'Lilt Zero Pineapple & Grapefruit', 'product_price': '£1.00', 'product_additionals': '(5.0p/100ml)'}, {'shop': 'asda', 'url': 'https://groceries.asda.com/product/910000429001', 'product_name': 'ASDA Pineapple Juice', 'product_price': '£0.80', 'product_additionals': '(8.0p/100ml)'}, {'shop': 'asda', 'url': 'https://groceries.asda.com/product/910000934279', 'product_name': 'KA Sparkling Pineapple Juice Drink', 'product_price': '£1.25', 'product_additionals': '(6.2p/100ml)'}, {'shop': 'asda', 'url': 'https://groceries.asda.com/product/1000228153913', 'product_name': 'ASDA Apple & Raspberry Flavour Sparkling Water', 'product_price': '£0.40', 'product_additionals': '(4.0p/100ml)'}, {'shop': 'asda', 'url': 'https://groceries.asda.com/product/910002821913', 'product_name': 'ASDA No Added Sugar Apple & Blackcurrant Squash', 'product_price': '£0.79', 'product_additionals': '(5.3p/100ml)'}, {'shop': 'asda', 'url': 'https://groceries.asda.com/product/39185498', 'product_name': 'Tymbark Cherry Apple Drink', 'product_price': '£1.80', 'product_additionals': '(9.0p/100ml)'}, {'shop': 'asda', 'url': 'https://groceries.asda.com/product/985450', 'product_name': 'ASDA No Added Sugar Apple & Mango Flavoured Sparkling Water Bottle', 'product_price': '£0.40', 'product_additionals': '(4.0p/100ml)'}, {'shop': 'asda', 'url': 'https://groceries.asda.com/product/25807', 'product_name': 'ASDA 100% Pure Apple Juice Carton', 'product_price': '£0.65', 'product_additionals': '(6.5p/100ml)'}, {'shop': 'asda', 'url': 'https://groceries.asda.com/product/910000290031', 'product_name': 'Caprio Apple and Raspberry Multifruit Drink', 'product_price': '£1.30', 'product_additionals': '(6.5p/100ml)'}, {'shop': 'asda', 'url': 'https://groceries.asda.com/product/910003056838', 'product_name': 'Apple Cans', 'product_price': '£2.50', 'product_additionals': '(16.7p/100ml)'}, {'shop': 'asda', 'url': 'https://groceries.asda.com/product/19063', 'product_name': 'ASDA 100% Pure Apple Juice Cartons', 'product_price': '£2.58', 'product_additionals': '(6.5p/100ml)'}, {'shop': 'asda', 'url': 'https://groceries.asda.com/product/1000121205579', 'product_name': 'Lucozade Energy Croft Apple', 'product_price': '£2.50', 'product_additionals': '(11.0p/100ml)'}, {'shop': 'asda', 'url': 'https://groceries.asda.com/product/910000882894', 'product_name': 'Old Jamaica Pineapple Soda', 'product_price': '£0.39', 'product_additionals': '(11.8p/100ml)'}, {'shop': 'asda', 'url': 'https://groceries.asda.com/product/910000424346', 'product_name': 'ASDA Apple & Mango Juice Drink', 'product_price': '£0.85', 'product_additionals': '(8.5p/100ml)'}, {'shop': 'asda', 'url': 'https://groceries.asda.com/product/910000558765', 'product_name': 'ASDA Pineapple & Coconut Juice Drink', 'product_price': '£1.00', 'product_additionals': '(10.0p/100ml)'}, {'shop': 'asda', 'url': 'https://groceries.asda.com/product/910003028586', 'product_name': 'Volvic Touch of Fruit Sugar Free Apple & Elderflower Flavoured Water', 'product_price': '£0.85', 'product_additionals': '(5.7p/100ml)'}, {'shop': 'asda', 'url': 'https://groceries.asda.com/product/910002821425', 'product_name': 'ASDA Smart Price No Added Sugar Apple & Blackcurrant Double Strength Squash', 'product_price': '£0.40', 'product_additionals': '(5.3p/100ml)'}, {'shop': 'asda', 'url': 'https://groceries.asda.com/product/910002821402', 'product_name': 'ASDA No Added Sugar Double Strength Orange & Pineapple Squash', 'product_price': '£1.00', 'product_additionals': '(6.7p/100ml)'}, {'shop': 'tesco', 'url': 'https://www.tesco.com/groceries/en-GB/products/279842814', 'product_name': 'Sis. Go Isotonic Gel Apple 60Ml', 'product_price': '£ 6.00', 'product_additionals': '£10.00/100ml'}, {'shop': 'asda', 'url': 'https://groceries.asda.com/product/1000038368834', 'product_name': 'Sun Exotic Pineapple & Coconut Still Drink', 'product_price': '£1.00', 'product_additionals': '(10.0p/100ml)'}, {'shop': 'asda', 'url': 'https://groceries.asda.com/product/1000063438285', 'product_name': 'Tymbark Mango, Apple, Orange Multifruit Drink', 'product_price': '£1.00', 'product_additionals': '(10.0p/100ml)'}, {'shop': 'asda', 'url': 'https://groceries.asda.com/product/1000110474126', 'product_name': 'Get More Vits Still Apple & Raspberry', 'product_price': '£1.00', 'product_additionals': '(10.0p/100ml)'}, {'shop': 'asda', 'url': 'https://groceries.asda.com/product/19049', 'product_name': 'Robinsons No Added Sugar Orange & Pineapple Squash', 'product_price': '£1.00', 'product_additionals': '(10.0p/100ml)'}, {'shop': 'asda', 'url': 'https://groceries.asda.com/product/910003055311', 'product_name': 'ASDA Apple & Blackcurrant Juice Drinks', 'product_price': '£1.65', 'product_additionals': '(10.3p/100ml)'}, {'shop': 'asda', 'url': 'https://groceries.asda.com/product/910002822103', 'product_name': 'ASDA 50% Fruit Apple High Juice', 'product_price': '£1.25', 'product_additionals': '(12.5p/100ml)'}, {'shop': 'asda', 'url': 'https://groceries.asda.com/product/910001437513', 'product_name': 'Bigga Pineapple Drink', 'product_price': '£0.75', 'product_additionals': '(22.7p/100ml)'}, {'shop': 'asda', 'url': 'https://groceries.asda.com/product/910000905534', 'product_name': 'KA Sparkling Pineapple Flavour Drink', 'product_price': '£0.49', 'product_additionals': '(14.8p/100ml)'}, {'shop': 'asda', 'url': 'https://groceries.asda.com/product/1527139', 'product_name': 'Fruit Shoot Apple Kids Juice Drink', 'product_price': '£2.00', 'product_additionals': '(12.5p/100ml)'}, {'shop': 'asda', 'url': 'https://groceries.asda.com/product/910000770853', 'product_name': "Welch's Grape Boost White Grape Pear & Apple Juice Drink", 'product_price': '£1.00', 'product_additionals': '(10.0p/100ml)'}, {'shop': 'asda', 'url': 'https://groceries.asda.com/product/1000070824804', 'product_name': 'Appletiser Can', 'product_price': '£0.40', 'product_additionals': '(26.7p/100ml)'}, {'shop': 'asda', 'url': 'https://groceries.asda.com/product/910000332521', 'product_name': 'Kubus Carrot, Banana, Apple Multifruit Juice Drink', 'product_price': '£1.10', 'product_additionals': '(12.2p/100ml)'}, {'shop': 'asda', 'url': 'https://groceries.asda.com/product/1000191362456', 'product_name': 'Volvic Touch of Fruit Limited Edition Apple & Blackcurrant Natural Flavoured Sugar Free Water', 'product_price': '£0.85', 'product_additionals': '(5.7p/100ml)'}, {'shop': 'asda', 'url': 'https://groceries.asda.com/product/1000121694453', 'product_name': 'ASDA 50% Fruit High Juice Apple & Cherry', 'product_price': '£1.25', 'product_additionals': '(12.5p/100ml)'}, {'shop': 'asda', 'url': 'https://groceries.asda.com/product/1000150899991', 'product_name': 'Capri-Sun No Added Sugar Blackcurrant & Apple 8 Pack', 'product_price': '£2.00', 'product_additionals': '(12.5p/100ml)'}, {'shop': 'asda', 'url': 'https://groceries.asda.com/product/1000234166723', 'product_name': 'ASDA Apple & Mango Juice Drink Cartons', 'product_price': '£1.00', 'product_additionals': '(13.3p/100ml)'}, {'shop': 'asda', 'url': 'https://groceries.asda.com/product/910000332961', 'product_name': 'Kubus Carrot, Apple & Raspberry Multifruit Juice Drink', 'product_price': '£1.10', 'product_additionals': '(12.2p/100ml)'}, {'shop': 'asda', 'url': 'https://groceries.asda.com/product/910000771015', 'product_name': 'Fruit Shoot Hydro Orange & Pineapple Kids Water Drink', 'product_price': '£2.00', 'product_additionals': '(12.5p/100ml)'}, {'shop': 'asda', 'url': 'https://groceries.asda.com/product/1000121694562', 'product_name': 'ASDA 50% Fruit High Juice Apple & Mango', 'product_price': '£1.36', 'product_additionals': '(13.6p/100ml)'}, {'shop': 'asda', 'url': 'https://groceries.asda.com/product/1000234166665', 'product_name': 'ASDA No Added Sugar Apple & Pear Juice Drink Cartons', 'product_price': '£1.00', 'product_additionals': '(13.3p/100ml)'}, {'shop': 'asda', 'url': 'https://groceries.asda.com/product/910000399487', 'product_name': 'Robinsons Double Concentrate Apple & Blackcurrant Squash No Added Sugar', 'product_price': '£1.75', 'product_additionals': '(10.0p/100ml)'}, {'shop': 'asda', 'url': 'https://groceries.asda.com/product/18448182', 'product_name': 'Robinsons Fruit & Barley Apple & Pear Squash No Added Sugar', 'product_price': '£1.25', 'product_additionals': '(12.5p/100ml)'}, {'shop': 'asda', 'url': 'https://groceries.asda.com/product/1000146865753', 'product_name': 'Robinsons Fruit Shoot Apple & Blackcurrant Bottles', 'product_price': '£3.50', 'product_additionals': '(11.7p/100ml)'}, {'shop': 'asda', 'url': 'https://groceries.asda.com/product/1000234166611', 'product_name': 'ASDA Pineapple Juice from Concentrate Cartons', 'product_price': '£0.75', 'product_additionals': '(16.7p/100ml)'}, {'shop': 'asda', 'url': 'https://groceries.asda.com/product/26035', 'product_name': 'Fruit Shoot Apple & Blackcurrant Kids Juice Drink', 'product_price': '£2.00', 'product_additionals': '(12.5p/100ml)'}, {'shop': 'asda', 'url': 'https://groceries.asda.com/product/1000015061493', 'product_name': 'Carabao Energy Drink Green Apple Sugar Free', 'product_price': '£0.59', 'product_additionals': '(17.9p/100ml)'}, {'shop': 'asda', 'url': 'https://groceries.asda.com/product/1000234166573', 'product_name': 'ASDA No Added Sugar Apple & Blackcurrant Juice Drink Cartons', 'product_price': '£1.00', 'product_additionals': '(13.3p/100ml)'}, {'shop': 'asda', 'url': 'https://groceries.asda.com/product/910002345098', 'product_name': 'Don Simon My First Apple Juice', 'product_price': '£1.00', 'product_additionals': '(20.0p/100ml)'}, {'shop': 'asda', 'url': 'https://groceries.asda.com/product/910002462757', 'product_name': 'Fruit Shoot Hydro Apple & Raspberry Kids Water Drink', 'product_price': '£2.00', 'product_additionals': '(12.5p/100ml)'}, {'shop': 'asda', 'url': 'https://groceries.asda.com/product/35187', 'product_name': 'Robinsons Apple & Blackcurrant Squash No Added Sugar', 'product_price': '£1.25', 'product_additionals': '(12.5p/100ml)'}, {'shop': 'asda', 'url': 'https://groceries.asda.com/product/1000141000064', 'product_name': 'ASDA 50% Fruit High Juice Mango, Apple & Passion Fruit Cordial', 'product_price': '£1.35', 'product_additionals': '(13.5p/100ml)'}, {'shop': 'asda', 'url': 'https://groceries.asda.com/product/910001797400', 'product_name': 'J2O Spritz Apple & Watermelon Sparkling Juice Drink', 'product_price': '£1.00', 'product_additionals': '(13.3p/100ml)'}, {'shop': 'asda', 'url': 'https://groceries.asda.com/product/1000234166732', 'product_name': 'ASDA Apple & Mango Juice Drink Cartons', 'product_price': '£0.79', 'product_additionals': '(17.6p/100ml)'}, {'shop': 'asda', 'url': 'https://groceries.asda.com/product/1000117784314', 'product_name': 'Cawston Press Cloudy Apple Cans', 'product_price': '£3.50', 'product_additionals': '(26.5p/100ml)'}, {'shop': 'asda', 'url': 'https://groceries.asda.com/product/1000027213953', 'product_name': 'Fruit Shoot Juiced Apple & Pear Kids Juice Drink', 'product_price': '£2.00', 'product_additionals': '(16.7p/100ml)'}, {'shop': 'asda', 'url': 'https://groceries.asda.com/product/910003007348', 'product_name': 'Snapple Fruit Punch Juice Drink', 'product_price': '£1.50', 'product_additionals': '(31.7p/100ml)'}, {'shop': 'asda', 'url': 'https://groceries.asda.com/product/1000234166744', 'product_name': 'ASDA 100% Pure Apple Juice from Concentrate Cartons', 'product_price': '£0.75', 'product_additionals': '(16.7p/100ml)'}, {'shop': 'asda', 'url': 'https://groceries.asda.com/product/910002264439', 'product_name': 'Alberto Balsam Juicy Green Apple Shampoo', 'product_price': '£0.95', 'product_additionals': '(27.1p/100ml)'}, {'shop': 'asda', 'url': 'https://groceries.asda.com/product/910003192237', 'product_name': 'Snapple Blushing Apple Juice Drink', 'product_price': '£1.50', 'product_additionals': '(31.7p/100ml)'}, {'shop': 'asda', 'url': 'https://groceries.asda.com/product/1000138674262', 'product_name': 'ASDA Pomegranate and Apple Extract Shower Gel', 'product_price': '£0.65', 'product_additionals': '(26.0p/100ml)'}, {'shop': 'asda', 'url': 'https://groceries.asda.com/product/910002264687', 'product_name': 'Alberto Balsam Juicy Green Apple Conditioner', 'product_price': '£0.95', 'product_additionals': '(27.1p/100ml)'}, {'shop': 'asda', 'url': 'https://groceries.asda.com/product/624072', 'product_name': 'J2O Apple & Mango Juice Drink', 'product_price': '£3.50', 'product_additionals': '(31.8p/100ml)'}, {'shop': 'asda', 'url': 'https://groceries.asda.com/product/910003007161', 'product_name': 'Snapple Pink Lemonade Still Juice Drink', 'product_price': '£1.50', 'product_additionals': '(31.7p/100ml)'}, {'shop': 'asda', 'url': 'https://groceries.asda.com/product/2061609', 'product_name': 'Apple Sparkling Apple Drink', 'product_price': '£2.70', 'product_additionals': '(36.0p/100ml)'}, {'shop': 'asda', 'url': 'https://groceries.asda.com/product/7507940', 'product_name': 'J2O Apple & Raspberry Juice Drink', 'product_price': '£3.50', 'product_additionals': '(31.8p/100ml)'}, {'shop': 'asda', 'url': 'https://groceries.asda.com/product/1000000582420', 'product_name': 'Robinsons Fruit Creations Exotic Pineapple Mango & Passion Fruit Squash', 'product_price': '£2.00', 'product_additionals': '(20.0p/100ml)'}, {'shop': 'asda', 'url': 'https://groceries.asda.com/product/1000194987914', 'product_name': 'J2O Apple & Elderflower Spritz 4 Pack', 'product_price': '£3.50', 'product_additionals': '(31.8p/100ml)'}, {'shop': 'asda', 'url': 'https://groceries.asda.com/product/1000176228047', 'product_name': 'Fruit Shoot Hydro Apple & Raspberry Kids Water Drink', 'product_price': '£1.89', 'product_additionals': '(23.6p/100ml)'}, {'shop': 'asda', 'url': 'https://groceries.asda.com/product/1000197663912', 'product_name': "Innocent Kids' Cherry, Strawberry & Apple Smoothies", 'product_price': '£2.00', 'product_additionals': '(33.3p/100ml)'}, {'shop': 'asda', 'url': 'https://groceries.asda.com/product/1000197663836', 'product_name': "Innocent Kids' Orange, Mangoe & Pineapple Smoothies", 'product_price': '£2.00', 'product_additionals': '(33.3p/100ml)'}, {'shop': 'asda', 'url': 'https://groceries.asda.com/product/1000244431728', 'product_name': 'Collection Gloss Me Up Lip Gloss Sh6 Red Apple', 'product_price': '£2.98', 'product_additionals': '(£2.98/10ml)'}, {'shop': 'asda', 'url': 'https://groceries.asda.com/product/1000197663814', 'product_name': "Innocent Kids' Strawberry, Raspberry & Apple Smoothies", 'product_price': '£2.00', 'product_additionals': '(33.3p/100ml)'}, {'shop': 'asda', 'url': 'https://groceries.asda.com/product/1000197663906', 'product_name': "Innocent Kids' Apple & Blackcurrant Smoothies", 'product_price': '£2.00', 'product_additionals': '(33.3p/100ml)'}, {'shop': 'asda', 'url': 'https://groceries.asda.com/product/1000027214032', 'product_name': 'J2O Spritz Apple & Watermelon Sparkling Juice Drink', 'product_price': '£3.50', 'product_additionals': '(31.8p/100ml)'}, {'shop': 'asda', 'url': 'https://groceries.asda.com/product/1000222808988', 'product_name': 'Sally Hansen Insta-Dri Nail Polish Asap Apple', 'product_price': '£4.95', 'product_additionals': '(£5.50/10ml)'}, {'shop': 'asda', 'url': 'https://groceries.asda.com/product/1000143100235', 'product_name': 'Swizzels 5 Pack Push-UP! Blackcurrant Cherry & Apple Strawberry', 'product_price': '£1.24', 'product_additionals': '(44.3p/100ml)'}, {'shop': 'asda', 'url': 'https://groceries.asda.com/product/910002470255', 'product_name': 'Garnier Ultimate Blends Kids Apple & Kiwi Shampoo', 'product_price': '£1.50', 'product_additionals': '(60.0p/100ml)'}, {'shop': 'asda', 'url': 'https://groceries.asda.com/product/910000800928', 'product_name': 'Head & Shoulders Apple Fresh Anti Dandruff Shampoo', 'product_price': '£4.75', 'product_additionals': '(95.0p/100ml)'}, {'shop': 'asda', 'url': 'https://groceries.asda.com/product/1000102496185', 'product_name': 'Dove Go Fresh Apple & White Tea Anti-Perspirant Deodorant Aerosol', 'product_price': '£1.68', 'product_additionals': '(67.2p/100ml)'}]


bestFromShops[[{'shop': 'asda', 'url': 'https://groceries.asda.com/product/1000157817693', 'product_name': 'Glow Scented Pineapple Hair Hoops', 'product_price': '£4.00', 'product_additionals': '(£1.00/each)'}], [], [{'shop': 'tesco', 'url': 'https://www.tesco.com/groceries/en-GB/products/270887734', 'product_name': 'Tesco Antibacterial Multi Surface Wipes Apple 40 Pack', 'product_price': '£ 1.00', 'product_additionals': '£0.02/each'}], [], []]


