rv[('aldi', 'https://www.aldi.co.uk/baked-beans-in-tomato-sauce/p/062577006401800', 'Baked Beans In Tomato Sauce', '0.22', '5.2p per 100g'), ('tesco', 'https://www.tesco.com/groceries/en-GB/products/258102087', 'Branston Baked Beans & Sausages 405G', '£ 0.85', '£2.10/kg'), ('tesco', 'https://www.tesco.com/groceries/en-GB/products/305959286', 'Branston Baked Beans & Vegetarian Sausage 400G', '£ 1.00', '£2.50/kg DR.WT'), ('tesco', 'https://www.tesco.com/groceries/en-GB/products/252632995', 'Heinz Baked Beans & Pork Sausages 200G', '£ 0.60', '£3.00/kg'), ('tesco', 'https://www.tesco.com/groceries/en-GB/products/252633026', 'Heinz Baked Beans & Pork Sausages 415G', '£ 1.10', '£2.66/kg'), ('tesco', 'https://www.tesco.com/groceries/en-GB/products/275154114', 'Heinz Baked Beans Barbecue 390G', '£ 1.00', '£2.57/kg'), ('tesco', 'https://www.tesco.com/groceries/en-GB/products/275184625', 'Heinz Baked Beans Curry 390G', '£ 1.00', '£2.57/kg'), ('tesco', 'https://www.tesco.com/groceries/en-GB/products/275184389', 'Heinz Baked Beans Fiery Chilli 390G', '£ 1.00', '£2.57/kg'), ('tesco', 'https://www.tesco.com/groceries/en-GB/products/254876294', 'Heinz Baked Beans In Tomato Sauce 150G', '£ 0.55', '£3.67/kg'), ('tesco', 'https://www.tesco.com/groceries/en-GB/products/250993529', 'Heinz Baked Beans In Tomato Sauce 200G', '£ 0.65', '£3.25/kg'), ('tesco', 'https://www.tesco.com/groceries/en-GB/products/252261477', 'Heinz Baked Beans In Tomato Sauce 415G', '£ 0.85', '£2.05/kg'), ('tesco', 'https://www.tesco.com/groceries/en-GB/products/295444789', 'Heinz Baked Beans No Added Sugar 200G', '£ 0.65', '£3.25/kg'), ('tesco', 'https://www.tesco.com/groceries/en-GB/products/295444841', 'Heinz Baked Beans No Added Sugar 4 Pack 4 X 200G', '£ 1.99', '£2.49/kg'), ('tesco', 'https://www.tesco.com/groceries/en-GB/products/295444766', 'Heinz Baked Beans No Added Sugar 415G', '£ 0.85', '£2.05/kg'), ('tesco', 'https://www.tesco.com/groceries/en-GB/products/307744082', 'Heinz Baked Beans Protein Pot Scrambled Egg & Sausage 230G', '£ 2.50', '£1.09/100g'), ('tesco', 'https://www.tesco.com/groceries/en-GB/products/262713166', 'Heinz Baked Beans Snap Pots 4X200g', '£ 1.99', '£2.49/kg'), ('tesco', 'https://www.tesco.com/groceries/en-GB/products/250741978', 'Heinz Organic Baked Beans 415G', '£ 1.00', '£2.41/kg'), ('tesco', 'https://www.tesco.com/groceries/en-GB/products/252483911', 'Heinz Weight Watchers Baked Beans 415G', '£ 0.50', '£1.21/kg'), ('aldi', 'https://www.aldi.co.uk/premium-quality-baked-beans/p/062984364917400', 'Premium Quality Baked Beans', '0.29', '6.9p per 100g'), ('tesco', 'https://www.tesco.com/groceries/en-GB/products/300523965', 'Stockwell & Co Baked Beans & Pork Sausages 405G', '£ 0.39', '£0.96/kg'), ('tesco', 'https://www.tesco.com/groceries/en-GB/products/299669062', 'Stockwell & Co Baked Beans In Tomato Sauce 420G', '£ 0.22', '£0.52/kg'), ('tesco', 'https://www.tesco.com/groceries/en-GB/products/259051507', 'Tesco Baked Beans & Pork Sausages In Tomato Sauce 395G', '£ 0.70', '£1.78/kg'), ('tesco', 'https://www.tesco.com/groceries/en-GB/products/250372297', 'Tesco Baked Beans & Vegetarian Sausages 395G', '£ 0.70', '£1.78/kg'), ('tesco', 'https://www.tesco.com/groceries/en-GB/products/254876305', 'Tesco Baked Beans In Tomato Sauce 220G', '£ 0.25', '£1.14/kg'), ('tesco', 'https://www.tesco.com/groceries/en-GB/products/258510116', 'Tesco Baked Beans In Tomato Sauce 420G', '£ 0.30', '£0.72/kg'), ('tesco', 'https://www.tesco.com/groceries/en-GB/products/300522966', 'Tesco Baked Beans No Added Sugar 220G', '£ 0.25', '£1.14/kg'), ('tesco', 'https://www.tesco.com/groceries/en-GB/products/300522943', 'Tesco Baked Beans No Added Sugar 420G', '£ 0.30', '£0.72/kg'), ('tesco', 'https://www.tesco.com/groceries/en-GB/products/266659677', 'Tesco Kosher Baked Beans 420G', '£ 0.50', '£0.12/100g'), ('tesco', 'https://www.tesco.com/groceries/en-GB/products/276975828', 'Tesco Mixed Baked Beans 415G', '£ 0.60', '£1.45/kg'), ('tesco', 'https://www.tesco.com/groceries/en-GB/products/276778394', 'Tesco Organic Baked Beans 420G', '£ 0.65', '£1.55/kg')]


json_data[{'shop': 'aldi', 'url': 'https://www.aldi.co.uk/baked-beans-in-tomato-sauce/p/062577006401800', 'product_name': 'Baked Beans In Tomato Sauce', 'product_price': '0.22', 'product_additionals': '5.2p per 100g'}, {'shop': 'tesco', 'url': 'https://www.tesco.com/groceries/en-GB/products/258102087', 'product_name': 'Branston Baked Beans & Sausages 405G', 'product_price': '£ 0.85', 'product_additionals': '£2.10/kg'}, {'shop': 'tesco', 'url': 'https://www.tesco.com/groceries/en-GB/products/305959286', 'product_name': 'Branston Baked Beans & Vegetarian Sausage 400G', 'product_price': '£ 1.00', 'product_additionals': '£2.50/kg DR.WT'}, {'shop': 'tesco', 'url': 'https://www.tesco.com/groceries/en-GB/products/252632995', 'product_name': 'Heinz Baked Beans & Pork Sausages 200G', 'product_price': '£ 0.60', 'product_additionals': '£3.00/kg'}, {'shop': 'tesco', 'url': 'https://www.tesco.com/groceries/en-GB/products/252633026', 'product_name': 'Heinz Baked Beans & Pork Sausages 415G', 'product_price': '£ 1.10', 'product_additionals': '£2.66/kg'}, {'shop': 'tesco', 'url': 'https://www.tesco.com/groceries/en-GB/products/275154114', 'product_name': 'Heinz Baked Beans Barbecue 390G', 'product_price': '£ 1.00', 'product_additionals': '£2.57/kg'}, {'shop': 'tesco', 'url': 'https://www.tesco.com/groceries/en-GB/products/275184625', 'product_name': 'Heinz Baked Beans Curry 390G', 'product_price': '£ 1.00', 'product_additionals': '£2.57/kg'}, {'shop': 'tesco', 'url': 'https://www.tesco.com/groceries/en-GB/products/275184389', 'product_name': 'Heinz Baked Beans Fiery Chilli 390G', 'product_price': '£ 1.00', 'product_additionals': '£2.57/kg'}, {'shop': 'tesco', 'url': 'https://www.tesco.com/groceries/en-GB/products/254876294', 'product_name': 'Heinz Baked Beans In Tomato Sauce 150G', 'product_price': '£ 0.55', 'product_additionals': '£3.67/kg'}, {'shop': 'tesco', 'url': 'https://www.tesco.com/groceries/en-GB/products/250993529', 'product_name': 'Heinz Baked Beans In Tomato Sauce 200G', 'product_price': '£ 0.65', 'product_additionals': '£3.25/kg'}, {'shop': 'tesco', 'url': 'https://www.tesco.com/groceries/en-GB/products/252261477', 'product_name': 'Heinz Baked Beans In Tomato Sauce 415G', 'product_price': '£ 0.85', 'product_additionals': '£2.05/kg'}, {'shop': 'tesco', 'url': 'https://www.tesco.com/groceries/en-GB/products/295444789', 'product_name': 'Heinz Baked Beans No Added Sugar 200G', 'product_price': '£ 0.65', 'product_additionals': '£3.25/kg'}, {'shop': 'tesco', 'url': 'https://www.tesco.com/groceries/en-GB/products/295444841', 'product_name': 'Heinz Baked Beans No Added Sugar 4 Pack 4 X 200G', 'product_price': '£ 1.99', 'product_additionals': '£2.49/kg'}, {'shop': 'tesco', 'url': 'https://www.tesco.com/groceries/en-GB/products/295444766', 'product_name': 'Heinz Baked Beans No Added Sugar 415G', 'product_price': '£ 0.85', 'product_additionals': '£2.05/kg'}, {'shop': 'tesco', 'url': 'https://www.tesco.com/groceries/en-GB/products/307744082', 'product_name': 'Heinz Baked Beans Protein Pot Scrambled Egg & Sausage 230G', 'product_price': '£ 2.50', 'product_additionals': '£1.09/100g'}, {'shop': 'tesco', 'url': 'https://www.tesco.com/groceries/en-GB/products/262713166', 'product_name': 'Heinz Baked Beans Snap Pots 4X200g', 'product_price': '£ 1.99', 'product_additionals': '£2.49/kg'}, {'shop': 'tesco', 'url': 'https://www.tesco.com/groceries/en-GB/products/250741978', 'product_name': 'Heinz Organic Baked Beans 415G', 'product_price': '£ 1.00', 'product_additionals': '£2.41/kg'}, {'shop': 'tesco', 'url': 'https://www.tesco.com/groceries/en-GB/products/252483911', 'product_name': 'Heinz Weight Watchers Baked Beans 415G', 'product_price': '£ 0.50', 'product_additionals': '£1.21/kg'}, {'shop': 'aldi', 'url': 'https://www.aldi.co.uk/premium-quality-baked-beans/p/062984364917400', 'product_name': 'Premium Quality Baked Beans', 'product_price': '0.29', 'product_additionals': '6.9p per 100g'}, {'shop': 'tesco', 'url': 'https://www.tesco.com/groceries/en-GB/products/300523965', 'product_name': 'Stockwell & Co Baked Beans & Pork Sausages 405G', 'product_price': '£ 0.39', 'product_additionals': '£0.96/kg'}, {'shop': 'tesco', 'url': 'https://www.tesco.com/groceries/en-GB/products/299669062', 'product_name': 'Stockwell & Co Baked Beans In Tomato Sauce 420G', 'product_price': '£ 0.22', 'product_additionals': '£0.52/kg'}, {'shop': 'tesco', 'url': 'https://www.tesco.com/groceries/en-GB/products/259051507', 'product_name': 'Tesco Baked Beans & Pork Sausages In Tomato Sauce 395G', 'product_price': '£ 0.70', 'product_additionals': '£1.78/kg'}, {'shop': 'tesco', 'url': 'https://www.tesco.com/groceries/en-GB/products/250372297', 'product_name': 'Tesco Baked Beans & Vegetarian Sausages 395G', 'product_price': '£ 0.70', 'product_additionals': '£1.78/kg'}, {'shop': 'tesco', 'url': 'https://www.tesco.com/groceries/en-GB/products/254876305', 'product_name': 'Tesco Baked Beans In Tomato Sauce 220G', 'product_price': '£ 0.25', 'product_additionals': '£1.14/kg'}, {'shop': 'tesco', 'url': 'https://www.tesco.com/groceries/en-GB/products/258510116', 'product_name': 'Tesco Baked Beans In Tomato Sauce 420G', 'product_price': '£ 0.30', 'product_additionals': '£0.72/kg'}, {'shop': 'tesco', 'url': 'https://www.tesco.com/groceries/en-GB/products/300522966', 'product_name': 'Tesco Baked Beans No Added Sugar 220G', 'product_price': '£ 0.25', 'product_additionals': '£1.14/kg'}, {'shop': 'tesco', 'url': 'https://www.tesco.com/groceries/en-GB/products/300522943', 'product_name': 'Tesco Baked Beans No Added Sugar 420G', 'product_price': '£ 0.30', 'product_additionals': '£0.72/kg'}, {'shop': 'tesco', 'url': 'https://www.tesco.com/groceries/en-GB/products/266659677', 'product_name': 'Tesco Kosher Baked Beans 420G', 'product_price': '£ 0.50', 'product_additionals': '£0.12/100g'}, {'shop': 'tesco', 'url': 'https://www.tesco.com/groceries/en-GB/products/276975828', 'product_name': 'Tesco Mixed Baked Beans 415G', 'product_price': '£ 0.60', 'product_additionals': '£1.45/kg'}, {'shop': 'tesco', 'url': 'https://www.tesco.com/groceries/en-GB/products/276778394', 'product_name': 'Tesco Organic Baked Beans 420G', 'product_price': '£ 0.65', 'product_additionals': '£1.55/kg'}]


x[{'shop': 'tesco', 'url': 'https://www.tesco.com/groceries/en-GB/products/299669062', 'product_name': 'Stockwell & Co Baked Beans In Tomato Sauce 420G', 'product_price': '£ 0.22', 'product_additionals': '£0.52/kg'}, {'shop': 'tesco', 'url': 'https://www.tesco.com/groceries/en-GB/products/300522943', 'product_name': 'Tesco Baked Beans No Added Sugar 420G', 'product_price': '£ 0.30', 'product_additionals': '£0.72/kg'}, {'shop': 'tesco', 'url': 'https://www.tesco.com/groceries/en-GB/products/258510116', 'product_name': 'Tesco Baked Beans In Tomato Sauce 420G', 'product_price': '£ 0.30', 'product_additionals': '£0.72/kg'}, {'shop': 'tesco', 'url': 'https://www.tesco.com/groceries/en-GB/products/266659677', 'product_name': 'Tesco Kosher Baked Beans 420G', 'product_price': '£ 0.50', 'product_additionals': '£0.12/100g'}, {'shop': 'tesco', 'url': 'https://www.tesco.com/groceries/en-GB/products/300522966', 'product_name': 'Tesco Baked Beans No Added Sugar 220G', 'product_price': '£ 0.25', 'product_additionals': '£1.14/kg'}, {'shop': 'tesco', 'url': 'https://www.tesco.com/groceries/en-GB/products/300523965', 'product_name': 'Stockwell & Co Baked Beans & Pork Sausages 405G', 'product_price': '£ 0.39', 'product_additionals': '£0.96/kg'}, {'shop': 'tesco', 'url': 'https://www.tesco.com/groceries/en-GB/products/254876305', 'product_name': 'Tesco Baked Beans In Tomato Sauce 220G', 'product_price': '£ 0.25', 'product_additionals': '£1.14/kg'}, {'shop': 'tesco', 'url': 'https://www.tesco.com/groceries/en-GB/products/276975828', 'product_name': 'Tesco Mixed Baked Beans 415G', 'product_price': '£ 0.60', 'product_additionals': '£1.45/kg'}, {'shop': 'tesco', 'url': 'https://www.tesco.com/groceries/en-GB/products/252483911', 'product_name': 'Heinz Weight Watchers Baked Beans 415G', 'product_price': '£ 0.50', 'product_additionals': '£1.21/kg'}, {'shop': 'tesco', 'url': 'https://www.tesco.com/groceries/en-GB/products/276778394', 'product_name': 'Tesco Organic Baked Beans 420G', 'product_price': '£ 0.65', 'product_additionals': '£1.55/kg'}, {'shop': 'tesco', 'url': 'https://www.tesco.com/groceries/en-GB/products/250372297', 'product_name': 'Tesco Baked Beans & Vegetarian Sausages 395G', 'product_price': '£ 0.70', 'product_additionals': '£1.78/kg'}, {'shop': 'tesco', 'url': 'https://www.tesco.com/groceries/en-GB/products/295444766', 'product_name': 'Heinz Baked Beans No Added Sugar 415G', 'product_price': '£ 0.85', 'product_additionals': '£2.05/kg'}, {'shop': 'tesco', 'url': 'https://www.tesco.com/groceries/en-GB/products/258102087', 'product_name': 'Branston Baked Beans & Sausages 405G', 'product_price': '£ 0.85', 'product_additionals': '£2.10/kg'}, {'shop': 'tesco', 'url': 'https://www.tesco.com/groceries/en-GB/products/250741978', 'product_name': 'Heinz Organic Baked Beans 415G', 'product_price': '£ 1.00', 'product_additionals': '£2.41/kg'}, {'shop': 'tesco', 'url': 'https://www.tesco.com/groceries/en-GB/products/275184625', 'product_name': 'Heinz Baked Beans Curry 390G', 'product_price': '£ 1.00', 'product_additionals': '£2.57/kg'}, {'shop': 'tesco', 'url': 'https://www.tesco.com/groceries/en-GB/products/252261477', 'product_name': 'Heinz Baked Beans In Tomato Sauce 415G', 'product_price': '£ 0.85', 'product_additionals': '£2.05/kg'}, {'shop': 'tesco', 'url': 'https://www.tesco.com/groceries/en-GB/products/275154114', 'product_name': 'Heinz Baked Beans Barbecue 390G', 'product_price': '£ 1.00', 'product_additionals': '£2.57/kg'}, {'shop': 'tesco', 'url': 'https://www.tesco.com/groceries/en-GB/products/262713166', 'product_name': 'Heinz Baked Beans Snap Pots 4X200g', 'product_price': '£ 1.99', 'product_additionals': '£2.49/kg'}, {'shop': 'tesco', 'url': 'https://www.tesco.com/groceries/en-GB/products/259051507', 'product_name': 'Tesco Baked Beans & Pork Sausages In Tomato Sauce 395G', 'product_price': '£ 0.70', 'product_additionals': '£1.78/kg'}, {'shop': 'tesco', 'url': 'https://www.tesco.com/groceries/en-GB/products/275184389', 'product_name': 'Heinz Baked Beans Fiery Chilli 390G', 'product_price': '£ 1.00', 'product_additionals': '£2.57/kg'}, {'shop': 'tesco', 'url': 'https://www.tesco.com/groceries/en-GB/products/252633026', 'product_name': 'Heinz Baked Beans & Pork Sausages 415G', 'product_price': '£ 1.10', 'product_additionals': '£2.66/kg'}, {'shop': 'tesco', 'url': 'https://www.tesco.com/groceries/en-GB/products/295444841', 'product_name': 'Heinz Baked Beans No Added Sugar 4 Pack 4 X 200G', 'product_price': '£ 1.99', 'product_additionals': '£2.49/kg'}, {'shop': 'tesco', 'url': 'https://www.tesco.com/groceries/en-GB/products/252632995', 'product_name': 'Heinz Baked Beans & Pork Sausages 200G', 'product_price': '£ 0.60', 'product_additionals': '£3.00/kg'}, {'shop': 'tesco', 'url': 'https://www.tesco.com/groceries/en-GB/products/295444789', 'product_name': 'Heinz Baked Beans No Added Sugar 200G', 'product_price': '£ 0.65', 'product_additionals': '£3.25/kg'}, {'shop': 'tesco', 'url': 'https://www.tesco.com/groceries/en-GB/products/250993529', 'product_name': 'Heinz Baked Beans In Tomato Sauce 200G', 'product_price': '£ 0.65', 'product_additionals': '£3.25/kg'}, {'shop': 'tesco', 'url': 'https://www.tesco.com/groceries/en-GB/products/254876294', 'product_name': 'Heinz Baked Beans In Tomato Sauce 150G', 'product_price': '£ 0.55', 'product_additionals': '£3.67/kg'}, {'shop': 'tesco', 'url': 'https://www.tesco.com/groceries/en-GB/products/307744082', 'product_name': 'Heinz Baked Beans Protein Pot Scrambled Egg & Sausage 230G', 'product_price': '£ 2.50', 'product_additionals': '£1.09/100g'}]


bestFromShops[[], [], [{'shop': 'tesco', 'url': 'https://www.tesco.com/groceries/en-GB/products/299669062', 'product_name': 'Stockwell & Co Baked Beans In Tomato Sauce 420G', 'product_price': '£ 0.22', 'product_additionals': '£0.52/kg'}], [], []]


