Baked beans

Prod_checked
[{'shop': 'aldi', 'url': 'https://www.aldi.co.uk/baked-beans-in-tomato-sauce/p/062577006401800', 'product_name': 'Baked Beans In Tomato Sauce', 'product_price': '0.22', 'product_additionals': '5.2p per 100g'}, {'shop': 'tesco', 'url': 'https://www.tesco.com/groceries/en-GB/products/258102087', 'product_name': 'Branston Baked Beans & Sausages 405G', 'product_price': '£ 0.85', 'product_additionals': '£2.10/kg'}, {'shop': 'tesco', 'url': 'https://www.tesco.com/groceries/en-GB/products/305959286', 'product_name': 'Branston Baked Beans & Vegetarian Sausage 400G', 'product_price': '£ 1.00', 'product_additionals': '£2.50/kg DR.WT'}, {'shop': 'tesco', 'url': 'https://www.tesco.com/groceries/en-GB/products/252632995', 'product_name': 'Heinz Baked Beans & Pork Sausages 200G', 'product_price': '£ 0.60', 'product_additionals': '£3.00/kg'}, {'shop': 'tesco', 'url': 'https://www.tesco.com/groceries/en-GB/products/252633026', 'product_name': 'Heinz Baked Beans & Pork Sausages 415G', 'product_price': '£ 1.10', 'product_additionals': '£2.66/kg'}, {'shop': 'tesco', 'url': 'https://www.tesco.com/groceries/en-GB/products/275154114', 'product_name': 'Heinz Baked Beans Barbecue 390G', 'product_price': '£ 1.00', 'product_additionals': '£2.57/kg'}, {'shop': 'tesco', 'url': 'https://www.tesco.com/groceries/en-GB/products/275184625', 'product_name': 'Heinz Baked Beans Curry 390G', 'product_price': '£ 1.00', 'product_additionals': '£2.57/kg'}, {'shop': 'tesco', 'url': 'https://www.tesco.com/groceries/en-GB/products/275184389', 'product_name': 'Heinz Baked Beans Fiery Chilli 390G', 'product_price': '£ 1.00', 'product_additionals': '£2.57/kg'}, {'shop': 'tesco', 'url': 'https://www.tesco.com/groceries/en-GB/products/254876294', 'product_name': 'Heinz Baked Beans In Tomato Sauce 150G', 'product_price': '£ 0.55', 'product_additionals': '£3.67/kg'}, {'shop': 'tesco', 'url': 'https://www.tesco.com/groceries/en-GB/products/250993529', 'product_name': 'Heinz Baked Beans In Tomato Sauce 200G', 'product_price': '£ 0.65', 'product_additionals': '£3.25/kg'}, {'shop': 'tesco', 'url': 'https://www.tesco.com/groceries/en-GB/products/252261477', 'product_name': 'Heinz Baked Beans In Tomato Sauce 415G', 'product_price': '£ 0.85', 'product_additionals': '£2.05/kg'}, {'shop': 'tesco', 'url': 'https://www.tesco.com/groceries/en-GB/products/295444789', 'product_name': 'Heinz Baked Beans No Added Sugar 200G', 'product_price': '£ 0.65', 'product_additionals': '£3.25/kg'}, {'shop': 'tesco', 'url': 'https://www.tesco.com/groceries/en-GB/products/295444841', 'product_name': 'Heinz Baked Beans No Added Sugar 4 Pack 4 X 200G', 'product_price': '£ 1.99', 'product_additionals': '£2.49/kg'}, {'shop': 'tesco', 'url': 'https://www.tesco.com/groceries/en-GB/products/295444766', 'product_name': 'Heinz Baked Beans No Added Sugar 415G', 'product_price': '£ 0.85', 'product_additionals': '£2.05/kg'}, {'shop': 'tesco', 'url': 'https://www.tesco.com/groceries/en-GB/products/307744082', 'product_name': 'Heinz Baked Beans Protein Pot Scrambled Egg & Sausage 230G', 'product_price': '£ 2.50', 'product_additionals': '£1.09/100g'}, {'shop': 'tesco', 'url': 'https://www.tesco.com/groceries/en-GB/products/262713166', 'product_name': 'Heinz Baked Beans Snap Pots 4X200g', 'product_price': '£ 1.99', 'product_additionals': '£2.49/kg'}, {'shop': 'tesco', 'url': 'https://www.tesco.com/groceries/en-GB/products/250741978', 'product_name': 'Heinz Organic Baked Beans 415G', 'product_price': '£ 1.00', 'product_additionals': '£2.41/kg'}, {'shop': 'tesco', 'url': 'https://www.tesco.com/groceries/en-GB/products/252483911', 'product_name': 'Heinz Weight Watchers Baked Beans 415G', 'product_price': '£ 0.50', 'product_additionals': '£1.21/kg'}, {'shop': 'aldi', 'url': 'https://www.aldi.co.uk/premium-quality-baked-beans/p/062984364917400', 'product_name': 'Premium Quality Baked Beans', 'product_price': '0.29', 'product_additionals': '6.9p per 100g'}, {'shop': 'tesco', 'url': 'https://www.tesco.com/groceries/en-GB/products/300523965', 'product_name': 'Stockwell & Co Baked Beans & Pork Sausages 405G', 'product_price': '£ 0.39', 'product_additionals': '£0.96/kg'}, {'shop': 'tesco', 'url': 'https://www.tesco.com/groceries/en-GB/products/299669062', 'product_name': 'Stockwell & Co Baked Beans In Tomato Sauce 420G', 'product_price': '£ 0.22', 'product_additionals': '£0.52/kg'}, {'shop': 'tesco', 'url': 'https://www.tesco.com/groceries/en-GB/products/259051507', 'product_name': 'Tesco Baked Beans & Pork Sausages In Tomato Sauce 395G', 'product_price': '£ 0.70', 'product_additionals': '£1.78/kg'}, {'shop': 'tesco', 'url': 'https://www.tesco.com/groceries/en-GB/products/250372297', 'product_name': 'Tesco Baked Beans & Vegetarian Sausages 395G', 'product_price': '£ 0.70', 'product_additionals': '£1.78/kg'}, {'shop': 'tesco', 'url': 'https://www.tesco.com/groceries/en-GB/products/254876305', 'product_name': 'Tesco Baked Beans In Tomato Sauce 220G', 'product_price': '£ 0.25', 'product_additionals': '£1.14/kg'}, {'shop': 'tesco', 'url': 'https://www.tesco.com/groceries/en-GB/products/258510116', 'product_name': 'Tesco Baked Beans In Tomato Sauce 420G', 'product_price': '£ 0.30', 'product_additionals': '£0.72/kg'}, {'shop': 'tesco', 'url': 'https://www.tesco.com/groceries/en-GB/products/300522966', 'product_name': 'Tesco Baked Beans No Added Sugar 220G', 'product_price': '£ 0.25', 'product_additionals': '£1.14/kg'}, {'shop': 'tesco', 'url': 'https://www.tesco.com/groceries/en-GB/products/300522943', 'product_name': 'Tesco Baked Beans No Added Sugar 420G', 'product_price': '£ 0.30', 'product_additionals': '£0.72/kg'}, {'shop': 'tesco', 'url': 'https://www.tesco.com/groceries/en-GB/products/266659677', 'product_name': 'Tesco Kosher Baked Beans 420G', 'product_price': '£ 0.50', 'product_additionals': '£0.12/100g'}, {'shop': 'tesco', 'url': 'https://www.tesco.com/groceries/en-GB/products/276975828', 'product_name': 'Tesco Mixed Baked Beans 415G', 'product_price': '£ 0.60', 'product_additionals': '£1.45/kg'}, {'shop': 'tesco', 'url': 'https://www.tesco.com/groceries/en-GB/products/276778394', 'product_name': 'Tesco Organic Baked Beans 420G', 'product_price': '£ 0.65', 'product_additionals': '£1.55/kg'}]

grouped
([], [({'shop': 'tesco', 'url': 'https://www.tesco.com/groceries/en-GB/products/258102087', 'product_name': 'Branston Baked Beans & Sausages 405G', 'product_price': '£ 0.85', 'product_additionals': '£2.10/kg'}, 4.9350000000000005, 0.42553191489361697), ({'shop': 'tesco', 'url': 'https://www.tesco.com/groceries/en-GB/products/252632995', 'product_name': 'Heinz Baked Beans & Pork Sausages 200G', 'product_price': '£ 0.60', 'product_additionals': '£3.00/kg'}, 7.35, 0.40816326530612246), ({'shop': 'tesco', 'url': 'https://www.tesco.com/groceries/en-GB/products/252633026', 'product_name': 'Heinz Baked Beans & Pork Sausages 415G', 'product_price': '£ 1.10', 'product_additionals': '£2.66/kg'}, 6.517, 0.40816326530612246), ({'shop': 'tesco', 'url': 'https://www.tesco.com/groceries/en-GB/products/275154114', 'product_name': 'Heinz Baked Beans Barbecue 390G', 'product_price': '£ 1.00', 'product_additionals': '£2.57/kg'}, 5.397, 0.47619047619047616), ({'shop': 'tesco', 'url': 'https://www.tesco.com/groceries/en-GB/products/275184625', 'product_name': 'Heinz Baked Beans Curry 390G', 'product_price': '£ 1.00', 'product_additionals': '£2.57/kg'}, 5.0115, 0.5128205128205128), ({'shop': 'tesco', 'url': 'https://www.tesco.com/groceries/en-GB/products/275184389', 'product_name': 'Heinz Baked Beans Fiery Chilli 390G', 'product_price': '£ 1.00', 'product_additionals': '£2.57/kg'}, 5.9110000000000005, 0.4347826086956521), ({'shop': 'tesco', 'url': 'https://www.tesco.com/groceries/en-GB/products/254876294', 'product_name': 'Heinz Baked Beans In Tomato Sauce 150G', 'product_price': '£ 0.55', 'product_additionals': '£3.67/kg'}, 8.9915, 0.40816326530612246), ({'shop': 'tesco', 'url': 'https://www.tesco.com/groceries/en-GB/products/250993529', 'product_name': 'Heinz Baked Beans In Tomato Sauce 200G', 'product_price': '£ 0.65', 'product_additionals': '£3.25/kg'}, 7.9624999999999995, 0.40816326530612246), ({'shop': 'tesco', 'url': 'https://www.tesco.com/groceries/en-GB/products/252261477', 'product_name': 'Heinz Baked Beans In Tomato Sauce 415G', 'product_price': '£ 0.85', 'product_additionals': '£2.05/kg'}, 5.022499999999999, 0.40816326530612246), ({'shop': 'tesco', 'url': 'https://www.tesco.com/groceries/en-GB/products/295444789', 'product_name': 'Heinz Baked Beans No Added Sugar 200G', 'product_price': '£ 0.65', 'product_additionals': '£3.25/kg'}, 7.799999999999999, 0.41666666666666674), ({'shop': 'tesco', 'url': 'https://www.tesco.com/groceries/en-GB/products/295444841', 'product_name': 'Heinz Baked Beans No Added Sugar 4 Pack 4 X 200G', 'product_price': '£ 1.99', 'product_additionals': '£2.49/kg'}, 7.345500000000001, 0.3389830508474576), ({'shop': 'tesco', 'url': 'https://www.tesco.com/groceries/en-GB/products/295444766', 'product_name': 'Heinz Baked Beans No Added Sugar 415G', 'product_price': '£ 0.85', 'product_additionals': '£2.05/kg'}, 4.919999999999999, 0.41666666666666674), ({'shop': 'tesco', 'url': 'https://www.tesco.com/groceries/en-GB/products/307744082', 'product_name': 'Heinz Baked Beans Protein Pot Scrambled Egg & Sausage 230G', 'product_price': '£ 2.50', 'product_additionals': '£1.09/100g'}, 37.605000000000004, 0.28985507246376807), ({'shop': 'tesco', 'url': 'https://www.tesco.com/groceries/en-GB/products/262713166', 'product_name': 'Heinz Baked Beans Snap Pots 4X200g', 'product_price': '£ 1.99', 'product_additionals': '£2.49/kg'}, 5.602500000000001, 0.4444444444444444), ({'shop': 'tesco', 'url': 'https://www.tesco.com/groceries/en-GB/products/250741978', 'product_name': 'Heinz Organic Baked Beans 415G', 'product_price': '£ 1.00', 'product_additionals': '£2.41/kg'}, 4.9405, 0.4878048780487805), ({'shop': 'tesco', 'url': 'https://www.tesco.com/groceries/en-GB/products/252483911', 'product_name': 'Heinz Weight Watchers Baked Beans 415G', 'product_price': '£ 0.50', 'product_additionals': '£1.21/kg'}, 2.9644999999999997, 0.40816326530612246), ({'shop': 'tesco', 'url': 'https://www.tesco.com/groceries/en-GB/products/300523965', 'product_name': 'Stockwell & Co Baked Beans & Pork Sausages 405G', 'product_price': '£ 0.39', 'product_additionals': '£0.96/kg'}, 2.784, 0.3448275862068966), ({'shop': 'tesco', 'url': 'https://www.tesco.com/groceries/en-GB/products/299669062', 'product_name': 'Stockwell & Co Baked Beans In Tomato Sauce 420G', 'product_price': '£ 0.22', 'product_additionals': '£0.52/kg'}, 1.508, 0.3448275862068966), ({'shop': 'tesco', 'url': 'https://www.tesco.com/groceries/en-GB/products/259051507', 'product_name': 'Tesco Baked Beans & Pork Sausages In Tomato Sauce 395G', 'product_price': '£ 0.70', 'product_additionals': '£1.78/kg'}, 5.785, 0.3076923076923077), ({'shop': 'tesco', 'url': 'https://www.tesco.com/groceries/en-GB/products/250372297', 'product_name': 'Tesco Baked Beans & Vegetarian Sausages 395G', 'product_price': '£ 0.70', 'product_additionals': '£1.78/kg'}, 4.895, 0.36363636363636365), ({'shop': 'tesco', 'url': 'https://www.tesco.com/groceries/en-GB/products/254876305', 'product_name': 'Tesco Baked Beans In Tomato Sauce 220G', 'product_price': '£ 0.25', 'product_additionals': '£1.14/kg'}, 2.7929999999999997, 0.40816326530612246), ({'shop': 'tesco', 'url': 'https://www.tesco.com/groceries/en-GB/products/258510116', 'product_name': 'Tesco Baked Beans In Tomato Sauce 420G', 'product_price': '£ 0.30', 'product_additionals': '£0.72/kg'}, 1.7639999999999998, 0.40816326530612246), ({'shop': 'tesco', 'url': 'https://www.tesco.com/groceries/en-GB/products/300522966', 'product_name': 'Tesco Baked Beans No Added Sugar 220G', 'product_price': '£ 0.25', 'product_additionals': '£1.14/kg'}, 2.7359999999999993, 0.41666666666666674), ({'shop': 'tesco', 'url': 'https://www.tesco.com/groceries/en-GB/products/300522943', 'product_name': 'Tesco Baked Beans No Added Sugar 420G', 'product_price': '£ 0.30', 'product_additionals': '£0.72/kg'}, 1.7279999999999995, 0.41666666666666674), ({'shop': 'tesco', 'url': 'https://www.tesco.com/groceries/en-GB/products/266659677', 'product_name': 'Tesco Kosher Baked Beans 420G', 'product_price': '£ 0.50', 'product_additionals': '£0.12/100g'}, 2.4, 0.5), ({'shop': 'tesco', 'url': 'https://www.tesco.com/groceries/en-GB/products/276975828', 'product_name': 'Tesco Mixed Baked Beans 415G', 'product_price': '£ 0.60', 'product_additionals': '£1.45/kg'}, 2.8275, 0.5128205128205128), ({'shop': 'tesco', 'url': 'https://www.tesco.com/groceries/en-GB/products/276778394', 'product_name': 'Tesco Organic Baked Beans 420G', 'product_price': '£ 0.65', 'product_additionals': '£1.55/kg'}, 3.1775, 0.4878048780487805)], [])

final
[{'shop': 'tesco', 'url': 'https://www.tesco.com/groceries/en-GB/products/299669062', 'product_name': 'Stockwell & Co Baked Beans In Tomato Sauce 420G', 'product_price': '£ 0.22', 'product_additionals': '£0.52/kg'}, {'shop': 'tesco', 'url': 'https://www.tesco.com/groceries/en-GB/products/300522943', 'product_name': 'Tesco Baked Beans No Added Sugar 420G', 'product_price': '£ 0.30', 'product_additionals': '£0.72/kg'}, {'shop': 'tesco', 'url': 'https://www.tesco.com/groceries/en-GB/products/258510116', 'product_name': 'Tesco Baked Beans In Tomato Sauce 420G', 'product_price': '£ 0.30', 'product_additionals': '£0.72/kg'}, {'shop': 'tesco', 'url': 'https://www.tesco.com/groceries/en-GB/products/266659677', 'product_name': 'Tesco Kosher Baked Beans 420G', 'product_price': '£ 0.50', 'product_additionals': '£0.12/100g'}, {'shop': 'tesco', 'url': 'https://www.tesco.com/groceries/en-GB/products/300522966', 'product_name': 'Tesco Baked Beans No Added Sugar 220G', 'product_price': '£ 0.25', 'product_additionals': '£1.14/kg'}, {'shop': 'tesco', 'url': 'https://www.tesco.com/groceries/en-GB/products/300523965', 'product_name': 'Stockwell & Co Baked Beans & Pork Sausages 405G', 'product_price': '£ 0.39', 'product_additionals': '£0.96/kg'}, {'shop': 'tesco', 'url': 'https://www.tesco.com/groceries/en-GB/products/254876305', 'product_name': 'Tesco Baked Beans In Tomato Sauce 220G', 'product_price': '£ 0.25', 'product_additionals': '£1.14/kg'}, {'shop': 'tesco', 'url': 'https://www.tesco.com/groceries/en-GB/products/276975828', 'product_name': 'Tesco Mixed Baked Beans 415G', 'product_price': '£ 0.60', 'product_additionals': '£1.45/kg'}, {'shop': 'tesco', 'url': 'https://www.tesco.com/groceries/en-GB/products/252483911', 'product_name': 'Heinz Weight Watchers Baked Beans 415G', 'product_price': '£ 0.50', 'product_additionals': '£1.21/kg'}, {'shop': 'tesco', 'url': 'https://www.tesco.com/groceries/en-GB/products/276778394', 'product_name': 'Tesco Organic Baked Beans 420G', 'product_price': '£ 0.65', 'product_additionals': '£1.55/kg'}, {'shop': 'tesco', 'url': 'https://www.tesco.com/groceries/en-GB/products/250372297', 'product_name': 'Tesco Baked Beans & Vegetarian Sausages 395G', 'product_price': '£ 0.70', 'product_additionals': '£1.78/kg'}, {'shop': 'tesco', 'url': 'https://www.tesco.com/groceries/en-GB/products/295444766', 'product_name': 'Heinz Baked Beans No Added Sugar 415G', 'product_price': '£ 0.85', 'product_additionals': '£2.05/kg'}, {'shop': 'tesco', 'url': 'https://www.tesco.com/groceries/en-GB/products/258102087', 'product_name': 'Branston Baked Beans & Sausages 405G', 'product_price': '£ 0.85', 'product_additionals': '£2.10/kg'}, {'shop': 'tesco', 'url': 'https://www.tesco.com/groceries/en-GB/products/250741978', 'product_name': 'Heinz Organic Baked Beans 415G', 'product_price': '£ 1.00', 'product_additionals': '£2.41/kg'}, {'shop': 'tesco', 'url': 'https://www.tesco.com/groceries/en-GB/products/275184625', 'product_name': 'Heinz Baked Beans Curry 390G', 'product_price': '£ 1.00', 'product_additionals': '£2.57/kg'}, {'shop': 'tesco', 'url': 'https://www.tesco.com/groceries/en-GB/products/252261477', 'product_name': 'Heinz Baked Beans In Tomato Sauce 415G', 'product_price': '£ 0.85', 'product_additionals': '£2.05/kg'}, {'shop': 'tesco', 'url': 'https://www.tesco.com/groceries/en-GB/products/275154114', 'product_name': 'Heinz Baked Beans Barbecue 390G', 'product_price': '£ 1.00', 'product_additionals': '£2.57/kg'}, {'shop': 'tesco', 'url': 'https://www.tesco.com/groceries/en-GB/products/262713166', 'product_name': 'Heinz Baked Beans Snap Pots 4X200g', 'product_price': '£ 1.99', 'product_additionals': '£2.49/kg'}, {'shop': 'tesco', 'url': 'https://www.tesco.com/groceries/en-GB/products/259051507', 'product_name': 'Tesco Baked Beans & Pork Sausages In Tomato Sauce 395G', 'product_price': '£ 0.70', 'product_additionals': '£1.78/kg'}, {'shop': 'tesco', 'url': 'https://www.tesco.com/groceries/en-GB/products/275184389', 'product_name': 'Heinz Baked Beans Fiery Chilli 390G', 'product_price': '£ 1.00', 'product_additionals': '£2.57/kg'}, {'shop': 'tesco', 'url': 'https://www.tesco.com/groceries/en-GB/products/252633026', 'product_name': 'Heinz Baked Beans & Pork Sausages 415G', 'product_price': '£ 1.10', 'product_additionals': '£2.66/kg'}, {'shop': 'tesco', 'url': 'https://www.tesco.com/groceries/en-GB/products/295444841', 'product_name': 'Heinz Baked Beans No Added Sugar 4 Pack 4 X 200G', 'product_price': '£ 1.99', 'product_additionals': '£2.49/kg'}, {'shop': 'tesco', 'url': 'https://www.tesco.com/groceries/en-GB/products/252632995', 'product_name': 'Heinz Baked Beans & Pork Sausages 200G', 'product_price': '£ 0.60', 'product_additionals': '£3.00/kg'}, {'shop': 'tesco', 'url': 'https://www.tesco.com/groceries/en-GB/products/295444789', 'product_name': 'Heinz Baked Beans No Added Sugar 200G', 'product_price': '£ 0.65', 'product_additionals': '£3.25/kg'}, {'shop': 'tesco', 'url': 'https://www.tesco.com/groceries/en-GB/products/250993529', 'product_name': 'Heinz Baked Beans In Tomato Sauce 200G', 'product_price': '£ 0.65', 'product_additionals': '£3.25/kg'}, {'shop': 'tesco', 'url': 'https://www.tesco.com/groceries/en-GB/products/254876294', 'product_name': 'Heinz Baked Beans In Tomato Sauce 150G', 'product_price': '£ 0.55', 'product_additionals': '£3.67/kg'}, {'shop': 'tesco', 'url': 'https://www.tesco.com/groceries/en-GB/products/307744082', 'product_name': 'Heinz Baked Beans Protein Pot Scrambled Egg & Sausage 230G', 'product_price': '£ 2.50', 'product_additionals': '£1.09/100g'}]

