banana

Prod_checked
[{'shop': 'asda', 'url': 'https://groceries.asda.com/product/910000464281', 'product_name': 'Ahmed Banana Jelly', 'product_price': '£0.55', 'product_additionals': 'No weight data'}, {'shop': 'tesco', 'url': 'https://www.tesco.com/groceries/en-GB/products/307758709', 'product_name': 'Alpro No Bits Strawberry Banana Yogurt Alternative 4X125g', 'product_price': '£ 1.90', 'product_additionals': '£3.80/kg'}, {'shop': 'asda', 'url': 'https://groceries.asda.com/product/910000429344', 'product_name': 'Alpro No Bits Strawberry-Banana & Peach-Pear Yoghurt Alternative', 'product_price': '£1.50', 'product_additionals': 'No weight data'}, {'shop': 'sains', 'url': 'https://www.sainsburys.co.uk/shop/gb/groceries/product/details/dairy-and-chilled-essentials/alpro-smooth-yogurt-alternative-4x125g', 'product_name': 'Alpro No Bits Strawberry-Banana & Peach-Pear Yoghurt Alternative 4x125g', 'product_price': '£1.90', 'product_additionals': '38p / 100g'}, {'shop': 'sains', 'url': 'https://www.sainsburys.co.uk/shop/gb/groceries/product/details/dairy-free-cheese-and-milk/alpro-smooth-yogurt-alternative-4x125g', 'product_name': 'Alpro No Bits Strawberry-Banana & Peach-Pear Yoghurt Alternative 4x125g', 'product_price': '£1.90', 'product_additionals': '38p / 100g'}, {'shop': 'asda', 'url': 'https://groceries.asda.com/product/910003201284', 'product_name': 'Ambrosia Banana Devon Custard Pot', 'product_price': '£0.59', 'product_additionals': '(39.3p/100g)'}, {'shop': 'tesco', 'url': 'https://www.tesco.com/groceries/en-GB/products/297609638', 'product_name': 'Ambrosia Devon Custard Banana 150G', 'product_price': '£ 0.50', 'product_additionals': '£0.33/100g'}, {'shop': 'tesco', 'url': 'https://www.tesco.com/groceries/en-GB/products/254903706', 'product_name': 'Angel Delight Banana 59G', 'product_price': '£ 0.50', 'product_additionals': '£0.85/100g'}, {'shop': 'asda', 'url': 'https://groceries.asda.com/product/910001087561', 'product_name': 'Angel Delight Banana Flavour', 'product_price': '£0.50', 'product_additionals': '(84.8p/100g)'}, {'shop': 'tesco', 'url': 'https://www.tesco.com/groceries/en-GB/products/305255669', 'product_name': 'Aptamil Creamed Banana Porridge 125G', 'product_price': '£ 2.50', 'product_additionals': '£2.00/100g'}, {'shop': 'asda', 'url': 'https://groceries.asda.com/product/1000195752234', 'product_name': 'Aptamil Creamed Banana Porridge Baby Cereal 4-6 Months', 'product_price': '£2.50', 'product_additionals': 'No weight data'}, {'shop': 'asda', 'url': 'https://groceries.asda.com/product/1000195752179', 'product_name': 'Aptamil Multigrain Banana & Berry Baby Cereal 7+ Months', 'product_price': '£3.00', 'product_additionals': 'No weight data'}, {'shop': 'asda', 'url': 'https://groceries.asda.com/product/910002979301', 'product_name': 'ASDA 6 Low Fat Smooth Vanilla & Banana Yogurts', 'product_price': '£0.85', 'product_additionals': '(11.3p/100g)'}, {'shop': 'asda', 'url': 'https://groceries.asda.com/product/1000128213080', 'product_name': 'ASDA Banana Blossom in Water', 'product_price': '£1.50', 'product_additionals': '(60.0p/100g)'}, {'shop': 'asda', 'url': 'https://groceries.asda.com/product/910001929275', 'product_name': 'ASDA Banana Chips', 'product_price': '£1.00', 'product_additionals': '(£6.67/kg)'}, {'shop': 'asda', 'url': 'https://groceries.asda.com/product/1000111446539', 'product_name': 'ASDA Banana Flakes Split Pot Yogurt', 'product_price': '£0.45', 'product_additionals': '(33.3p/100g)'}, {'shop': 'asda', 'url': 'https://groceries.asda.com/product/32932', 'product_name': 'ASDA Banana Flavoured Milk', 'product_price': '£1.00', 'product_additionals': 'No weight data'}, {'shop': 'asda', 'url': 'https://groceries.asda.com/product/910001598288', 'product_name': 'ASDA Banana Flavoured Milkshake Mix', 'product_price': '£1.49', 'product_additionals': '(49.7p/100g)'}, {'shop': 'asda', 'url': 'https://groceries.asda.com/product/1000202846271', 'product_name': 'ASDA Galaxy Shimmer Banana Fragrance Bath & Shower Gel', 'product_price': '£1.49', 'product_additionals': 'No weight data'}, {'shop': 'asda', 'url': 'https://groceries.asda.com/product/1000144509229', 'product_name': 'ASDA Garden Gang Bananas', 'product_price': '£1.00', 'product_additionals': '(12.5p/each)'}, {'shop': 'asda', 'url': 'https://groceries.asda.com/product/910003080762', 'product_name': 'ASDA Giant Shrimps & Bananas Foam Sweets', 'product_price': '£0.90', 'product_additionals': '(56.2p/100g)'}, {'shop': 'asda', 'url': 'https://groceries.asda.com/product/1000197472184', 'product_name': "ASDA Grower's Selection 7 Bananas", 'product_price': '£0.98', 'product_additionals': 'No weight data'}, {'shop': 'asda', 'url': 'https://groceries.asda.com/product/20332', 'product_name': "ASDA Grower's Selection Loose Banana (order by number of bananas or select kg)", 'product_price': '£0.13', 'product_additionals': 'No weight data'}, {'shop': 'asda', 'url': 'https://groceries.asda.com/product/1000128213094', 'product_name': "ASDA Grower's Selection Organic Fairtrade Bananas", 'product_price': '£1.00', 'product_additionals': 'No weight data'}, {'shop': 'asda', 'url': 'https://groceries.asda.com/product/910001788664', 'product_name': 'ASDA Little Angels Organic Banana Flavoured Biscotti 7+ Months', 'product_price': '£0.75', 'product_additionals': 'No weight data'}, {'shop': 'asda', 'url': 'https://groceries.asda.com/product/910002314137', 'product_name': 'ASDA Little Angels Organic Squeezy Fruit Pouch Apple Mango & Banana 6+ Months', 'product_price': '£0.52', 'product_additionals': 'No weight data'}, {'shop': 'asda', 'url': 'https://groceries.asda.com/product/1000001819529', 'product_name': 'ASDA Little Angels Organic Yummy Fruit Apple, Banana, Peach & Pear 6+ Months', 'product_price': '£1.50', 'product_additionals': 'No weight data'}, {'shop': 'asda', 'url': 'https://groceries.asda.com/product/1000001819412', 'product_name': 'ASDA Little Angels Organic Yummy Fruit Apple, Mango & Banana Pouches 6+ Months', 'product_price': '£1.50', 'product_additionals': 'No weight data'}, {'shop': 'asda', 'url': 'https://groceries.asda.com/product/910000423336', 'product_name': 'ASDA Pineapple, Banana & Coconut Smoothie', 'product_price': '£1.29', 'product_additionals': 'No weight data'}, {'shop': 'asda', 'url': 'https://groceries.asda.com/product/1000115100492', 'product_name': 'ASDA Shrimps & Bananas Foam Sweets', 'product_price': '£0.25', 'product_additionals': '(62.5p/100g)'}, {'shop': 'asda', 'url': 'https://groceries.asda.com/product/1000220154405', 'product_name': 'ASDA Strawberry & Banana Flavour Greek Yogurts', 'product_price': '£1.50', 'product_additionals': 'No weight data'}, {'shop': 'asda', 'url': 'https://groceries.asda.com/product/5212509', 'product_name': 'ASDA Strawberry & Banana Smoothie', 'product_price': '£1.00', 'product_additionals': 'No weight data'}, {'shop': 'asda', 'url': 'https://groceries.asda.com/product/910002339345', 'product_name': 'ASDA Summer Fruits & Banana Smoothie Mix', 'product_price': '£1.65', 'product_additionals': 'No weight data'}, {'shop': 'asda', 'url': 'https://groceries.asda.com/product/1000012278898', 'product_name': 'Banana Boat Advanced Protection Baby Protective Sun Lotion SPF 50', 'product_price': '£11.95', 'product_additionals': 'No weight data'}, {'shop': 'asda', 'url': 'https://groceries.asda.com/product/1000012279498', 'product_name': 'Banana Boat Advanced Protection Baby Protective Sun Lotion UVA/UVB SPF 50 60ml', 'product_price': '£4.00', 'product_additionals': 'No weight data'}, {'shop': 'asda', 'url': 'https://groceries.asda.com/product/1000012277489', 'product_name': 'Banana Boat Advanced Protection Kids Protective Sun Lotion UVA/UVB SPF 50', 'product_price': '£11.95', 'product_additionals': 'No weight data'}, {'shop': 'asda', 'url': 'https://groceries.asda.com/product/1000012278240', 'product_name': 'Banana Boat Advanced Protection Kids Protective Sun Lotion UVA/UVB SPF 50 60ml', 'product_price': '£4.00', 'product_additionals': 'No weight data'}, {'shop': 'asda', 'url': 'https://groceries.asda.com/product/910002945424', 'product_name': 'Banana Boat After Sun Aloe Vera Gel', 'product_price': '£4.00', 'product_additionals': '(£1.74/100g)'}, {'shop': 'sains', 'url': 'https://www.sainsburys.co.uk/shop/gb/groceries/product/details/all-price-lock/banana-boat-aloe-vera-gel-230g', 'product_name': 'Banana Boat Aloe Vera Gel 230g', 'product_price': '£3.00', 'product_additionals': '£1.30 / 100g'}, {'shop': 'tesco', 'url': 'https://www.tesco.com/groceries/en-GB/products/257416909', 'product_name': 'Banana Boat Aloe Vera Gel 230G', 'product_price': '£ 3.00', 'product_additionals': '£1.31/100g'}, {'shop': 'asda', 'url': 'https://groceries.asda.com/product/1000012278146', 'product_name': 'Banana Boat UltraMist Advanced Protection Baby Clear Spray Sun Protection SPF 50', 'product_price': '£12.00', 'product_additionals': 'No weight data'}, {'shop': 'asda', 'url': 'https://groceries.asda.com/product/1000012278354', 'product_name': 'Banana Boat UltraMist Advanced Protection Kids Clear Spray Sun Protection SPF50 220ml', 'product_price': '£12.00', 'product_additionals': 'No weight data'}, {'shop': 'aldi', 'url': 'https://www.aldi.co.uk/banana-flavoured-1%25-fat-milk/p/063365075910900', 'product_name': 'Banana Flavoured 1% Fat Milk', 'product_price': '0.85', 'product_additionals': '85p per litre'}, {'shop': 'asda', 'url': 'https://groceries.asda.com/product/1000189834728', 'product_name': 'Bananas Crushie Characters (4+ Years)', 'product_price': '£4.00', 'product_additionals': '(£4.00/each)'}, {'shop': 'tesco', 'url': 'https://www.tesco.com/groceries/en-GB/products/275280804', 'product_name': 'Bananas Loose', 'product_price': '£ 0.13', 'product_additionals': '£0.73/kg'}, {'shop': 'sains', 'url': 'https://www.sainsburys.co.uk/shop/gb/groceries/product/details/new-355373-44/bare-fruit-snacks-banana-chips-24g', 'product_name': 'Bare Fruit Snacks Banana Chips 24g', 'product_price': '£1.40', 'product_additionals': '£5.83 / 100g'}, {'shop': 'tesco', 'url': 'https://www.tesco.com/groceries/en-GB/products/271681734', 'product_name': 'Bobo Frut Apple Banana & Carrot Juice 300Ml', 'product_price': '£ 1.40', 'product_additionals': '£0.47/100ml'}, {'shop': 'tesco', 'url': 'https://www.tesco.com/groceries/en-GB/products/282185337', 'product_name': 'Bonjela Junior Banana Gel 15G', 'product_price': '£ 4.00', 'product_additionals': '£26.67/100g'}, {'shop': 'tesco', 'url': 'https://www.tesco.com/groceries/en-GB/products/305039619', 'product_name': 'Cerelac Farmers Selection Wheat Snack Raspberry Banana 35G', 'product_price': '£ 1.70', 'product_additionals': '£48.58/kg'}, {'shop': 'asda', 'url': 'https://groceries.asda.com/product/80353893', 'product_name': 'Charles Wells Banana Bread Beer', 'product_price': '£1.83', 'product_additionals': '(£3.66/lt)'}, {'shop': 'coop', 'url': 'https://www.coop.co.uk/products/co-op-fairtrade-bananas-pack', 'product_name': 'Co-op Fairtrade Bananas', 'product_price': '£1.10', 'product_additionals': '(£1.10 per item)'}, {'shop': 'coop', 'url': 'https://www.coop.co.uk/products/co-op-fairtrade-small-bananas', 'product_name': 'Co-op Fairtrade Small Bananas', 'product_price': '£0.79\nwas\n£0.90', 'product_additionals': '(79.0p per item)'}, {'shop': 'tesco', 'url': 'https://www.tesco.com/groceries/en-GB/products/308026032', 'product_name': 'Code Name Bananas David Walliams', 'product_price': '£ 7.50', 'product_additionals': '£7.50/each'}, {'shop': 'tesco', 'url': 'https://www.tesco.com/groceries/en-GB/products/285845451', 'product_name': 'Complan Nutritional Drink Banana 4X55g', 'product_price': '£ 3.50', 'product_additionals': '£1.60/100g'}, {'shop': 'tesco', 'url': 'https://www.tesco.com/groceries/en-GB/products/253052928', 'product_name': 'Cow & Gate Apple & Banana Fruit Pot 4X100g 4 Mth+', 'product_price': '£ 1.45', 'product_additionals': '£3.63/kg'}, {'shop': 'asda', 'url': 'https://groceries.asda.com/product/910003267758', 'product_name': 'Cow & Gate Apple & Banana Fruit Pouches 4+ Months', 'product_price': '£2.80', 'product_additionals': 'No weight data'}, {'shop': 'sains', 'url': 'https://www.sainsburys.co.uk/shop/gb/groceries/product/details/price-lock-baby-toddler/cow-gate-apple-banana-frt-pot', 'product_name': 'Cow & Gate Apple & Banana Fruit Puree Pots 4x100g', 'product_price': '£1.45', 'product_additionals': '36p / 100g'}, {'shop': 'tesco', 'url': 'https://www.tesco.com/groceries/en-GB/products/305248540', 'product_name': 'Cow & Gate Apple Banana & Strawberry Pouches 4 X 100G', 'product_price': '£ 2.60', 'product_additionals': '£0.65/100g'}, {'shop': 'asda', 'url': 'https://groceries.asda.com/product/1000027214099', 'product_name': 'Cow & Gate Apple, Blackcurrant & Banana Fruit Pots from 4-6+ Months', 'product_price': '£1.30', 'product_additionals': 'No weight data'}, {'shop': 'asda', 'url': 'https://groceries.asda.com/product/1000195178720', 'product_name': 'Cow & Gate Apple, Strawberry & Banana Baby Fruit Pouches 4+ Months', 'product_price': '£2.80', 'product_additionals': 'No weight data'}, {'shop': 'asda', 'url': 'https://groceries.asda.com/product/910002552781', 'product_name': 'Cow & Gate Banana Crumble Baby Food Jar 7+ Months', 'product_price': '£0.65', 'product_additionals': 'No weight data'}, {'shop': 'asda', 'url': 'https://groceries.asda.com/product/910000032251', 'product_name': 'Cow & Gate Banana Muesli 10+ Months', 'product_price': '£2.45', 'product_additionals': 'No weight data'}, {'shop': 'tesco', 'url': 'https://www.tesco.com/groceries/en-GB/products/304408975', 'product_name': 'Cow & Gate Banana Porridge 125G', 'product_price': '£ 1.75', 'product_additionals': '£1.40/100g DR.WT'}, {'shop': 'asda', 'url': 'https://groceries.asda.com/product/1000164732226', 'product_name': 'Cow & Gate Banana Porridge Baby Cereal 4-6+ Months', 'product_price': '£1.75', 'product_additionals': 'No weight data'}, {'shop': 'asda', 'url': 'https://groceries.asda.com/product/1000164732156', 'product_name': 'Cow & Gate Banana Wholegrain Porridge Baby Cereal 7+ Months', 'product_price': '£2.39', 'product_additionals': 'No weight data'}, {'shop': 'tesco', 'url': 'https://www.tesco.com/groceries/en-GB/products/304370401', 'product_name': 'Cow & Gate Banana Wholegrain Porridge Baby Cereal From 7 Month 200G', 'product_price': '£ 2.00', 'product_additionals': '£10.00/kg DR.WT'}, {'shop': 'asda', 'url': 'https://groceries.asda.com/product/910002552619', 'product_name': 'Cow & Gate Bursting Apple Banana & Berries Baby Food Jar 4m+', 'product_price': '£0.58', 'product_additionals': 'No weight data'}, {'shop': 'asda', 'url': 'https://groceries.asda.com/product/910002552653', 'product_name': 'Cow & Gate Bursting Berries & Banana Baby Food Jar 7+ Months', 'product_price': '£0.65', 'product_additionals': 'No weight data'}, {'shop': 'tesco', 'url': 'https://www.tesco.com/groceries/en-GB/products/296715393', 'product_name': 'Cow & Gate Fruit Pouch Apple & Banana 4 X 100G', 'product_price': '£ 2.60', 'product_additionals': '£0.65/100g'}, {'shop': 'sains', 'url': 'https://www.sainsburys.co.uk/shop/gb/groceries/product/details/all-price-lock/cow---gate-multigrain-banana-porridge-baby-cereal-200g--7484898-p', 'product_name': 'Cow & Gate Multigrain Banana Porridge Baby Cereal 200g', 'product_price': '£2.00', 'product_additionals': '£1.00 / 100g'}, {'shop': 'asda', 'url': 'https://groceries.asda.com/product/910002551802', 'product_name': 'Cow & Gate Yummy Banana Yoghurt Baby Food Jar 6m+', 'product_price': '£0.58', 'product_additionals': 'No weight data'}, {'shop': 'tesco', 'url': 'https://www.tesco.com/groceries/en-GB/products/292943740', 'product_name': 'Cow & Gate Yummy Banana Yogurt 6Mth+ 125G Jar', 'product_price': '£ 0.60', 'product_additionals': '£4.80/kg'}, {'shop': 'tesco', 'url': 'https://www.tesco.com/groceries/en-GB/products/305435877', 'product_name': 'Creative Nature W.Grain Banana Bread Baking Mix 250G', 'product_price': '£ 2.99', 'product_additionals': '£11.96/kg'}, {'shop': 'asda', 'url': 'https://groceries.asda.com/product/1000182959725', 'product_name': 'Creative Nature Wholegrain Banana Bread Baking Mix', 'product_price': '£2.99', 'product_additionals': 'No weight data'}, {'shop': 'tesco', 'url': 'https://www.tesco.com/groceries/en-GB/products/305250248', 'product_name': 'Danone Kids Organic Raspberry & Banana Yogurt 4 X 70G', 'product_price': '£ 1.50', 'product_additionals': '£0.54/100g'}, {'shop': 'sains', 'url': 'https://www.sainsburys.co.uk/shop/gb/groceries/product/details/dairy-eggs-new/danone-kids-organic-strawberry-banana-no-added-sugar-yogurt-70g', 'product_name': 'Danone Kids Organic Strawberry & Banana No Added Sugar Yogurt 70g', 'product_price': '75p', 'product_additionals': '£1.07 / 100g'}, {'shop': 'sains', 'url': 'https://www.sainsburys.co.uk/shop/gb/groceries/product/details/new-355373-44/danone-kids-organic-strawberry-banana-no-added-sugar-yogurt-70g', 'product_name': 'Danone Kids Organic Strawberry & Banana No Added Sugar Yogurt 70g', 'product_price': '75p', 'product_additionals': '£1.07 / 100g'}, {'shop': 'sains', 'url': 'https://www.sainsburys.co.uk/shop/gb/groceries/product/details/all-organic-/danone-kids-organic-strawberry-banana-no-added-sugar-yogurt-4x70g', 'product_name': 'Danone Kids Organic Strawberry & Banana No Added Sugar Yogurt Pouches 4x70g', 'product_price': '£1.50', 'product_additionals': '54p / 100g'}, {'shop': 'tesco', 'url': 'https://www.tesco.com/groceries/en-GB/products/305255675', 'product_name': 'Danone Kids Organic Strawberry & Banana Yogurt 4 X 70G', 'product_price': '£ 1.50', 'product_additionals': '£0.54/100g'}, {'shop': 'asda', 'url': 'https://groceries.asda.com/product/1000194987813', 'product_name': 'Danone Kids Strawberry & Banana Yogurt Pouch', 'product_price': '£0.70', 'product_additionals': 'No weight data'}, {'shop': 'sains', 'url': 'https://www.sainsburys.co.uk/shop/gb/groceries/product/details/dairy-eggs-special-offers/danone-simply-fruit-veg-mango-carrot-banana-yogurt-4x110g', 'product_name': 'Danone Mango, Carrot & Banana No Added Sugar Yogurt 4x110g', 'product_price': '£1.25', 'product_additionals': '29p / 100g'}, {'shop': 'sains', 'url': 'https://www.sainsburys.co.uk/shop/gb/groceries/product/details/all-yogurt/danone-simply-fruit-veg-mango-carrot-banana-yogurt-4x110g', 'product_name': 'Danone Mango, Carrot & Banana No Added Sugar Yogurt 4x110g', 'product_price': '£1.25', 'product_additionals': '29p / 100g'}, {'shop': 'asda', 'url': 'https://groceries.asda.com/product/910002523074', 'product_name': 'Del Monte Squeezie Apple Strawberry & Banana', 'product_price': '£0.50', 'product_additionals': '(50.0p/100g)'}, {'shop': 'asda', 'url': 'https://groceries.asda.com/product/910002046737', 'product_name': "Dunn's River Original Banana Flavour Milk Drink", 'product_price': '£1.40', 'product_additionals': '(35.0p/100g)'}, {'shop': 'tesco', 'url': 'https://www.tesco.com/groceries/en-GB/products/271113227', 'product_name': 'Dunns River Nurishment Original Banana Flavoured 400G', 'product_price': '£ 1.40', 'product_additionals': '£0.35/100g'}, {'shop': 'tesco', 'url': 'https://www.tesco.com/groceries/en-GB/products/271413039', 'product_name': "Ella's Banana & Raisin Nibbly Fingers 5 X 25G", 'product_price': '£ 2.50', 'product_additionals': '£20.00/kg'}, {'shop': 'tesco', 'url': 'https://www.tesco.com/groceries/en-GB/products/271646345', 'product_name': "Ella's Kitchen Banana & Apricot Baby Rice 120G", 'product_price': '£ 1.10', 'product_additionals': '£9.17/kg'}, {'shop': 'tesco', 'url': 'https://www.tesco.com/groceries/en-GB/products/291314691', 'product_name': "Ella's Kitchen Banana & Cinnamon Muesli 215G", 'product_price': '£ 2.45', 'product_additionals': '£1.14/100g'}, {'shop': 'tesco', 'url': 'https://www.tesco.com/groceries/en-GB/products/292759370', 'product_name': "Ella's Kitchen Banana & Vanilla Bread Pudding 4X80g", 'product_price': '£ 1.75', 'product_additionals': '£4.87/kg'}, {'shop': 'tesco', 'url': 'https://www.tesco.com/groceries/en-GB/products/271028720', 'product_name': "Ella's Kitchen Bananas 70G", 'product_price': '£ 0.80', 'product_additionals': '£11.43/kg'}, {'shop': 'tesco', 'url': 'https://www.tesco.com/groceries/en-GB/products/286348001', 'product_name': "Ella's Kitchen Melty Puffs Strawberry Banana 20G", 'product_price': '£ 0.70', 'product_additionals': '£3.50/100g'}, {'shop': 'asda', 'url': 'https://groceries.asda.com/product/910002274084', 'product_name': "Ella's Kitchen Organic Banana and Cinnamon Dry Museli Baby Breakfast 10+ Months", 'product_price': '£2.30', 'product_additionals': 'No weight data'}, {'shop': 'asda', 'url': 'https://groceries.asda.com/product/910002651047', 'product_name': "Ella's Kitchen Organic Banana and Raisin Oaty Fingers Bars Multipack Snack 12+ Months", 'product_price': '£2.35', 'product_additionals': 'No weight data'}, {'shop': 'asda', 'url': 'https://groceries.asda.com/product/910002650221', 'product_name': "Ella's Kitchen Organic Banana and Vanilla Bread Pudding Baby Dessert Pot Multipack 7+ Months", 'product_price': '£1.70', 'product_additionals': 'No weight data'}, {'shop': 'tesco', 'url': 'https://www.tesco.com/groceries/en-GB/products/305435733', 'product_name': "Ella's Kitchen Organic Banana Apple Blueberry Baby Rice 120G", 'product_price': '£ 1.10', 'product_additionals': '£0.92/100g'}, {'shop': 'asda', 'url': 'https://groceries.asda.com/product/910000092481', 'product_name': "Ella's Kitchen Organic Banana Baby Brekkie Pouch 6+ Months", 'product_price': '£1.05', 'product_additionals': 'No weight data'}, {'shop': 'asda', 'url': 'https://groceries.asda.com/product/910002273510', 'product_name': "Ella's Kitchen Organic Banana Multigrain Baby Rice Pouch 4+ Months", 'product_price': '£2.30', 'product_additionals': 'No weight data'}, {'shop': 'sains', 'url': 'https://www.sainsburys.co.uk/shop/gb/groceries/product/details/all-price-lock/ellas-kitchen-organic-bananas-coconuts-pouch-4-months-120g', 'product_name': "Ella's Kitchen Organic Bananas & Coconuts Pouch 4+ Months 120g", 'product_price': '£1.00', 'product_additionals': '83p / 100g'}, {'shop': 'asda', 'url': 'https://groceries.asda.com/product/1000000470330', 'product_name': "Ella's Kitchen Organic Bananas and Apples Baby Pouch 4+ Months", 'product_price': '£1.05', 'product_additionals': 'No weight data'}, {'shop': 'asda', 'url': 'https://groceries.asda.com/product/910002273714', 'product_name': "Ella's Kitchen Organic Bananas and Coconuts Baby Pouch 4+ Months", 'product_price': '£1.05', 'product_additionals': 'No weight data'}, {'shop': 'asda', 'url': 'https://groceries.asda.com/product/910000530458', 'product_name': "Ella's Kitchen Organic Bananas First Tastes Baby Pouch 4+ Months", 'product_price': '£0.90', 'product_additionals': 'No weight data'}, {'shop': 'asda', 'url': 'https://groceries.asda.com/product/910001801510', 'product_name': "Ella's Kitchen Organic Bluberries, Apples, Bananas and Vanilla Baby Pouch 4+ Months", 'product_price': '£1.05', 'product_additionals': 'No weight data'}, {'shop': 'asda', 'url': 'https://groceries.asda.com/product/1000201691476', 'product_name': "Ella's Kitchen Organic Dairy Free Banana Yoghurt Alternative Baby Pouch 6+ Months", 'product_price': '£1.00', 'product_additionals': 'No weight data'}, {'shop': 'asda', 'url': 'https://groceries.asda.com/product/1000243014175', 'product_name': "Ella's Kitchen Organic Dairy Free Rice Pudding with Bananas + Strawberries Baby Pouch 7+ Months", 'product_price': '£1.30', 'product_additionals': 'No weight data'}, {'shop': 'asda', 'url': 'https://groceries.asda.com/product/1000054991276', 'product_name': "Ella's Kitchen Organic Mango and Banana Rice Cakes Baby Snack 7+ Months", 'product_price': '£1.00', 'product_additionals': 'No weight data'}, {'shop': 'tesco', 'url': 'https://www.tesco.com/groceries/en-GB/products/305437161', 'product_name': "Ella's Kitchen Organic Peach & Banana Melty Sticks 16G", 'product_price': '£ 1.00', 'product_additionals': '£62.50/kg'}, {'shop': 'asda', 'url': 'https://groceries.asda.com/product/1000059825288', 'product_name': "Ella's Kitchen Organic Peach and Banana Melty Sticks Baby Snack 7+ Months", 'product_price': '£0.75', 'product_additionals': 'No weight data'}, {'shop': 'asda', 'url': 'https://groceries.asda.com/product/910000224871', 'product_name': "Ella's Kitchen Organic Peaches and Bananas Baby Pouch 4+ Months", 'product_price': '£1.05', 'product_additionals': 'No weight data'}, {'shop': 'sains', 'url': 'https://www.sainsburys.co.uk/shop/gb/groceries/product/details/all-price-lock/ellas-organic-peaches---bananas--stage-1-120g', 'product_name': "Ella's Kitchen Organic Peaches and Bananas Baby Pouch 4+ Months 120g", 'product_price': '£1.00', 'product_additionals': '83p / 100g'}, {'shop': 'tesco', 'url': 'https://www.tesco.com/groceries/en-GB/products/305432108', 'product_name': "Ella's Kitchen Organic Strawberry & Banana Mini Puffs 4X8g", 'product_price': '£ 2.00', 'product_additionals': '£62.50/kg'}, {'shop': 'asda', 'url': 'https://groceries.asda.com/product/910001819336', 'product_name': "Ella's Kitchen Organic Strawberry and Banana Melty Puffs Baby Snack 6+ Months", 'product_price': '£0.75', 'product_additionals': 'No weight data'}, {'shop': 'asda', 'url': 'https://groceries.asda.com/product/1000201691543', 'product_name': "Ella's Kitchen Organic Strawberry and Banana Mini Puffs Multipack Baby Snack 10+ Months", 'product_price': '£2.00', 'product_additionals': 'No weight data'}, {'shop': 'asda', 'url': 'https://groceries.asda.com/product/910002075991', 'product_name': "Ella's Kitchen Organic Vanilla and Banana Baby Biscuits Multipack Snack 10+ Months", 'product_price': '£2.00', 'product_additionals': 'No weight data'}, {'shop': 'asda', 'url': 'https://groceries.asda.com/product/910002987680', 'product_name': "Ella's Kitchen Organic Vanilla and Banana Melty Hoops Baby Snack 10+ Months", 'product_price': '£0.75', 'product_additionals': 'No weight data'}, {'shop': 'asda', 'url': 'https://groceries.asda.com/product/1000000984240', 'product_name': 'FRijj Banana Flavour Milkshake', 'product_price': '£1.00', 'product_additionals': '(25.0p/100ml)'}, {'shop': 'tesco', 'url': 'https://www.tesco.com/groceries/en-GB/products/302328986', 'product_name': 'Frubes Banana & Strawberry Yogurts 9X37g', 'product_price': '£ 2.00', 'product_additionals': '£0.60/100g'}, {'shop': 'asda', 'url': 'https://groceries.asda.com/product/1000186791345', 'product_name': 'Frubes Strawberry and Banana Flavour Yogurt', 'product_price': '£1.00', 'product_additionals': '(30.0p/100g)'}, {'shop': 'tesco', 'url': 'https://www.tesco.com/groceries/en-GB/products/304786029', 'product_name': 'Fruit Bowl Banana Wheat Biscuit 24 450G', 'product_price': '£ 2.30', 'product_additionals': '£0.51/100g'}, {'shop': 'asda', 'url': 'https://groceries.asda.com/product/1000191935967', 'product_name': 'FUEL10K Banana & Chocolate High Protein Oat Muffin Pot', 'product_price': '£1.00', 'product_additionals': '(£1.67/100g)'}, {'shop': 'asda', 'url': 'https://groceries.asda.com/product/910001743535', 'product_name': 'FUEL10K High Protein Banana Breakfast Milk Drink', 'product_price': '£1.30', 'product_additionals': '(39.4p/100ml)'}, {'shop': 'sains', 'url': 'https://www.sainsburys.co.uk/shop/gb/groceries/product/details/gluten-free-cereal/fuel10k-high-protein-banana-breakfast-drink-330ml', 'product_name': 'FUEL10K High Protein Breakfast Milk Drink Banana 330ml', 'product_price': '£1.50', 'product_additionals': '45p / 100ml'}, {'shop': 'tesco', 'url': 'https://www.tesco.com/groceries/en-GB/products/307144779', 'product_name': 'Funktional Foods Vegan Protein Blend Banana 100G', 'product_price': '£ 3.00', 'product_additionals': '£30.00/kg'}, {'shop': 'asda', 'url': 'https://groceries.asda.com/product/1000109748224', 'product_name': 'Garnier Ultimate Blends Hair Food Banana 3-in-1 Dry Hair Mask Treatment', 'product_price': '£3.48', 'product_additionals': '(89.2p/100ml)'}, {'shop': 'asda', 'url': 'https://groceries.asda.com/product/1000194225936', 'product_name': 'Garnier Ultimate Blends Nourishing Banana Conditioner for Dry Hair', 'product_price': '£2.98', 'product_additionals': '(85.1p/100ml)'}, {'shop': 'asda', 'url': 'https://groceries.asda.com/product/1000194225937', 'product_name': 'Garnier Ultimate Blends Nourishing Banana Shampoo for Dry Hair', 'product_price': '£2.98', 'product_additionals': '(85.1p/100ml)'}, {'shop': 'tesco', 'url': 'https://www.tesco.com/groceries/en-GB/products/304868602', 'product_name': 'Goodbelly Oat Flakes With Banana & Blueberry 350G', 'product_price': '£ 3.50', 'product_additionals': '£1.00/100g'}, {'shop': 'asda', 'url': 'https://groceries.asda.com/product/910000481254', 'product_name': 'Grace Salted Green Banana Chips', 'product_price': '£0.90', 'product_additionals': '(£1.06/100g)'}, {'shop': 'asda', 'url': 'https://groceries.asda.com/product/1000016028172', 'product_name': 'Graze Protein Bites Banana Oat Squares', 'product_price': '£2.49', 'product_additionals': '(£2.08/100g)'}, {'shop': 'asda', 'url': 'https://groceries.asda.com/product/1000072591731', 'product_name': 'Grenade Carb Killa High Protein Shake Banana Armour Chocolate Banana', 'product_price': '£2.50', 'product_additionals': 'No weight data'}, {'shop': 'tesco', 'url': 'https://www.tesco.com/groceries/en-GB/products/265160818', 'product_name': 'Happy Monkey Strawberries & Bananas 4 Pack', 'product_price': '£ 2.00', 'product_additionals': '£0.28/100ml'}, {'shop': 'asda', 'url': 'https://groceries.asda.com/product/910000468383', 'product_name': 'Happy Monkey Strawberry & Banana Smoothie', 'product_price': '£2.00', 'product_additionals': 'No weight data'}, {'shop': 'sains', 'url': 'https://www.sainsburys.co.uk/shop/gb/groceries/product/details/price-lock-baby-toddler/heinz-7-months-first-steps-oaty-banana-porridge-240g', 'product_name': 'Heinz 7+ Months First Steps Oaty Banana Porridge 240g', 'product_price': '£2.65', 'product_additionals': '£1.10 / 100g'}, {'shop': 'asda', 'url': 'https://groceries.asda.com/product/1000246462060', 'product_name': 'Heinz Apple, Banana & Cereal Fruit Pouch 6+ Months', 'product_price': '£0.80', 'product_additionals': 'No weight data'}, {'shop': 'asda', 'url': 'https://groceries.asda.com/product/1000246462080', 'product_name': 'Heinz Apple, Banana & Watermelon Fruit Pouch 6+ Months', 'product_price': '£0.80', 'product_additionals': 'No weight data'}, {'shop': 'tesco', 'url': 'https://www.tesco.com/groceries/en-GB/products/267999318', 'product_name': 'Heinz Banana Biscotti 60G', 'product_price': '£ 0.70', 'product_additionals': '£11.67/kg'}, {'shop': 'asda', 'url': 'https://groceries.asda.com/product/910000387334', 'product_name': 'Heinz Banana Biscotti 7+ Months', 'product_price': '£0.67', 'product_additionals': 'No weight data'}, {'shop': 'sains', 'url': 'https://www.sainsburys.co.uk/shop/gb/groceries/product/details/all-price-lock/heinz-banana-bicotti-60g', 'product_name': 'Heinz Banana Biscotti Snack 60g 7 Month+', 'product_price': '75p', 'product_additionals': '£1.25 / 100g'}, {'shop': 'sains', 'url': 'https://www.sainsburys.co.uk/shop/gb/groceries/product/details/price-lock-baby-toddler/heinz-banana-bicotti-60g', 'product_name': 'Heinz Banana Biscotti Snack 60g 7 Month+', 'product_price': '75p', 'product_additionals': '£1.25 / 100g'}, {'shop': 'tesco', 'url': 'https://www.tesco.com/groceries/en-GB/products/299234140', 'product_name': 'Heinz Banana Custard 4X100g', 'product_price': '£ 1.60', 'product_additionals': '£4.00/kg'}, {'shop': 'tesco', 'url': 'https://www.tesco.com/groceries/en-GB/products/304379766', 'product_name': 'Heinz By Nature Apple Banana Apricot 4 Month Plus 4 X 100G', 'product_price': '£ 1.35', 'product_additionals': '£3.38/kg'}, {'shop': 'asda', 'url': 'https://groceries.asda.com/product/1000195178733', 'product_name': 'Heinz By Nature Apple, Apricot, Banana & Orange 6+ Months', 'product_price': '£0.65', 'product_additionals': 'No weight data'}, {'shop': 'asda', 'url': 'https://groceries.asda.com/product/1000123650072', 'product_name': 'Heinz By Nature Apple, Banana & Apricot 4+ Months', 'product_price': '£1.20', 'product_additionals': 'No weight data'}, {'shop': 'asda', 'url': 'https://groceries.asda.com/product/1000019306634', 'product_name': 'Heinz By Nature Apple, Pear & Banana 4+ Months', 'product_price': '£0.80', 'product_additionals': 'No weight data'}, {'shop': 'asda', 'url': 'https://groceries.asda.com/product/1000019306987', 'product_name': 'Heinz By Nature Fruity Banana Custard 4+ Months', 'product_price': '£1.20', 'product_additionals': 'No weight data'}, {'shop': 'asda', 'url': 'https://groceries.asda.com/product/1000123650097', 'product_name': 'Heinz By Nature Fruity Banana Yogurt 4+ Months', 'product_price': '£1.20', 'product_additionals': 'No weight data'}, {'shop': 'asda', 'url': 'https://groceries.asda.com/product/1000019306770', 'product_name': 'Heinz By Nature Peach, Mango, Banana & Apple 4+ Months', 'product_price': '£3.00', 'product_additionals': 'No weight data'}, {'shop': 'asda', 'url': 'https://groceries.asda.com/product/1000019306867', 'product_name': 'Heinz By Nature Peach, Mango, Banana & Apple 4+ Months', 'product_price': '£0.80', 'product_additionals': 'No weight data'}, {'shop': 'asda', 'url': 'https://groceries.asda.com/product/1000019306976', 'product_name': 'Heinz By Nature Strawberry, Banana, Raspberry & Apple 4+ Months', 'product_price': '£0.80', 'product_additionals': 'No weight data'}, {'shop': 'asda', 'url': 'https://groceries.asda.com/product/1000019306623', 'product_name': 'Heinz By Nature Strawberry, Banana, Raspberry & Apple 4+ Months', 'product_price': '£3.00', 'product_additionals': 'No weight data'}, {'shop': 'tesco', 'url': 'https://www.tesco.com/groceries/en-GB/products/276867761', 'product_name': 'Heinz Fruit Pouch Peach Mango & Banana 100G', 'product_price': '£ 1.00', 'product_additionals': '£1.00/100g'}, {'shop': 'asda', 'url': 'https://groceries.asda.com/product/910002650983', 'product_name': 'Heinz Oat & Banana Multigrain 7+ Months', 'product_price': '£2.95', 'product_additionals': 'No weight data'}, {'shop': 'asda', 'url': 'https://groceries.asda.com/product/910002366223', 'product_name': 'Heinz Strawberry and Banana Biscotti 7+ Months', 'product_price': '£0.67', 'product_additionals': 'No weight data'}, {'shop': 'asda', 'url': 'https://groceries.asda.com/product/910002650890', 'product_name': 'Heinz Sunrise Banana Baby Porridge 6+ Months', 'product_price': '£2.95', 'product_additionals': 'No weight data'}, {'shop': 'asda', 'url': 'https://groceries.asda.com/product/1000111689972', 'product_name': 'HiPP Apple & Banana Swiss Style Muesli Baby Cereal 7+ Months', 'product_price': '£2.15', 'product_additionals': 'No weight data'}, {'shop': 'asda', 'url': 'https://groceries.asda.com/product/1000111689983', 'product_name': 'HiPP Banana & Plum Muesli Baby Cereal 10+ Months', 'product_price': '£2.25', 'product_additionals': 'No weight data'}, {'shop': 'asda', 'url': 'https://groceries.asda.com/product/1000054229292', 'product_name': 'HiPP Banana Rice Breakfast Baby Food Jar 4+ Months', 'product_price': '£0.70', 'product_additionals': 'No weight data'}, {'shop': 'asda', 'url': 'https://groceries.asda.com/product/2133502', 'product_name': 'HiPP Banana Yogurt Breakfast Baby Food Jar 6+ Months', 'product_price': '£0.70', 'product_additionals': 'No weight data'}, {'shop': 'asda', 'url': 'https://groceries.asda.com/product/75631072', 'product_name': 'HiPP Fruit Layer Mango & Banana Topped With Yogurt Baby Food Jar 7+ Months', 'product_price': '£0.85', 'product_additionals': 'No weight data'}, {'shop': 'sains', 'url': 'https://www.sainsburys.co.uk/shop/gb/groceries/product/details/all-price-lock/hipp-org-banana-rice-breakfast-125g', 'product_name': 'HiPP Organic Banana Rice Breakfast 4+ Months 125g', 'product_price': '60p', 'product_additionals': '48p / 100g'}, {'shop': 'sains', 'url': 'https://www.sainsburys.co.uk/shop/gb/groceries/product/details/all-price-lock/hipp-organic-stage-1--banana--yoghurt-breakfast-125g', 'product_name': 'HiPP Organic Banana Yogurt Breakfast 125g', 'product_price': '60p', 'product_additionals': '48p / 100g'}, {'shop': 'sains', 'url': 'https://www.sainsburys.co.uk/shop/gb/groceries/product/details/price-lock-baby-toddler/hipp-organic-stage-1--banana--yoghurt-breakfast-125g', 'product_name': 'HiPP Organic Banana Yogurt Breakfast 125g', 'product_price': '60p', 'product_additionals': '48p / 100g'}, {'shop': 'sains', 'url': 'https://www.sainsburys.co.uk/shop/gb/groceries/product/details/all-price-lock/hipp-organic-mango---banana-with-yogurt-160g', 'product_name': 'HiPP Organic Mango & Banana With Yogurt Jar 160g 7 Month+', 'product_price': '70p', 'product_additionals': '44p / 100g'}, {'shop': 'sains', 'url': 'https://www.sainsburys.co.uk/shop/gb/groceries/product/details/milk-flavoured-milk/holy-moly:-banana-nut-shake-750ml', 'product_name': 'Holy Moly Banana Nut Shake 750ml', 'product_price': '£3.80', 'product_additionals': '£5.07 / ltr'}, {'shop': 'sains', 'url': 'https://www.sainsburys.co.uk/shop/gb/groceries/product/details/vegetarian-food/holy-moly:-banana-nut-shake-750ml', 'product_name': 'Holy Moly Banana Nut Shake 750ml', 'product_price': '£3.80', 'product_additionals': '£5.07 / ltr'}, {'shop': 'sains', 'url': 'https://www.sainsburys.co.uk/shop/gb/groceries/product/details/plant-based-drinks/holy-moly:-banana-nut-shake-750ml', 'product_name': 'Holy Moly Banana Nut Shake 750ml', 'product_price': '£3.80', 'product_additionals': '£5.07 / ltr'}, {'shop': 'asda', 'url': 'https://groceries.asda.com/product/910000485060', 'product_name': 'Innocent Pineapple Banana & Coconut Smoothie', 'product_price': '£2.00', 'product_additionals': 'No weight data'}, {'shop': 'tesco', 'url': 'https://www.tesco.com/groceries/en-GB/products/253845148', 'product_name': 'Innocent Strawberries & Bananas 250Ml', 'product_price': '£ 1.79', 'product_additionals': '£0.72/100ml'}, {'shop': 'coop', 'url': 'https://www.coop.co.uk/products/innocent-strawberries-and-bananas-smoothie-750ml', 'product_name': 'Innocent Strawberries and Bananas Smoothie 750ml', 'product_price': '£3.35', 'product_additionals': '750ml (26.7p per 100ml)'}, {'shop': 'asda', 'url': 'https://groceries.asda.com/product/910000485447', 'product_name': 'Innocent Strawberry & Banana Smoothie', 'product_price': '£2.00', 'product_additionals': 'No weight data'}, {'shop': 'tesco', 'url': 'https://www.tesco.com/groceries/en-GB/products/305154921', 'product_name': 'Joie Banana Pod', 'product_price': '£ 3.00', 'product_additionals': '£3.00/each'}, {'shop': 'asda', 'url': 'https://groceries.asda.com/product/1000195178632', 'product_name': 'Kiddylicious Banana & Pumpkin Melty Buttons', 'product_price': '£2.00', 'product_additionals': 'No weight data'}, {'shop': 'tesco', 'url': 'https://www.tesco.com/groceries/en-GB/products/305255053', 'product_name': 'Kiddylicious Banana & Strawberry Juicy Fruit Bar5x20g', 'product_price': '£ 2.35', 'product_additionals': '£23.50/kg'}, {'shop': 'asda', 'url': 'https://groceries.asda.com/product/1000195178778', 'product_name': 'Kiddylicious Banana & Strawberry Juicy Fruit Bars 12+ Months', 'product_price': '£1.75', 'product_additionals': 'No weight data'}, {'shop': 'asda', 'url': 'https://groceries.asda.com/product/910002273733', 'product_name': 'Kiddylicious Banana Fruity Puffs 7+ Months', 'product_price': '£1.75', 'product_additionals': 'No weight data'}, {'shop': 'tesco', 'url': 'https://www.tesco.com/groceries/en-GB/products/301892721', 'product_name': 'Kiddylicious Banana Soft Biscotti 6X20g', 'product_price': '£ 2.20', 'product_additionals': '£18.34/kg'}, {'shop': 'asda', 'url': 'https://groceries.asda.com/product/1000054483180', 'product_name': 'Kiddylicious Banana Soft Biscotti 7+ Months', 'product_price': '£2.00', 'product_additionals': 'No weight data'}, {'shop': 'asda', 'url': 'https://groceries.asda.com/product/1000108539148', 'product_name': 'Kiddylicious Banana Wafers 6+ Months', 'product_price': '£1.30', 'product_additionals': 'No weight data'}, {'shop': 'asda', 'url': 'https://groceries.asda.com/product/910001705972', 'product_name': 'Kiddylicious Banana Wafers 6+ Months', 'product_price': '£2.00', 'product_additionals': 'No weight data'}, {'shop': 'asda', 'url': 'https://groceries.asda.com/product/1000243014169', 'product_name': 'Kiddylicious Banana, Mango & Passion Fruit Smoothie Melts 12+ Months', 'product_price': '£2.20', 'product_additionals': 'No weight data'}, {'shop': 'tesco', 'url': 'https://www.tesco.com/groceries/en-GB/products/305252407', 'product_name': 'Kiddylicious Buttons Banana & Pumpkin 30G', 'product_price': '£ 2.50', 'product_additionals': '£83.34/kg'}, {'shop': 'asda', 'url': 'https://groceries.asda.com/product/1000026958496', 'product_name': 'Kiddylicious Mini Banana Coconut Rolls 12+ Months', 'product_price': '£2.00', 'product_additionals': 'No weight data'}, {'shop': 'asda', 'url': 'https://groceries.asda.com/product/1000243014246', 'product_name': 'Kiddylicious Strawberry & Banana Smoothie Melts 12+ Months', 'product_price': '£2.20', 'product_additionals': 'No weight data'}, {'shop': 'asda', 'url': 'https://groceries.asda.com/product/910000854438', 'product_name': 'Kiddylicious Strawberry & Banana Smoothie Melts 12+ Months', 'product_price': '£0.50', 'product_additionals': 'No weight data'}, {'shop': 'tesco', 'url': 'https://www.tesco.com/groceries/en-GB/products/273925110', 'product_name': 'Kiddylicious Strawberry & Banana Smoothie Melts 6G', 'product_price': '£ 0.55', 'product_additionals': '£91.67/kg'}, {'shop': 'tesco', 'url': 'https://www.tesco.com/groceries/en-GB/products/286671458', 'product_name': 'Kiddylicious Wafers Banana 40G', 'product_price': '£ 2.10', 'product_additionals': '£5.25/100g'}, {'shop': 'tesco', 'url': 'https://www.tesco.com/groceries/en-GB/products/280823888', 'product_name': 'Kubus Apple & Banana Mousse 100G', 'product_price': '£ 0.55', 'product_additionals': '£0.55/100g'}, {'shop': 'tesco', 'url': 'https://www.tesco.com/groceries/en-GB/products/279842342', 'product_name': 'Kubus Apple Banana Carrot & Strawberry Mousse 100G', 'product_price': '£ 0.55', 'product_additionals': '£0.55/100g'}, {'shop': 'tesco', 'url': 'https://www.tesco.com/groceries/en-GB/products/300420390', 'product_name': 'Kubus Banana & Strawberry 100% Drink 300Ml', 'product_price': '£ 0.60', 'product_additionals': '£0.20/100ml'}, {'shop': 'tesco', 'url': 'https://www.tesco.com/groceries/en-GB/products/300413139', 'product_name': 'Kubus Carrot Banana & Apple 100% Juice 900Ml', 'product_price': '£ 1.20', 'product_additionals': '£0.13/100ml'}, {'shop': 'asda', 'url': 'https://groceries.asda.com/product/910000332521', 'product_name': 'Kubus Carrot, Banana, Apple Multifruit Juice Drink', 'product_price': '£1.10', 'product_additionals': '(12.2p/100ml)'}, {'shop': 'sains', 'url': 'https://www.sainsburys.co.uk/shop/gb/groceries/product/details/gluten-free-biscuits-and-chocolates/lärabar-banana-choc-chip-fruit-nut-bar-3x45g', 'product_name': 'Lärabar Banana Choc Chip Fruit & Nut Bar 3x45g', 'product_price': '£3.00', 'product_additionals': '£2.22 / 100g'}, {'shop': 'sains', 'url': 'https://www.sainsburys.co.uk/shop/gb/groceries/product/details/all-gluten-free-food-and-drink/lärabar-banana-choc-chip-fruit-nut-bar-3x45g', 'product_name': 'Lärabar Banana Choc Chip Fruit & Nut Bar 3x45g', 'product_price': '£3.00', 'product_additionals': '£2.22 / 100g'}, {'shop': 'asda', 'url': 'https://groceries.asda.com/product/1000219746226', 'product_name': 'Little Bandits Banana Coconut Pot', 'product_price': '£1.65', 'product_additionals': 'No weight data'}, {'shop': 'asda', 'url': 'https://groceries.asda.com/product/1000062124539', 'product_name': 'Little Coco Nutters Strawberry & Banana Coconut Yogurt Alternative', 'product_price': '£1.00', 'product_additionals': 'No weight data'}, {'shop': 'tesco', 'url': 'https://www.tesco.com/groceries/en-GB/products/302329328', 'product_name': 'Little Coco Nutters Strawberry & Banana Puree 90G', 'product_price': '£ 1.00', 'product_additionals': '£1.12/100g'}, {'shop': 'sains', 'url': 'https://www.sainsburys.co.uk/shop/gb/groceries/product/details/top-rated-44/little-freddie-organic-blueberry---banana-greek-style-yoghurt-100g-7958105-p', 'product_name': 'Little Freddie Organic Blueberry & Banana Greek Style Yoghurt 100g', 'product_price': '£1.25', 'product_additionals': '£1.25 / 100g'}, {'shop': 'asda', 'url': 'https://groceries.asda.com/product/66296755', 'product_name': 'Longley Farm Banana Yogurt', 'product_price': '£0.42', 'product_additionals': 'No weight data'}, {'shop': 'sains', 'url': 'https://www.sainsburys.co.uk/shop/gb/groceries/product/details/organic-dairy-products/mia-ben-banana-mango-organic-100g', 'product_name': 'Mia & Ben Super Food for Kids Banana, Mango & Pineapple 6+ Months 100g', 'product_price': '£1.20', 'product_additionals': '£1.20 / 100g'}, {'shop': 'sains', 'url': 'https://www.sainsburys.co.uk/shop/gb/groceries/product/details/all-yogurt/mia-ben-banana-mango-organic-100g', 'product_name': 'Mia & Ben Super Food for Kids Banana, Mango & Pineapple 6+ Months 100g', 'product_price': '£1.20', 'product_additionals': '£1.20 / 100g'}, {'shop': 'sains', 'url': 'https://www.sainsburys.co.uk/shop/gb/groceries/product/details/about-future-brands/mia-ben-banana-mango-organic-100g', 'product_name': 'Mia & Ben Super Food for Kids Banana, Mango & Pineapple 6+ Months 100g', 'product_price': '£1.20', 'product_additionals': '£1.20 / 100g'}, {'shop': 'sains', 'url': 'https://www.sainsburys.co.uk/shop/gb/groceries/product/details/vegan-food/mightybee-bananito-solar-dried-banana-bar-dark-chocolate-dipped-25g', 'product_name': 'MightyBee Bananito Solar Dried Banana Bar Dark Chocolate Dipped 25g', 'product_price': '75p', 'product_additionals': '£3.00 / 100g'}, {'shop': 'tesco', 'url': 'https://www.tesco.com/groceries/en-GB/products/303672529', 'product_name': 'Muller Corner Banana Yogurt Chocolate Flakes 130G', 'product_price': '£ 0.60', 'product_additionals': '£0.46/100g'}, {'shop': 'asda', 'url': 'https://groceries.asda.com/product/1000120228335', 'product_name': 'Muller Corner Banana Yogurt with Chocolate Flakes', 'product_price': '£0.55', 'product_additionals': '(42.3p/100g)'}, {'shop': 'sains', 'url': 'https://www.sainsburys.co.uk/shop/gb/groceries/product/details/single-pots-and-corner-yogurt/muller-corner-banana-chocolate-flake-135g', 'product_name': 'Müller Corner Banana Yogurt with Chocolate Flakes 130g', 'product_price': '35p', 'product_additionals': '27p / 100g'}, {'shop': 'asda', 'url': 'https://groceries.asda.com/product/1000206330944', 'product_name': 'Muller Corner Skyr Banana & Almond Granola Yogurt', 'product_price': '£1.20', 'product_additionals': '(66.7p/100g)'}, {'shop': 'sains', 'url': 'https://www.sainsburys.co.uk/shop/gb/groceries/product/details/muller-yogurt/muller-corner-vanilla---banana-yogurts-with-chocolate-balls-6-x-130g-7553576-p', 'product_name': 'Muller Corner Vanilla & Banana Yogurts with Chocolate Balls 6 x 130g', 'product_price': '£3.00', 'product_additionals': '38p / 100g'}, {'shop': 'asda', 'url': 'https://groceries.asda.com/product/1000120228326', 'product_name': 'Muller Corner Vanilla Chocolate Balls & Banana Chocolate Flakes Yogurt', 'product_price': '£1.99', 'product_additionals': '(25.5p/100g)'}, {'shop': 'tesco', 'url': 'https://www.tesco.com/groceries/en-GB/products/303694859', 'product_name': 'Muller Corner Yogurt Vanilla Chocolate Balls Banana Flakes 6X130g', 'product_price': '£ 2.00', 'product_additionals': '£0.26/100g'}, {'shop': 'tesco', 'url': 'https://www.tesco.com/groceries/en-GB/products/303668126', 'product_name': 'Muller Light Banana Custard Yogurt 160G', 'product_price': '£ 0.60', 'product_additionals': '£0.38/100g'}, {'shop': 'asda', 'url': 'https://groceries.asda.com/product/1000116808339', 'product_name': 'Muller Light Fat Free Banana and Custard Yogurt', 'product_price': '£0.55', 'product_additionals': '(34.4p/100g)'}, {'shop': 'sains', 'url': 'https://www.sainsburys.co.uk/shop/gb/groceries/product/details/single-pots-and-corner-yogurt/mullerlight-banana---custard-175g', 'product_name': 'Müller Light Fat Free Smooth Banana & Custard Yogurt 160g', 'product_price': '50p', 'product_additionals': '31p / 100g'}, {'shop': 'asda', 'url': 'https://groceries.asda.com/product/910000446282', 'product_name': 'Munch Bunch Double Up Strawberry & Banana Yogurts', 'product_price': '£1.00', 'product_additionals': '(29.4p/100g)'}, {'shop': 'tesco', 'url': 'https://www.tesco.com/groceries/en-GB/products/268776736', 'product_name': 'Munch Bunch Double Up Strawberry Banana Fromage Frais 4X85g', 'product_price': '£ 1.50', 'product_additionals': '£0.44/100g'}, {'shop': 'tesco', 'url': 'https://www.tesco.com/groceries/en-GB/products/300113039', 'product_name': 'Naked Green Machine Apple Banana Smoothie 360Ml', 'product_price': '£ 2.36', 'product_additionals': '£0.66/100ml'}, {'shop': 'asda', 'url': 'https://groceries.asda.com/product/1000211259512', 'product_name': 'Naked Zing Strawberry, Banana & Lime Smoothie', 'product_price': '£2.00', 'product_additionals': 'No weight data'}, {'shop': 'asda', 'url': 'https://groceries.asda.com/product/18232503', 'product_name': 'Nesquik Banana Milkshake Mix', 'product_price': '£1.50', 'product_additionals': '(50.0p/100g)'}, {'shop': 'tesco', 'url': 'https://www.tesco.com/groceries/en-GB/products/253117588', 'product_name': 'Nesquik Banana Powder 300G', 'product_price': '£ 2.30', 'product_additionals': '£0.77/100g'}, {'shop': 'tesco', 'url': 'https://www.tesco.com/groceries/en-GB/products/287001289', 'product_name': 'Organix Banana & Date 6 X 17G', 'product_price': '£ 2.00', 'product_additionals': '£1.97/100g'}, {'shop': 'tesco', 'url': 'https://www.tesco.com/groceries/en-GB/products/282266392', 'product_name': 'Organix Banana & Plum Porridge 200G', 'product_price': '£ 2.50', 'product_additionals': '£1.25/100g'}, {'shop': 'tesco', 'url': 'https://www.tesco.com/groceries/en-GB/products/278215142', 'product_name': 'Organix Banana & Raspberry Stage3 Muesli 200G', 'product_price': '£ 2.70', 'product_additionals': '£1.35/100g'}, {'shop': 'tesco', 'url': 'https://www.tesco.com/groceries/en-GB/products/276778019', 'product_name': 'Organix Banana Rice Cake 50G', 'product_price': '£ 1.20', 'product_additionals': '£2.40/100g'}, {'shop': 'asda', 'url': 'https://groceries.asda.com/product/910002009500', 'product_name': 'Organix Banana Ring Biscuits 10+ Months', 'product_price': '£1.30', 'product_additionals': 'No weight data'}, {'shop': 'sains', 'url': 'https://www.sainsburys.co.uk/shop/gb/groceries/product/details/all-price-lock/organix-goodies--soft-oaty-banana-bars-6x30g', 'product_name': 'Organix Banana Soft Oaty Bars 6x30g', 'product_price': '£2.20', 'product_additionals': '£1.22 / 100g'}, {'shop': 'asda', 'url': 'https://groceries.asda.com/product/910001267720', 'product_name': 'Organix Goodies Banana Oaty Bars 12+ Months', 'product_price': '£2.00', 'product_additionals': 'No weight data'}, {'shop': 'tesco', 'url': 'https://www.tesco.com/groceries/en-GB/products/283608321', 'product_name': 'Organix Goodies Banana Oaty Bars 6 X 30G', 'product_price': '£ 2.50', 'product_additionals': '£13.89/kg'}, {'shop': 'asda', 'url': 'https://groceries.asda.com/product/910002376285', 'product_name': 'Organix Goodies Banana Puffcorn 12+ Months', 'product_price': '£1.50', 'product_additionals': 'No weight data'}, {'shop': 'tesco', 'url': 'https://www.tesco.com/groceries/en-GB/products/295460337', 'product_name': 'Organix Goodies Banana Puffcorn 4 X 10G', 'product_price': '£ 1.95', 'product_additionals': '£4.88/100g'}, {'shop': 'asda', 'url': 'https://groceries.asda.com/product/910001694237', 'product_name': 'Organix Goodies Chunky Banana & Date Fruit Bars 12+ Months', 'product_price': '£1.75', 'product_additionals': 'No weight data'}, {'shop': 'asda', 'url': 'https://groceries.asda.com/product/1000172735664', 'product_name': 'Organix Mini Organic Oat & Banana Flapjack Toddler Snacks 12+ Months', 'product_price': '£2.00', 'product_additionals': 'No weight data'}, {'shop': 'tesco', 'url': 'https://www.tesco.com/groceries/en-GB/products/306662393', 'product_name': 'Oykos Signature Gooey Caramel Banana & Almond 2X105g', 'product_price': '£ 1.50', 'product_additionals': '£0.72/100g'}, {'shop': 'tesco', 'url': 'https://www.tesco.com/groceries/en-GB/products/306952044', 'product_name': 'Palm Beach Banana & Butterscotch Rum Liqueur 50Cl', 'product_price': '£ 9.99', 'product_additionals': '£19.98/litre'}, {'shop': 'asda', 'url': 'https://groceries.asda.com/product/910001457934', 'product_name': 'Petits Filous Banana & Strawberry Yogurt', 'product_price': '£1.70', 'product_additionals': '(60.3p/100g)'}, {'shop': 'tesco', 'url': 'https://www.tesco.com/groceries/en-GB/products/304398714', 'product_name': 'Petits Filous No Added Sugar Apple Pear & Banana Fromage Frais 6 X 47G', 'product_price': '£ 1.50', 'product_additionals': '£0.53/100g'}, {'shop': 'asda', 'url': 'https://groceries.asda.com/product/1000161871336', 'product_name': 'Petits Filous No Added Sugar Strawberry & Banana Yogurts', 'product_price': '£1.70', 'product_additionals': '(60.3p/100g)'}, {'shop': 'tesco', 'url': 'https://www.tesco.com/groceries/en-GB/products/304375298', 'product_name': 'Petits Filous No Added Sugar Strawberry Banana Fromage Frais 6 X 47G', 'product_price': '£ 1.50', 'product_additionals': '£0.53/100g'}, {'shop': 'tesco', 'url': 'https://www.tesco.com/groceries/en-GB/products/299583859', 'product_name': 'Piccolo Organic Banana Blueberry & Apple Baby Food 100G', 'product_price': '£ 1.10', 'product_additionals': '£11.00/kg'}, {'shop': 'asda', 'url': 'https://groceries.asda.com/product/910002685057', 'product_name': 'Piccolo Organic Banana, Blueberry & Apple from 4+ Months', 'product_price': '£1.10', 'product_additionals': 'No weight data'}, {'shop': 'asda', 'url': 'https://groceries.asda.com/product/910003223794', 'product_name': 'Piccolo Organic Banana, Coconut & Baby Rice from 4+ Months', 'product_price': '£1.10', 'product_additionals': 'No weight data'}, {'shop': 'asda', 'url': 'https://groceries.asda.com/product/910001311058', 'product_name': 'Piriteze Allergy Syrup Sugar Free Banana Flavour', 'product_price': '£4.96', 'product_additionals': 'No weight data'}, {'shop': 'sains', 'url': 'https://www.sainsburys.co.uk/shop/gb/groceries/product/details/vegetarian-food/plant-pioneers-banana-blossom-in-water-400g', 'product_name': 'Plant Pioneers Banana Blossom in Water 400g', 'product_price': '£1.50', 'product_additionals': '£3.75 / kg'}, {'shop': 'sains', 'url': 'https://www.sainsburys.co.uk/shop/gb/groceries/product/details/plant-pioneers-44/plant-pioneers-banana-blossom-in-water-400g', 'product_name': 'Plant Pioneers Banana Blossom in Water 400g', 'product_price': '£1.50', 'product_additionals': '£3.75 / kg'}, {'shop': 'sains', 'url': 'https://www.sainsburys.co.uk/shop/gb/groceries/product/details/plant-pioneers/plant-pioneers-banana-blossom-in-water-400g', 'product_name': 'Plant Pioneers Banana Blossom in Water 400g', 'product_price': '£1.50', 'product_additionals': '£3.75 / kg'}, {'shop': 'tesco', 'url': 'https://www.tesco.com/groceries/en-GB/products/266225413', 'product_name': 'Pronto Porridge Mix Banana 120G', 'product_price': '£ 0.60', 'product_additionals': '£0.50/100g'}, {'shop': 'asda', 'url': 'https://groceries.asda.com/product/78769040', 'product_name': 'Pronto Pre-Cooked Cornmeal Porridge Mix Banana', 'product_price': '£0.65', 'product_additionals': '(54.2p/100g)'}, {'shop': 'tesco', 'url': 'https://www.tesco.com/groceries/en-GB/products/307366212', 'product_name': 'Quaker Oat So Simple Banana Porridge 10 Sachets 348G', 'product_price': '£ 2.00', 'product_additionals': '£0.58/100g'}, {'shop': 'sains', 'url': 'https://www.sainsburys.co.uk/shop/gb/groceries/product/details/all-fruit/sainsburys-fairtrade-bananas--so-organic', 'product_name': "Sainsbury's Fairtrade Bananas, SO Organic", 'product_price': '£1.40 / kg', 'product_additionals': '£1.40 / kg'}, {'shop': 'sains', 'url': 'https://www.sainsburys.co.uk/shop/gb/groceries/product/details/all-organic-/sainsburys-fairtrade-bananas--so-organic-x5', 'product_name': "Sainsbury's Fairtrade Bananas, SO Organic x6", 'product_price': '£1.35', 'product_additionals': '23p / ea'}, {'shop': 'sains', 'url': 'https://www.sainsburys.co.uk/shop/gb/groceries/product/details/all-fruit/sainsburys-fairtrade-small-bananas-x5-7553289-p-44', 'product_name': "Sainsbury's Fairtrade Small Bananas x5", 'product_price': '60p', 'product_additionals': '12p / ea'}, {'shop': 'sains', 'url': 'https://www.sainsburys.co.uk/shop/gb/groceries/product/details/smoothie-mixes-294304-44/sainsburys-frozen-berry-banana-smoothie-mix-strawberry---banana-480g', 'product_name': "Sainsbury's Frozen Berry Banana Smoothie Mix Strawberry & Banana 480g", 'product_price': '£2.00', 'product_additionals': '42p / 100g'}, {'shop': 'sains', 'url': 'https://www.sainsburys.co.uk/shop/gb/groceries/product/details/new-355373-44/sainsburys-home-banana-plush-pencil-case-132775490-p', 'product_name': "Sainsbury's Home Banana Plush Pencil Case", 'product_price': '£5.00', 'product_additionals': '£5.00 / ea'}, {'shop': 'sains', 'url': 'https://www.sainsburys.co.uk/shop/gb/groceries/product/details/all-fruit/sainsburys-ripen-at-home-bananas', 'product_name': "Sainsbury's Ripen At Home Bananas", 'product_price': '69p', 'product_additionals': '69p / ea'}, {'shop': 'sains', 'url': 'https://www.sainsburys.co.uk/shop/gb/groceries/product/details/make-a-smoothie/sainsburys-eric---friends-small-bananas--fairtrade-x8', 'product_name': "Sainsbury's Small Bananas, Fairtrade x8", 'product_price': '£1.05', 'product_additionals': '13p / ea'}, {'shop': 'sains', 'url': 'https://www.sainsburys.co.uk/shop/gb/groceries/product/details/milk-flavoured-milk/shaken-udder-top-banana!-banana-milkshake-330ml', 'product_name': 'Shaken Udder Top Banana! Banana Milkshake 330ml', 'product_price': '£1.40', 'product_additionals': '42p / 100ml'}, {'shop': 'tesco', 'url': 'https://www.tesco.com/groceries/en-GB/products/267473556', 'product_name': 'Sis. Go Energy Bar Banana 40G', 'product_price': '£ 1.15', 'product_additionals': '£2.88/100g'}, {'shop': 'asda', 'url': 'https://groceries.asda.com/product/1000217307770', 'product_name': 'Soreen Banana Fruit Loaf', 'product_price': '£0.60', 'product_additionals': '(60.0p/each)'}, {'shop': 'sains', 'url': 'https://www.sainsburys.co.uk/shop/gb/groceries/product/details/easter-special-offers/soreen-banana-loaf-260g', 'product_name': 'Soreen Banana Loaf 260g', 'product_price': '£1.30', 'product_additionals': '50p / 100g'}, {'shop': 'sains', 'url': 'https://www.sainsburys.co.uk/shop/gb/groceries/product/details/all-easter-/soreen-banana-loaf-260g', 'product_name': 'Soreen Banana Loaf 260g', 'product_price': '£1.30', 'product_additionals': '50p / 100g'}, {'shop': 'tesco', 'url': 'https://www.tesco.com/groceries/en-GB/products/267257949', 'product_name': 'Soreen Banana Loaf Each', 'product_price': '£ 1.20', 'product_additionals': '£1.20/each'}, {'shop': 'asda', 'url': 'https://groceries.asda.com/product/910001420636', 'product_name': 'Soreen Banana Lunchbox Loaves', 'product_price': '£1.40', 'product_additionals': '(28.0p/each)'}, {'shop': 'coop', 'url': 'https://www.coop.co.uk/products/soreen-banana-lunchbox-loaves-150g', 'product_name': 'Soreen Banana Lunchbox Loaves 150g', 'product_price': '£1', 'product_additionals': '150g (66.6p per 100g)'}, {'shop': 'tesco', 'url': 'https://www.tesco.com/groceries/en-GB/products/273420937', 'product_name': 'Soreen Banana Lunchbox Loaves 5 Pack', 'product_price': '£ 1.40', 'product_additionals': '£0.28/each'}, {'shop': 'sains', 'url': 'https://www.sainsburys.co.uk/shop/gb/groceries/product/details/new-355373-44/st-marys-banana-chips-30g', 'product_name': 'St Marys Banana Chips 30g', 'product_price': '60p', 'product_additionals': '£2.00 / 100g'}, {'shop': 'tesco', 'url': 'https://www.tesco.com/groceries/en-GB/products/306942488', 'product_name': 'Sweetpea Banana & Chocolate Gluten Free Muffin Mix 220G', 'product_price': '£ 2.75', 'product_additionals': '£12.50/kg'}, {'shop': 'tesco', 'url': 'https://www.tesco.com/groceries/en-GB/products/302063906', 'product_name': 'Tesco Banana Flavour Milk 1 Litre', 'product_price': '£ 1.10', 'product_additionals': '£1.10/litre'}, {'shop': 'tesco', 'url': 'https://www.tesco.com/groceries/en-GB/products/302064214', 'product_name': 'Tesco Banana Flavour Milk 330Ml', 'product_price': '£ 0.60', 'product_additionals': '£0.18/100ml'}, {'shop': 'tesco', 'url': 'https://www.tesco.com/groceries/en-GB/products/293459809', 'product_name': 'Tesco Banana Loaf Cake', 'product_price': '£ 1.35', 'product_additionals': '£1.35/each'}, {'shop': 'tesco', 'url': 'https://www.tesco.com/groceries/en-GB/products/275049199', 'product_name': 'Tesco Banana Milkshake Bottle 80G', 'product_price': '£ 0.40', 'product_additionals': '£0.50/100g'}, {'shop': 'tesco', 'url': 'https://www.tesco.com/groceries/en-GB/products/262346986', 'product_name': 'Tesco Chewy Banana 300G', 'product_price': '£ 3.00', 'product_additionals': '£10.00/kg'}, {'shop': 'tesco', 'url': 'https://www.tesco.com/groceries/en-GB/products/306812493', 'product_name': 'Tesco Free From 4 Banana & Chocolate Oat Bar 4X25g', 'product_price': '£ 1.60', 'product_additionals': '£1.60/100g'}, {'shop': 'tesco', 'url': 'https://www.tesco.com/groceries/en-GB/products/295445707', 'product_name': 'Tesco Free From Apricot & Banana Soya Yogurt 4X90g', 'product_price': '£ 1.50', 'product_additionals': '£0.42/100g'}, {'shop': 'tesco', 'url': 'https://www.tesco.com/groceries/en-GB/products/303869954', 'product_name': 'Tesco Organic Fair Trade Bananas 5 Pack', 'product_price': '£ 1.35', 'product_additionals': '£0.27/each'}, {'shop': 'tesco', 'url': 'https://www.tesco.com/groceries/en-GB/products/266419328', 'product_name': 'Tesco Ripe Bananas 5 Pack', 'product_price': '£ 0.69', 'product_additionals': '£0.14/each'}, {'shop': 'tesco', 'url': 'https://www.tesco.com/groceries/en-GB/products/302932230', 'product_name': 'Tesco Slim Banana Mealrepl. Shake 10X29g', 'product_price': '£ 4.00', 'product_additionals': '£1.38/100g'}, {'shop': 'tesco', 'url': 'https://www.tesco.com/groceries/en-GB/products/285157326', 'product_name': 'Tesco Small Bananas 6 Pack', 'product_price': '£ 0.64', 'product_additionals': '£0.11/each'}, {'shop': 'tesco', 'url': 'https://www.tesco.com/groceries/en-GB/products/303806004', 'product_name': 'The Collective Banana & Butterscotch Yogurt 450G', 'product_price': '£ 2.20', 'product_additionals': '£0.49/100g'}, {'shop': 'tesco', 'url': 'https://www.tesco.com/groceries/en-GB/products/294069371', 'product_name': 'The Collective Banana Suckie 100G', 'product_price': '£ 0.70', 'product_additionals': '£0.70/100g'}, {'shop': 'sains', 'url': 'https://www.sainsburys.co.uk/shop/gb/groceries/product/details/all-yogurt/the-collective-fresh-whole-milk-yogurt---fruit-banana-suckies-for-kids-100g', 'product_name': 'The Collective Kids Suckies Banana Yogurt 100g', 'product_price': '75p', 'product_additionals': '75p / 100g'}, {'shop': 'sains', 'url': 'https://www.sainsburys.co.uk/shop/gb/groceries/product/details/all-sports-nutrition-/tribe-infinity-peanut-butter-banana-50g', 'product_name': 'Tribe Infinity Peanut Butter Banana 50g', 'product_price': '£1.70', 'product_additionals': '34p / 10g'}, {'shop': 'asda', 'url': 'https://groceries.asda.com/product/1000220971543', 'product_name': 'Tropical Sun Banana Blossom in Water', 'product_price': '£1.39', 'product_additionals': '(34.8p/100g)'}, {'shop': 'tesco', 'url': 'https://www.tesco.com/groceries/en-GB/products/260861377', 'product_name': 'Tymbark Green Banana Juice 1 Litre', 'product_price': '£ 1.49', 'product_additionals': '£0.15/100ml'}, {'shop': 'tesco', 'url': 'https://www.tesco.com/groceries/en-GB/products/308079366', 'product_name': 'Ufit High Protein Milkshake Banana Flavoured 500Ml', 'product_price': '£ 3.00', 'product_additionals': '£0.60/100ml'}, {'shop': 'tesco', 'url': 'https://www.tesco.com/groceries/en-GB/products/304798499', 'product_name': 'Up & Go Breakfast Banana & Honey Drink 3 X 250Ml', 'product_price': '£ 2.50', 'product_additionals': '£0.33/100ml'}, {'shop': 'tesco', 'url': 'https://www.tesco.com/groceries/en-GB/products/304411014', 'product_name': 'Up&Go Breakfast Drink Banana & Honey 330Ml', 'product_price': '£ 1.00', 'product_additionals': '£0.30/100ml'}, {'shop': 'tesco', 'url': 'https://www.tesco.com/groceries/en-GB/products/295654546', 'product_name': 'Urban Beauty United Banana Nail File', 'product_price': '£ 1.50', 'product_additionals': '£1.50/each'}, {'shop': 'asda', 'url': 'https://groceries.asda.com/product/1000190025657', 'product_name': 'USN Trust 50 Protein Banana Flavoured Milkshake', 'product_price': '£3.50', 'product_additionals': 'No weight data'}, {'shop': 'asda', 'url': 'https://groceries.asda.com/product/2215673273474', 'product_name': 'USN Trust 50 Protein Milkshakes - Vanilla, Strawberry, Banana & Chocolate', 'product_price': '£14.00', 'product_additionals': 'No weight data'}, {'shop': 'asda', 'url': 'https://groceries.asda.com/product/1000024154439', 'product_name': 'Wagg Cookies with Peanut Butter & Banana Dog Treats', 'product_price': '£1.00', 'product_additionals': '(£8.00/kg)'}, {'shop': 'asda', 'url': 'https://groceries.asda.com/product/910001268473', 'product_name': 'Weetabix Banana Cereal', 'product_price': '£3.19', 'product_additionals': 'No weight data'}, {'shop': 'tesco', 'url': 'https://www.tesco.com/groceries/en-GB/products/282391346', 'product_name': 'Weetabix Biscuits Banana Cereal 24 Pack', 'product_price': '£ 3.20', 'product_additionals': '£0.13/each'}, {'shop': 'asda', 'url': 'https://groceries.asda.com/product/910001429819', 'product_name': 'Weetabix Crispy Minis Banana', 'product_price': '£2.89', 'product_additionals': '(48.2p/100g)'}, {'shop': 'tesco', 'url': 'https://www.tesco.com/groceries/en-GB/products/285355224', 'product_name': 'Weetabix On The Go Banana Drink 250Ml', 'product_price': '£ 1.50', 'product_additionals': '£0.60/100ml'}, {'shop': 'asda', 'url': 'https://groceries.asda.com/product/910000225341', 'product_name': 'Whitworths Banana Chips', 'product_price': '£1.60', 'product_additionals': '(£9.14/kg)'}, {'shop': 'tesco', 'url': 'https://www.tesco.com/groceries/en-GB/products/267718819', 'product_name': 'Whitworths Banana Chips 175G', 'product_price': '£ 2.00', 'product_additionals': '£11.43/kg'}, {'shop': 'sains', 'url': 'https://www.sainsburys.co.uk/shop/gb/groceries/product/details/200-calories-or-less/whitworths-naturally-sweet-chewy-bananas-30g', 'product_name': 'Whitworths Naturally Sweet Chewy Bananas 30g', 'product_price': '50p', 'product_additionals': '£1.67 / 100g'}, {'shop': 'asda', 'url': 'https://groceries.asda.com/product/1000183742512', 'product_name': 'Yankee Candle Home Inspiration Coconut Banana Large Jar', 'product_price': '£13.47', 'product_additionals': 'No weight data'}, {'shop': 'tesco', 'url': 'https://www.tesco.com/groceries/en-GB/products/307808157', 'product_name': 'Yankee Medium Jar Candle - Banana Flower', 'product_price': '£ 10.00', 'product_additionals': '£10.00/each'}, {'shop': 'tesco', 'url': 'https://www.tesco.com/groceries/en-GB/products/307830360', 'product_name': 'Yankee Small Jar Candle - Banana Flower', 'product_price': '£ 5.00', 'product_additionals': '£5.00/each'}, {'shop': 'asda', 'url': 'https://groceries.asda.com/product/910002785811', 'product_name': 'Yazoo Banana Flavoured Milk', 'product_price': '£1.50', 'product_additionals': '(£1.50/lt)'}, {'shop': 'tesco', 'url': 'https://www.tesco.com/groceries/en-GB/products/251328672', 'product_name': 'Yazoo Banana Milkshake 1 Litre Bottle', 'product_price': '£ 1.50', 'product_additionals': '£0.15/100ml'}, {'shop': 'tesco', 'url': 'https://www.tesco.com/groceries/en-GB/products/290369673', 'product_name': 'Yazoo Chilled Banana Flavour Milkshake 400Ml', 'product_price': '£ 1.00', 'product_additionals': '£0.25/100ml'}, {'shop': 'asda', 'url': 'https://groceries.asda.com/product/1000015538441', 'product_name': 'Yazoo No Added Sugar Banana Milk', 'product_price': '£2.00', 'product_additionals': '(16.7p/100ml)'}, {'shop': 'tesco', 'url': 'https://www.tesco.com/groceries/en-GB/products/296091582', 'product_name': 'Yeo Valley Banana & Custard Style Yogurt 450G', 'product_price': '£ 1.50', 'product_additionals': '£0.33/100g'}, {'shop': 'asda', 'url': 'https://groceries.asda.com/product/1000106846746', 'product_name': 'Yeo Valley Organic Banana & Custard Yogurt', 'product_price': '£1.25', 'product_additionals': 'No weight data'}, {'shop': 'asda', 'url': 'https://groceries.asda.com/product/1000145216099', 'product_name': 'Yes! Dark Chocolate, Banana & Pecan Fruit & Nut Snack Bars 3 Pack', 'product_price': '£3.00', 'product_additionals': '(£2.86/100g)'}, {'shop': 'asda', 'url': 'https://groceries.asda.com/product/1000145216149', 'product_name': 'Yes! Delicious Dark Choc, Banana & Pecan Fruit & Nut Bar', 'product_price': '£1.50', 'product_additionals': '(£4.29/100g)'}, {'shop': 'aldi', 'url': 'https://www.aldi.co.uk/yogurt-delights-strawberry%26banana/p/701266339315800', 'product_name': 'Yogurt Delights Strawberry&Banana', 'product_price': '0.95', 'product_additionals': '23.8p per 100g'}]

grouped
([({'shop': 'asda', 'url': 'https://groceries.asda.com/product/1000144509229', 'product_name': 'ASDA Garden Gang Bananas', 'product_price': '£1.00', 'product_additionals': '(12.5p/each)'}, 37.50000000000001, 0.33333333333333326), ({'shop': 'asda', 'url': 'https://groceries.asda.com/product/1000189834728', 'product_name': 'Bananas Crushie Characters (4+ Years)', 'product_price': '£4.00', 'product_additionals': '(£4.00/each)'}, 17.200000000000003, 0.2325581395348837), ({'shop': 'tesco', 'url': 'https://www.tesco.com/groceries/en-GB/products/308026032', 'product_name': 'Code Name Bananas David Walliams', 'product_price': '£ 7.50', 'product_additionals': '£7.50/each'}, 28.500000000000007, 0.26315789473684204), ({'shop': 'tesco', 'url': 'https://www.tesco.com/groceries/en-GB/products/305154921', 'product_name': 'Joie Banana Pod', 'product_price': '£ 3.00', 'product_additionals': '£3.00/each'}, 6.300000000000001, 0.47619047619047616), ({'shop': 'asda', 'url': 'https://groceries.asda.com/product/1000217307770', 'product_name': 'Soreen Banana Fruit Loaf', 'product_price': '£0.60', 'product_additionals': '(60.0p/each)'}, 180.00000000000003, 0.33333333333333326), ({'shop': 'tesco', 'url': 'https://www.tesco.com/groceries/en-GB/products/267257949', 'product_name': 'Soreen Banana Loaf Each', 'product_price': '£ 1.20', 'product_additionals': '£1.20/each'}, 3.4799999999999995, 0.3448275862068966), ({'shop': 'asda', 'url': 'https://groceries.asda.com/product/910001420636', 'product_name': 'Soreen Banana Lunchbox Loaves', 'product_price': '£1.40', 'product_additionals': '(28.0p/each)'}, 98.0, 0.2857142857142857), ({'shop': 'tesco', 'url': 'https://www.tesco.com/groceries/en-GB/products/273420937', 'product_name': 'Soreen Banana Lunchbox Loaves 5 Pack', 'product_price': '£ 1.40', 'product_additionals': '£0.28/each'}, 1.176, 0.23809523809523814), ({'shop': 'tesco', 'url': 'https://www.tesco.com/groceries/en-GB/products/293459809', 'product_name': 'Tesco Banana Loaf Cake', 'product_price': '£ 1.35', 'product_additionals': '£1.35/each'}, 3.7799999999999994, 0.3571428571428572), ({'shop': 'tesco', 'url': 'https://www.tesco.com/groceries/en-GB/products/303869954', 'product_name': 'Tesco Organic Fair Trade Bananas 5 Pack', 'product_price': '£ 1.35', 'product_additionals': '£0.27/each'}, 1.215, 0.2222222222222222), ({'shop': 'tesco', 'url': 'https://www.tesco.com/groceries/en-GB/products/266419328', 'product_name': 'Tesco Ripe Bananas 5 Pack', 'product_price': '£ 0.69', 'product_additionals': '£0.14/each'}, 0.4340000000000001, 0.32258064516129026), ({'shop': 'tesco', 'url': 'https://www.tesco.com/groceries/en-GB/products/285157326', 'product_name': 'Tesco Small Bananas 6 Pack', 'product_price': '£ 0.64', 'product_additionals': '£0.11/each'}, 0.352, 0.3125), ({'shop': 'tesco', 'url': 'https://www.tesco.com/groceries/en-GB/products/295654546', 'product_name': 'Urban Beauty United Banana Nail File', 'product_price': '£ 1.50', 'product_additionals': '£1.50/each'}, 5.25, 0.2857142857142857), ({'shop': 'tesco', 'url': 'https://www.tesco.com/groceries/en-GB/products/282391346', 'product_name': 'Weetabix Biscuits Banana Cereal 24 Pack', 'product_price': '£ 3.20', 'product_additionals': '£0.13/each'}, 0.4875000000000001, 0.2666666666666666), ({'shop': 'tesco', 'url': 'https://www.tesco.com/groceries/en-GB/products/307808157', 'product_name': 'Yankee Medium Jar Candle - Banana Flower', 'product_price': '£ 10.00', 'product_additionals': '£10.00/each'}, 46.00000000000001, 0.21739130434782605), ({'shop': 'tesco', 'url': 'https://www.tesco.com/groceries/en-GB/products/307830360', 'product_name': 'Yankee Small Jar Candle - Banana Flower', 'product_price': '£ 5.00', 'product_additionals': '£5.00/each'}, 22.5, 0.2222222222222222)], [({'shop': 'tesco', 'url': 'https://www.tesco.com/groceries/en-GB/products/307758709', 'product_name': 'Alpro No Bits Strawberry Banana Yogurt Alternative 4X125g', 'product_price': '£ 1.90', 'product_additionals': '£3.80/kg'}, 19.95, 0.19047619047619047), ({'shop': 'asda', 'url': 'https://groceries.asda.com/product/910003201284', 'product_name': 'Ambrosia Banana Devon Custard Pot', 'product_price': '£0.59', 'product_additionals': '(39.3p/100g)'}, 1277.25, 0.3076923076923077), ({'shop': 'tesco', 'url': 'https://www.tesco.com/groceries/en-GB/products/297609638', 'product_name': 'Ambrosia Devon Custard Banana 150G', 'product_price': '£ 0.50', 'product_additionals': '£0.33/100g'}, 10.999999999999998, 0.30000000000000004), ({'shop': 'tesco', 'url': 'https://www.tesco.com/groceries/en-GB/products/254903706', 'product_name': 'Angel Delight Banana 59G', 'product_price': '£ 0.50', 'product_additionals': '£0.85/100g'}, 25.500000000000007, 0.33333333333333326), ({'shop': 'asda', 'url': 'https://groceries.asda.com/product/910001087561', 'product_name': 'Angel Delight Banana Flavour', 'product_price': '£0.50', 'product_additionals': '(84.8p/100g)'}, 2883.1999999999994, 0.2941176470588236), ({'shop': 'tesco', 'url': 'https://www.tesco.com/groceries/en-GB/products/305255669', 'product_name': 'Aptamil Creamed Banana Porridge 125G', 'product_price': '£ 2.50', 'product_additionals': '£2.00/100g'}, 83.99999999999999, 0.23809523809523814), ({'shop': 'asda', 'url': 'https://groceries.asda.com/product/910002979301', 'product_name': 'ASDA 6 Low Fat Smooth Vanilla & Banana Yogurts', 'product_price': '£0.85', 'product_additionals': '(11.3p/100g)'}, 587.6, 0.1923076923076923), ({'shop': 'asda', 'url': 'https://groceries.asda.com/product/1000128213080', 'product_name': 'ASDA Banana Blossom in Water', 'product_price': '£1.50', 'product_additionals': '(60.0p/100g)'}, 2039.9999999999995, 0.2941176470588236), ({'shop': 'asda', 'url': 'https://groceries.asda.com/product/910001929275', 'product_name': 'ASDA Banana Chips', 'product_price': '£1.00', 'product_additionals': '(£6.67/kg)'}, 15.341000000000003, 0.4347826086956521), ({'shop': 'asda', 'url': 'https://groceries.asda.com/product/1000111446539', 'product_name': 'ASDA Banana Flakes Split Pot Yogurt', 'product_price': '£0.45', 'product_additionals': '(33.3p/100g)'}, 1365.3, 0.24390243902439024), ({'shop': 'asda', 'url': 'https://groceries.asda.com/product/910001598288', 'product_name': 'ASDA Banana Flavoured Milkshake Mix', 'product_price': '£1.49', 'product_additionals': '(49.7p/100g)'}, 2037.7, 0.24390243902439024), ({'shop': 'asda', 'url': 'https://groceries.asda.com/product/910003080762', 'product_name': 'ASDA Giant Shrimps & Bananas Foam Sweets', 'product_price': '£0.90', 'product_additionals': '(56.2p/100g)'}, 2585.2000000000003, 0.21739130434782605), ({'shop': 'asda', 'url': 'https://groceries.asda.com/product/1000115100492', 'product_name': 'ASDA Shrimps & Bananas Foam Sweets', 'product_price': '£0.25', 'product_additionals': '(62.5p/100g)'}, 2500.0, 0.25), ({'shop': 'asda', 'url': 'https://groceries.asda.com/product/910002945424', 'product_name': 'Banana Boat After Sun Aloe Vera Gel', 'product_price': '£4.00', 'product_additionals': '(£1.74/100g)'}, 71.33999999999999, 0.24390243902439024), ({'shop': 'tesco', 'url': 'https://www.tesco.com/groceries/en-GB/products/257416909', 'product_name': 'Banana Boat Aloe Vera Gel 230G', 'product_price': '£ 3.00', 'product_additionals': '£1.31/100g'}, 47.16, 0.2777777777777778), ({'shop': 'tesco', 'url': 'https://www.tesco.com/groceries/en-GB/products/275280804', 'product_name': 'Bananas Loose', 'product_price': '£ 0.13', 'product_additionals': '£0.73/kg'}, 1.387, 0.5263157894736842), ({'shop': 'tesco', 'url': 'https://www.tesco.com/groceries/en-GB/products/282185337', 'product_name': 'Bonjela Junior Banana Gel 15G', 'product_price': '£ 4.00', 'product_additionals': '£26.67/100g'}, 933.45, 0.2857142857142857), ({'shop': 'tesco', 'url': 'https://www.tesco.com/groceries/en-GB/products/305039619', 'product_name': 'Cerelac Farmers Selection Wheat Snack Raspberry Banana 35G', 'product_price': '£ 1.70', 'product_additionals': '£48.58/kg'}, 259.0933333333333, 0.1875), ({'shop': 'tesco', 'url': 'https://www.tesco.com/groceries/en-GB/products/285845451', 'product_name': 'Complan Nutritional Drink Banana 4X55g', 'product_price': '£ 3.50', 'product_additionals': '£1.60/100g'}, 70.39999999999999, 0.2272727272727273), ({'shop': 'tesco', 'url': 'https://www.tesco.com/groceries/en-GB/products/253052928', 'product_name': 'Cow & Gate Apple & Banana Fruit Pot 4X100g 4 Mth+', 'product_price': '£ 1.45', 'product_additionals': '£3.63/kg'}, 19.964999999999993, 0.18181818181818188), ({'shop': 'tesco', 'url': 'https://www.tesco.com/groceries/en-GB/products/305248540', 'product_name': 'Cow & Gate Apple Banana & Strawberry Pouches 4 X 100G', 'product_price': '£ 2.60', 'product_additionals': '£0.65/100g'}, 38.35, 0.1694915254237288), ({'shop': 'tesco', 'url': 'https://www.tesco.com/groceries/en-GB/products/296715393', 'product_name': 'Cow & Gate Fruit Pouch Apple & Banana 4 X 100G', 'product_price': '£ 2.60', 'product_additionals': '£0.65/100g'}, 33.800000000000004, 0.1923076923076923), ({'shop': 'tesco', 'url': 'https://www.tesco.com/groceries/en-GB/products/292943740', 'product_name': 'Cow & Gate Yummy Banana Yogurt 6Mth+ 125G Jar', 'product_price': '£ 0.60', 'product_additionals': '£4.80/kg'}, 24.480000000000004, 0.196078431372549), ({'shop': 'tesco', 'url': 'https://www.tesco.com/groceries/en-GB/products/305435877', 'product_name': 'Creative Nature W.Grain Banana Bread Baking Mix 250G', 'product_price': '£ 2.99', 'product_additionals': '£11.96/kg'}, 69.368, 0.1724137931034483), ({'shop': 'tesco', 'url': 'https://www.tesco.com/groceries/en-GB/products/305250248', 'product_name': 'Danone Kids Organic Raspberry & Banana Yogurt 4 X 70G', 'product_price': '£ 1.50', 'product_additionals': '£0.54/100g'}, 26.55, 0.2033898305084746), ({'shop': 'tesco', 'url': 'https://www.tesco.com/groceries/en-GB/products/305255675', 'product_name': 'Danone Kids Organic Strawberry & Banana Yogurt 4 X 70G', 'product_price': '£ 1.50', 'product_additionals': '£0.54/100g'}, 27.000000000000007, 0.19999999999999996), ({'shop': 'asda', 'url': 'https://groceries.asda.com/product/910002523074', 'product_name': 'Del Monte Squeezie Apple Strawberry & Banana', 'product_price': '£0.50', 'product_additionals': '(50.0p/100g)'}, 2083.3333333333335, 0.24), ({'shop': 'asda', 'url': 'https://groceries.asda.com/product/910002046737', 'product_name': "Dunn's River Original Banana Flavour Milk Drink", 'product_price': '£1.40', 'product_additionals': '(35.0p/100g)'}, 1855.0000000000005, 0.18867924528301883), ({'shop': 'tesco', 'url': 'https://www.tesco.com/groceries/en-GB/products/271113227', 'product_name': 'Dunns River Nurishment Original Banana Flavoured 400G', 'product_price': '£ 1.40', 'product_additionals': '£0.35/100g'}, 20.650000000000002, 0.1694915254237288), ({'shop': 'tesco', 'url': 'https://www.tesco.com/groceries/en-GB/products/271413039', 'product_name': "Ella's Banana & Raisin Nibbly Fingers 5 X 25G", 'product_price': '£ 2.50', 'product_additionals': '£20.00/kg'}, 102.00000000000001, 0.196078431372549), ({'shop': 'tesco', 'url': 'https://www.tesco.com/groceries/en-GB/products/271646345', 'product_name': "Ella's Kitchen Banana & Apricot Baby Rice 120G", 'product_price': '£ 1.10', 'product_additionals': '£9.17/kg'}, 47.684000000000005, 0.1923076923076923), ({'shop': 'tesco', 'url': 'https://www.tesco.com/groceries/en-GB/products/291314691', 'product_name': "Ella's Kitchen Banana & Cinnamon Muesli 215G", 'product_price': '£ 2.45', 'product_additionals': '£1.14/100g'}, 57.000000000000014, 0.19999999999999996), ({'shop': 'tesco', 'url': 'https://www.tesco.com/groceries/en-GB/products/292759370', 'product_name': "Ella's Kitchen Banana & Vanilla Bread Pudding 4X80g", 'product_price': '£ 1.75', 'product_additionals': '£4.87/kg'}, 27.759000000000004, 0.17543859649122806), ({'shop': 'tesco', 'url': 'https://www.tesco.com/groceries/en-GB/products/271028720', 'product_name': "Ella's Kitchen Bananas 70G", 'product_price': '£ 0.80', 'product_additionals': '£11.43/kg'}, 36.576, 0.3125), ({'shop': 'tesco', 'url': 'https://www.tesco.com/groceries/en-GB/products/286348001', 'product_name': "Ella's Kitchen Melty Puffs Strawberry Banana 20G", 'product_price': '£ 0.70', 'product_additionals': '£3.50/100g'}, 157.5, 0.2222222222222222), ({'shop': 'tesco', 'url': 'https://www.tesco.com/groceries/en-GB/products/305435733', 'product_name': "Ella's Kitchen Organic Banana Apple Blueberry Baby Rice 120G", 'product_price': '£ 1.10', 'product_additionals': '£0.92/100g'}, 60.720000000000006, 0.1515151515151515), ({'shop': 'tesco', 'url': 'https://www.tesco.com/groceries/en-GB/products/305437161', 'product_name': "Ella's Kitchen Organic Peach & Banana Melty Sticks 16G", 'product_price': '£ 1.00', 'product_additionals': '£62.50/kg'}, 375.00000000000006, 0.16666666666666663), ({'shop': 'tesco', 'url': 'https://www.tesco.com/groceries/en-GB/products/305432108', 'product_name': "Ella's Kitchen Organic Strawberry & Banana Mini Puffs 4X8g", 'product_price': '£ 2.00', 'product_additionals': '£62.50/kg'}, 333.3333333333333, 0.1875), ({'shop': 'tesco', 'url': 'https://www.tesco.com/groceries/en-GB/products/302328986', 'product_name': 'Frubes Banana & Strawberry Yogurts 9X37g', 'product_price': '£ 2.00', 'product_additionals': '£0.60/100g'}, 22.999999999999996, 0.26086956521739135), ({'shop': 'asda', 'url': 'https://groceries.asda.com/product/1000186791345', 'product_name': 'Frubes Strawberry and Banana Flavour Yogurt', 'product_price': '£1.00', 'product_additionals': '(30.0p/100g)'}, 1224.9999999999998, 0.24489795918367352), ({'shop': 'tesco', 'url': 'https://www.tesco.com/groceries/en-GB/products/304786029', 'product_name': 'Fruit Bowl Banana Wheat Biscuit 24 450G', 'product_price': '£ 2.30', 'product_additionals': '£0.51/100g'}, 22.95, 0.2222222222222222), ({'shop': 'asda', 'url': 'https://groceries.asda.com/product/1000191935967', 'product_name': 'FUEL10K Banana & Chocolate High Protein Oat Muffin Pot', 'product_price': '£1.00', 'product_additionals': '(£1.67/100g)'}, 100.20000000000002, 0.16666666666666663), ({'shop': 'tesco', 'url': 'https://www.tesco.com/groceries/en-GB/products/307144779', 'product_name': 'Funktional Foods Vegan Protein Blend Banana 100G', 'product_price': '£ 3.00', 'product_additionals': '£30.00/kg'}, 162.00000000000006, 0.18518518518518512), ({'shop': 'tesco', 'url': 'https://www.tesco.com/groceries/en-GB/products/304868602', 'product_name': 'Goodbelly Oat Flakes With Banana & Blueberry 350G', 'product_price': '£ 3.50', 'product_additionals': '£1.00/100g'}, 45.83333333333334, 0.21818181818181814), ({'shop': 'asda', 'url': 'https://groceries.asda.com/product/910000481254', 'product_name': 'Grace Salted Green Banana Chips', 'product_price': '£0.90', 'product_additionals': '(£1.06/100g)'}, 39.22, 0.2702702702702703), ({'shop': 'asda', 'url': 'https://groceries.asda.com/product/1000016028172', 'product_name': 'Graze Protein Bites Banana Oat Squares', 'product_price': '£2.49', 'product_additionals': '(£2.08/100g)'}, 91.52, 0.2272727272727273), ({'shop': 'tesco', 'url': 'https://www.tesco.com/groceries/en-GB/products/267999318', 'product_name': 'Heinz Banana Biscotti 60G', 'product_price': '£ 0.70', 'product_additionals': '£11.67/kg'}, 36.17700000000001, 0.32258064516129026), ({'shop': 'tesco', 'url': 'https://www.tesco.com/groceries/en-GB/products/299234140', 'product_name': 'Heinz Banana Custard 4X100g', 'product_price': '£ 1.60', 'product_additionals': '£4.00/kg'}, 13.200000000000003, 0.303030303030303), ({'shop': 'tesco', 'url': 'https://www.tesco.com/groceries/en-GB/products/304379766', 'product_name': 'Heinz By Nature Apple Banana Apricot 4 Month Plus 4 X 100G', 'product_price': '£ 1.35', 'product_additionals': '£3.38/kg'}, 21.631999999999998, 0.15625), ({'shop': 'tesco', 'url': 'https://www.tesco.com/groceries/en-GB/products/276867761', 'product_name': 'Heinz Fruit Pouch Peach Mango & Banana 100G', 'product_price': '£ 1.00', 'product_additionals': '£1.00/100g'}, 49.0, 0.20408163265306123), ({'shop': 'tesco', 'url': 'https://www.tesco.com/groceries/en-GB/products/305255053', 'product_name': 'Kiddylicious Banana & Strawberry Juicy Fruit Bar5x20g', 'product_price': '£ 2.35', 'product_additionals': '£23.50/kg'}, 138.65, 0.1694915254237288), ({'shop': 'tesco', 'url': 'https://www.tesco.com/groceries/en-GB/products/301892721', 'product_name': 'Kiddylicious Banana Soft Biscotti 6X20g', 'product_price': '£ 2.20', 'product_additionals': '£18.34/kg'}, 82.53, 0.2222222222222222), ({'shop': 'tesco', 'url': 'https://www.tesco.com/groceries/en-GB/products/305252407', 'product_name': 'Kiddylicious Buttons Banana & Pumpkin 30G', 'product_price': '£ 2.50', 'product_additionals': '£83.34/kg'}, 391.69800000000004, 0.21276595744680848), ({'shop': 'tesco', 'url': 'https://www.tesco.com/groceries/en-GB/products/273925110', 'product_name': 'Kiddylicious Strawberry & Banana Smoothie Melts 6G', 'product_price': '£ 0.55', 'product_additionals': '£91.67/kg'}, 427.7933333333333, 0.2142857142857143), ({'shop': 'tesco', 'url': 'https://www.tesco.com/groceries/en-GB/products/286671458', 'product_name': 'Kiddylicious Wafers Banana 40G', 'product_price': '£ 2.10', 'product_additionals': '£5.25/100g'}, 189.0, 0.2777777777777778), ({'shop': 'tesco', 'url': 'https://www.tesco.com/groceries/en-GB/products/280823888', 'product_name': 'Kubus Apple & Banana Mousse 100G', 'product_price': '£ 0.55', 'product_additionals': '£0.55/100g'}, 17.416666666666668, 0.3157894736842105), ({'shop': 'tesco', 'url': 'https://www.tesco.com/groceries/en-GB/products/279842342', 'product_name': 'Kubus Apple Banana Carrot & Strawberry Mousse 100G', 'product_price': '£ 0.55', 'product_additionals': '£0.55/100g'}, 25.666666666666664, 0.2142857142857143), ({'shop': 'tesco', 'url': 'https://www.tesco.com/groceries/en-GB/products/302329328', 'product_name': 'Little Coco Nutters Strawberry & Banana Puree 90G', 'product_price': '£ 1.00', 'product_additionals': '£1.12/100g'}, 51.333333333333336, 0.21818181818181814), ({'shop': 'tesco', 'url': 'https://www.tesco.com/groceries/en-GB/products/303672529', 'product_name': 'Muller Corner Banana Yogurt Chocolate Flakes 130G', 'product_price': '£ 0.60', 'product_additionals': '£0.46/100g'}, 25.29999999999999, 0.18181818181818188), ({'shop': 'asda', 'url': 'https://groceries.asda.com/product/1000120228335', 'product_name': 'Muller Corner Banana Yogurt with Chocolate Flakes', 'product_price': '£0.55', 'product_additionals': '(42.3p/100g)'}, 2326.499999999999, 0.18181818181818188), ({'shop': 'asda', 'url': 'https://groceries.asda.com/product/1000206330944', 'product_name': 'Muller Corner Skyr Banana & Almond Granola Yogurt', 'product_price': '£1.20', 'product_additionals': '(66.7p/100g)'}, 3668.4999999999986, 0.18181818181818188), ({'shop': 'asda', 'url': 'https://groceries.asda.com/product/1000120228326', 'product_name': 'Muller Corner Vanilla Chocolate Balls & Banana Chocolate Flakes Yogurt', 'product_price': '£1.99', 'product_additionals': '(25.5p/100g)'}, 1938.0000000000005, 0.13157894736842102), ({'shop': 'tesco', 'url': 'https://www.tesco.com/groceries/en-GB/products/303694859', 'product_name': 'Muller Corner Yogurt Vanilla Chocolate Balls Banana Flakes 6X130g', 'product_price': '£ 2.00', 'product_additionals': '£0.26/100g'}, 18.459999999999997, 0.14084507042253525), ({'shop': 'tesco', 'url': 'https://www.tesco.com/groceries/en-GB/products/303668126', 'product_name': 'Muller Light Banana Custard Yogurt 160G', 'product_price': '£ 0.60', 'product_additionals': '£0.38/100g'}, 17.1, 0.2222222222222222), ({'shop': 'asda', 'url': 'https://groceries.asda.com/product/1000116808339', 'product_name': 'Muller Light Fat Free Banana and Custard Yogurt', 'product_price': '£0.55', 'product_additionals': '(34.4p/100g)'}, 1823.2000000000005, 0.18867924528301883), ({'shop': 'asda', 'url': 'https://groceries.asda.com/product/910000446282', 'product_name': 'Munch Bunch Double Up Strawberry & Banana Yogurts', 'product_price': '£1.00', 'product_additionals': '(29.4p/100g)'}, 1347.5000000000002, 0.21818181818181814), ({'shop': 'tesco', 'url': 'https://www.tesco.com/groceries/en-GB/products/268776736', 'product_name': 'Munch Bunch Double Up Strawberry Banana Fromage Frais 4X85g', 'product_price': '£ 1.50', 'product_additionals': '£0.44/100g'}, 23.833333333333336, 0.18461538461538463), ({'shop': 'asda', 'url': 'https://groceries.asda.com/product/18232503', 'product_name': 'Nesquik Banana Milkshake Mix', 'product_price': '£1.50', 'product_additionals': '(50.0p/100g)'}, 1699.9999999999995, 0.2941176470588236), ({'shop': 'tesco', 'url': 'https://www.tesco.com/groceries/en-GB/products/253117588', 'product_name': 'Nesquik Banana Powder 300G', 'product_price': '£ 2.30', 'product_additionals': '£0.77/100g'}, 24.64, 0.3125), ({'shop': 'tesco', 'url': 'https://www.tesco.com/groceries/en-GB/products/287001289', 'product_name': 'Organix Banana & Date 6 X 17G', 'product_price': '£ 2.00', 'product_additionals': '£1.97/100g'}, 68.95, 0.2857142857142857), ({'shop': 'tesco', 'url': 'https://www.tesco.com/groceries/en-GB/products/282266392', 'product_name': 'Organix Banana & Plum Porridge 200G', 'product_price': '£ 2.50', 'product_additionals': '£1.25/100g'}, 51.25, 0.24390243902439024), ({'shop': 'tesco', 'url': 'https://www.tesco.com/groceries/en-GB/products/278215142', 'product_name': 'Organix Banana & Raspberry Stage3 Muesli 200G', 'product_price': '£ 2.70', 'product_additionals': '£1.35/100g'}, 68.85000000000001, 0.196078431372549), ({'shop': 'tesco', 'url': 'https://www.tesco.com/groceries/en-GB/products/276778019', 'product_name': 'Organix Banana Rice Cake 50G', 'product_price': '£ 1.20', 'product_additionals': '£2.40/100g'}, 81.59999999999998, 0.2941176470588236), ({'shop': 'tesco', 'url': 'https://www.tesco.com/groceries/en-GB/products/283608321', 'product_name': 'Organix Goodies Banana Oaty Bars 6 X 30G', 'product_price': '£ 2.50', 'product_additionals': '£13.89/kg'}, 63.89400000000001, 0.21739130434782605), ({'shop': 'tesco', 'url': 'https://www.tesco.com/groceries/en-GB/products/295460337', 'product_name': 'Organix Goodies Banana Puffcorn 4 X 10G', 'product_price': '£ 1.95', 'product_additionals': '£4.88/100g'}, 219.6, 0.2222222222222222), ({'shop': 'tesco', 'url': 'https://www.tesco.com/groceries/en-GB/products/306662393', 'product_name': 'Oykos Signature Gooey Caramel Banana & Almond 2X105g', 'product_price': '£ 1.50', 'product_additionals': '£0.72/100g'}, 41.76, 0.1724137931034483), ({'shop': 'asda', 'url': 'https://groceries.asda.com/product/910001457934', 'product_name': 'Petits Filous Banana & Strawberry Yogurt', 'product_price': '£1.70', 'product_additionals': '(60.3p/100g)'}, 2773.8000000000006, 0.21739130434782605), ({'shop': 'tesco', 'url': 'https://www.tesco.com/groceries/en-GB/products/304398714', 'product_name': 'Petits Filous No Added Sugar Apple Pear & Banana Fromage Frais 6 X 47G', 'product_price': '£ 1.50', 'product_additionals': '£0.53/100g'}, 40.28000000000001, 0.13157894736842102), ({'shop': 'asda', 'url': 'https://groceries.asda.com/product/1000161871336', 'product_name': 'Petits Filous No Added Sugar Strawberry & Banana Yogurts', 'product_price': '£1.70', 'product_additionals': '(60.3p/100g)'}, 3115.499999999999, 0.19354838709677424), ({'shop': 'tesco', 'url': 'https://www.tesco.com/groceries/en-GB/products/304375298', 'product_name': 'Petits Filous No Added Sugar Strawberry Banana Fromage Frais 6 X 47G', 'product_price': '£ 1.50', 'product_additionals': '£0.53/100g'}, 32.68333333333333, 0.16216216216216217), ({'shop': 'tesco', 'url': 'https://www.tesco.com/groceries/en-GB/products/299583859', 'product_name': 'Piccolo Organic Banana Blueberry & Apple Baby Food 100G', 'product_price': '£ 1.10', 'product_additionals': '£11.00/kg'}, 67.10000000000002, 0.16393442622950816), ({'shop': 'tesco', 'url': 'https://www.tesco.com/groceries/en-GB/products/266225413', 'product_name': 'Pronto Porridge Mix Banana 120G', 'product_price': '£ 0.60', 'product_additionals': '£0.50/100g'}, 18.5, 0.2702702702702703), ({'shop': 'asda', 'url': 'https://groceries.asda.com/product/78769040', 'product_name': 'Pronto Pre-Cooked Cornmeal Porridge Mix Banana', 'product_price': '£0.65', 'product_additionals': '(54.2p/100g)'}, 2818.4, 0.1923076923076923), ({'shop': 'tesco', 'url': 'https://www.tesco.com/groceries/en-GB/products/307366212', 'product_name': 'Quaker Oat So Simple Banana Porridge 10 Sachets 348G', 'product_price': '£ 2.00', 'product_additionals': '£0.58/100g'}, 33.63999999999999, 0.1724137931034483), ({'shop': 'tesco', 'url': 'https://www.tesco.com/groceries/en-GB/products/267473556', 'product_name': 'Sis. Go Energy Bar Banana 40G', 'product_price': '£ 1.15', 'product_additionals': '£2.88/100g'}, 100.80000000000001, 0.2857142857142857), ({'shop': 'tesco', 'url': 'https://www.tesco.com/groceries/en-GB/products/306942488', 'product_name': 'Sweetpea Banana & Chocolate Gluten Free Muffin Mix 220G', 'product_price': '£ 2.75', 'product_additionals': '£12.50/kg'}, 76.25000000000001, 0.16393442622950816), ({'shop': 'tesco', 'url': 'https://www.tesco.com/groceries/en-GB/products/275049199', 'product_name': 'Tesco Banana Milkshake Bottle 80G', 'product_price': '£ 0.40', 'product_additionals': '£0.50/100g'}, 19.5, 0.2564102564102564), ({'shop': 'tesco', 'url': 'https://www.tesco.com/groceries/en-GB/products/262346986', 'product_name': 'Tesco Chewy Banana 300G', 'product_price': '£ 3.00', 'product_additionals': '£10.00/kg'}, 28.999999999999996, 0.3448275862068966), ({'shop': 'tesco', 'url': 'https://www.tesco.com/groceries/en-GB/products/306812493', 'product_name': 'Tesco Free From 4 Banana & Chocolate Oat Bar 4X25g', 'product_price': '£ 1.60', 'product_additionals': '£1.60/100g'}, 89.59999999999998, 0.1785714285714286), ({'shop': 'tesco', 'url': 'https://www.tesco.com/groceries/en-GB/products/295445707', 'product_name': 'Tesco Free From Apricot & Banana Soya Yogurt 4X90g', 'product_price': '£ 1.50', 'product_additionals': '£0.42/100g'}, 23.519999999999996, 0.1785714285714286), ({'shop': 'tesco', 'url': 'https://www.tesco.com/groceries/en-GB/products/302932230', 'product_name': 'Tesco Slim Banana Mealrepl. Shake 10X29g', 'product_price': '£ 4.00', 'product_additionals': '£1.38/100g'}, 63.48000000000001, 0.21739130434782605), ({'shop': 'tesco', 'url': 'https://www.tesco.com/groceries/en-GB/products/303806004', 'product_name': 'The Collective Banana & Butterscotch Yogurt 450G', 'product_price': '£ 2.20', 'product_additionals': '£0.49/100g'}, 26.46000000000001, 0.18518518518518512), ({'shop': 'tesco', 'url': 'https://www.tesco.com/groceries/en-GB/products/294069371', 'product_name': 'The Collective Banana Suckie 100G', 'product_price': '£ 0.70', 'product_additionals': '£0.70/100g'}, 27.3, 0.2564102564102564), ({'shop': 'asda', 'url': 'https://groceries.asda.com/product/1000220971543', 'product_name': 'Tropical Sun Banana Blossom in Water', 'product_price': '£1.39', 'product_additionals': '(34.8p/100g)'}, 1461.5999999999997, 0.23809523809523814), ({'shop': 'asda', 'url': 'https://groceries.asda.com/product/1000024154439', 'product_name': 'Wagg Cookies with Peanut Butter & Banana Dog Treats', 'product_price': '£1.00', 'product_additionals': '(£8.00/kg)'}, 45.6, 0.17543859649122806), ({'shop': 'asda', 'url': 'https://groceries.asda.com/product/910001429819', 'product_name': 'Weetabix Crispy Minis Banana', 'product_price': '£2.89', 'product_additionals': '(48.2p/100g)'}, 1365.6666666666663, 0.3529411764705883), ({'shop': 'asda', 'url': 'https://groceries.asda.com/product/910000225341', 'product_name': 'Whitworths Banana Chips', 'product_price': '£1.60', 'product_additionals': '(£9.14/kg)'}, 26.506, 0.3448275862068966), ({'shop': 'tesco', 'url': 'https://www.tesco.com/groceries/en-GB/products/267718819', 'product_name': 'Whitworths Banana Chips 175G', 'product_price': '£ 2.00', 'product_additionals': '£11.43/kg'}, 38.86199999999999, 0.2941176470588236), ({'shop': 'tesco', 'url': 'https://www.tesco.com/groceries/en-GB/products/296091582', 'product_name': 'Yeo Valley Banana & Custard Style Yogurt 450G', 'product_price': '£ 1.50', 'product_additionals': '£0.33/100g'}, 16.830000000000002, 0.196078431372549), ({'shop': 'asda', 'url': 'https://groceries.asda.com/product/1000145216099', 'product_name': 'Yes! Dark Chocolate, Banana & Pecan Fruit & Nut Snack Bars 3 Pack', 'product_price': '£3.00', 'product_additionals': '(£2.86/100g)'}, 203.05999999999997, 0.14084507042253525), ({'shop': 'asda', 'url': 'https://groceries.asda.com/product/1000145216149', 'product_name': 'Yes! Delicious Dark Choc, Banana & Pecan Fruit & Nut Bar', 'product_price': '£1.50', 'product_additionals': '(£4.29/100g)'}, 265.98, 0.16129032258064513)], [({'shop': 'tesco', 'url': 'https://www.tesco.com/groceries/en-GB/products/271681734', 'product_name': 'Bobo Frut Apple Banana & Carrot Juice 300Ml', 'product_price': '£ 1.40', 'product_additionals': '£0.47/100ml'}, 19.191666666666663, 0.24489795918367352), ({'shop': 'asda', 'url': 'https://groceries.asda.com/product/1000000984240', 'product_name': 'FRijj Banana Flavour Milkshake', 'product_price': '£1.00', 'product_additionals': '(25.0p/100ml)'}, 900.0, 0.2777777777777778), ({'shop': 'asda', 'url': 'https://groceries.asda.com/product/910001743535', 'product_name': 'FUEL10K High Protein Banana Breakfast Milk Drink', 'product_price': '£1.30', 'product_additionals': '(39.4p/100ml)'}, 2127.600000000001, 0.18518518518518512), ({'shop': 'asda', 'url': 'https://groceries.asda.com/product/1000109748224', 'product_name': 'Garnier Ultimate Blends Hair Food Banana 3-in-1 Dry Hair Mask Treatment', 'product_price': '£3.48', 'product_additionals': '(89.2p/100ml)'}, 6868.399999999998, 0.1298701298701299), ({'shop': 'asda', 'url': 'https://groceries.asda.com/product/1000194225936', 'product_name': 'Garnier Ultimate Blends Nourishing Banana Conditioner for Dry Hair', 'product_price': '£2.98', 'product_additionals': '(85.1p/100ml)'}, 6127.200000000003, 0.13888888888888884), ({'shop': 'asda', 'url': 'https://groceries.asda.com/product/1000194225937', 'product_name': 'Garnier Ultimate Blends Nourishing Banana Shampoo for Dry Hair', 'product_price': '£2.98', 'product_additionals': '(85.1p/100ml)'}, 5786.799999999998, 0.1470588235294118), ({'shop': 'tesco', 'url': 'https://www.tesco.com/groceries/en-GB/products/265160818', 'product_name': 'Happy Monkey Strawberries & Bananas 4 Pack', 'product_price': '£ 2.00', 'product_additionals': '£0.28/100ml'}, 11.2, 0.25), ({'shop': 'tesco', 'url': 'https://www.tesco.com/groceries/en-GB/products/253845148', 'product_name': 'Innocent Strawberries & Bananas 250Ml', 'product_price': '£ 1.79', 'product_additionals': '£0.72/100ml'}, 25.799999999999997, 0.2790697674418605), ({'shop': 'tesco', 'url': 'https://www.tesco.com/groceries/en-GB/products/300420390', 'product_name': 'Kubus Banana & Strawberry 100% Drink 300Ml', 'product_price': '£ 0.60', 'product_additionals': '£0.20/100ml'}, 8.0, 0.25), ({'shop': 'tesco', 'url': 'https://www.tesco.com/groceries/en-GB/products/300413139', 'product_name': 'Kubus Carrot Banana & Apple 100% Juice 900Ml', 'product_price': '£ 1.20', 'product_additionals': '£0.13/100ml'}, 5.416666666666667, 0.24), ({'shop': 'asda', 'url': 'https://groceries.asda.com/product/910000332521', 'product_name': 'Kubus Carrot, Banana, Apple Multifruit Juice Drink', 'product_price': '£1.10', 'product_additionals': '(12.2p/100ml)'}, 569.3333333333333, 0.2142857142857143), ({'shop': 'tesco', 'url': 'https://www.tesco.com/groceries/en-GB/products/300113039', 'product_name': 'Naked Green Machine Apple Banana Smoothie 360Ml', 'product_price': '£ 2.36', 'product_additionals': '£0.66/100ml'}, 34.980000000000004, 0.18867924528301883), ({'shop': 'tesco', 'url': 'https://www.tesco.com/groceries/en-GB/products/302064214', 'product_name': 'Tesco Banana Flavour Milk 330Ml', 'product_price': '£ 0.60', 'product_additionals': '£0.18/100ml'}, 6.66, 0.2702702702702703), ({'shop': 'tesco', 'url': 'https://www.tesco.com/groceries/en-GB/products/260861377', 'product_name': 'Tymbark Green Banana Juice 1 Litre', 'product_price': '£ 1.49', 'product_additionals': '£0.15/100ml'}, 4.999999999999999, 0.30000000000000004), ({'shop': 'tesco', 'url': 'https://www.tesco.com/groceries/en-GB/products/308079366', 'product_name': 'Ufit High Protein Milkshake Banana Flavoured 500Ml', 'product_price': '£ 3.00', 'product_additionals': '£0.60/100ml'}, 33.599999999999994, 0.1785714285714286), ({'shop': 'tesco', 'url': 'https://www.tesco.com/groceries/en-GB/products/304798499', 'product_name': 'Up & Go Breakfast Banana & Honey Drink 3 X 250Ml', 'product_price': '£ 2.50', 'product_additionals': '£0.33/100ml'}, 17.820000000000004, 0.18518518518518512), ({'shop': 'tesco', 'url': 'https://www.tesco.com/groceries/en-GB/products/304411014', 'product_name': 'Up&Go Breakfast Drink Banana & Honey 330Ml', 'product_price': '£ 1.00', 'product_additionals': '£0.30/100ml'}, 14.399999999999997, 0.20833333333333337), ({'shop': 'tesco', 'url': 'https://www.tesco.com/groceries/en-GB/products/285355224', 'product_name': 'Weetabix On The Go Banana Drink 250Ml', 'product_price': '£ 1.50', 'product_additionals': '£0.60/100ml'}, 21.499999999999996, 0.2790697674418605), ({'shop': 'tesco', 'url': 'https://www.tesco.com/groceries/en-GB/products/251328672', 'product_name': 'Yazoo Banana Milkshake 1 Litre Bottle', 'product_price': '£ 1.50', 'product_additionals': '£0.15/100ml'}, 6.450000000000001, 0.2325581395348837), ({'shop': 'tesco', 'url': 'https://www.tesco.com/groceries/en-GB/products/290369673', 'product_name': 'Yazoo Chilled Banana Flavour Milkshake 400Ml', 'product_price': '£ 1.00', 'product_additionals': '£0.25/100ml'}, 12.500000000000004, 0.19999999999999996), ({'shop': 'asda', 'url': 'https://groceries.asda.com/product/1000015538441', 'product_name': 'Yazoo No Added Sugar Banana Milk', 'product_price': '£2.00', 'product_additionals': '(16.7p/100ml)'}, 634.6000000000001, 0.26315789473684204)])

final
[{'shop': 'tesco', 'url': 'https://www.tesco.com/groceries/en-GB/products/285157326', 'product_name': 'Tesco Small Bananas 6 Pack', 'product_price': '£ 0.64', 'product_additionals': '£0.11/each'}, {'shop': 'tesco', 'url': 'https://www.tesco.com/groceries/en-GB/products/266419328', 'product_name': 'Tesco Ripe Bananas 5 Pack', 'product_price': '£ 0.69', 'product_additionals': '£0.14/each'}, {'shop': 'tesco', 'url': 'https://www.tesco.com/groceries/en-GB/products/282391346', 'product_name': 'Weetabix Biscuits Banana Cereal 24 Pack', 'product_price': '£ 3.20', 'product_additionals': '£0.13/each'}, {'shop': 'tesco', 'url': 'https://www.tesco.com/groceries/en-GB/products/273420937', 'product_name': 'Soreen Banana Lunchbox Loaves 5 Pack', 'product_price': '£ 1.40', 'product_additionals': '£0.28/each'}, {'shop': 'tesco', 'url': 'https://www.tesco.com/groceries/en-GB/products/303869954', 'product_name': 'Tesco Organic Fair Trade Bananas 5 Pack', 'product_price': '£ 1.35', 'product_additionals': '£0.27/each'}, {'shop': 'tesco', 'url': 'https://www.tesco.com/groceries/en-GB/products/267257949', 'product_name': 'Soreen Banana Loaf Each', 'product_price': '£ 1.20', 'product_additionals': '£1.20/each'}, {'shop': 'tesco', 'url': 'https://www.tesco.com/groceries/en-GB/products/293459809', 'product_name': 'Tesco Banana Loaf Cake', 'product_price': '£ 1.35', 'product_additionals': '£1.35/each'}, {'shop': 'tesco', 'url': 'https://www.tesco.com/groceries/en-GB/products/295654546', 'product_name': 'Urban Beauty United Banana Nail File', 'product_price': '£ 1.50', 'product_additionals': '£1.50/each'}, {'shop': 'tesco', 'url': 'https://www.tesco.com/groceries/en-GB/products/305154921', 'product_name': 'Joie Banana Pod', 'product_price': '£ 3.00', 'product_additionals': '£3.00/each'}, {'shop': 'asda', 'url': 'https://groceries.asda.com/product/1000189834728', 'product_name': 'Bananas Crushie Characters (4+ Years)', 'product_price': '£4.00', 'product_additionals': '(£4.00/each)'}, {'shop': 'tesco', 'url': 'https://www.tesco.com/groceries/en-GB/products/307830360', 'product_name': 'Yankee Small Jar Candle - Banana Flower', 'product_price': '£ 5.00', 'product_additionals': '£5.00/each'}, {'shop': 'tesco', 'url': 'https://www.tesco.com/groceries/en-GB/products/308026032', 'product_name': 'Code Name Bananas David Walliams', 'product_price': '£ 7.50', 'product_additionals': '£7.50/each'}, {'shop': 'asda', 'url': 'https://groceries.asda.com/product/1000144509229', 'product_name': 'ASDA Garden Gang Bananas', 'product_price': '£1.00', 'product_additionals': '(12.5p/each)'}, {'shop': 'tesco', 'url': 'https://www.tesco.com/groceries/en-GB/products/307808157', 'product_name': 'Yankee Medium Jar Candle - Banana Flower', 'product_price': '£ 10.00', 'product_additionals': '£10.00/each'}, {'shop': 'asda', 'url': 'https://groceries.asda.com/product/910001420636', 'product_name': 'Soreen Banana Lunchbox Loaves', 'product_price': '£1.40', 'product_additionals': '(28.0p/each)'}, {'shop': 'asda', 'url': 'https://groceries.asda.com/product/1000217307770', 'product_name': 'Soreen Banana Fruit Loaf', 'product_price': '£0.60', 'product_additionals': '(60.0p/each)'}, {'shop': 'tesco', 'url': 'https://www.tesco.com/groceries/en-GB/products/260861377', 'product_name': 'Tymbark Green Banana Juice 1 Litre', 'product_price': '£ 1.49', 'product_additionals': '£0.15/100ml'}, {'shop': 'tesco', 'url': 'https://www.tesco.com/groceries/en-GB/products/300413139', 'product_name': 'Kubus Carrot Banana & Apple 100% Juice 900Ml', 'product_price': '£ 1.20', 'product_additionals': '£0.13/100ml'}, {'shop': 'tesco', 'url': 'https://www.tesco.com/groceries/en-GB/products/251328672', 'product_name': 'Yazoo Banana Milkshake 1 Litre Bottle', 'product_price': '£ 1.50', 'product_additionals': '£0.15/100ml'}, {'shop': 'tesco', 'url': 'https://www.tesco.com/groceries/en-GB/products/302064214', 'product_name': 'Tesco Banana Flavour Milk 330Ml', 'product_price': '£ 0.60', 'product_additionals': '£0.18/100ml'}, {'shop': 'tesco', 'url': 'https://www.tesco.com/groceries/en-GB/products/300420390', 'product_name': 'Kubus Banana & Strawberry 100% Drink 300Ml', 'product_price': '£ 0.60', 'product_additionals': '£0.20/100ml'}, {'shop': 'tesco', 'url': 'https://www.tesco.com/groceries/en-GB/products/265160818', 'product_name': 'Happy Monkey Strawberries & Bananas 4 Pack', 'product_price': '£ 2.00', 'product_additionals': '£0.28/100ml'}, {'shop': 'tesco', 'url': 'https://www.tesco.com/groceries/en-GB/products/290369673', 'product_name': 'Yazoo Chilled Banana Flavour Milkshake 400Ml', 'product_price': '£ 1.00', 'product_additionals': '£0.25/100ml'}, {'shop': 'tesco', 'url': 'https://www.tesco.com/groceries/en-GB/products/304411014', 'product_name': 'Up&Go Breakfast Drink Banana & Honey 330Ml', 'product_price': '£ 1.00', 'product_additionals': '£0.30/100ml'}, {'shop': 'tesco', 'url': 'https://www.tesco.com/groceries/en-GB/products/304798499', 'product_name': 'Up & Go Breakfast Banana & Honey Drink 3 X 250Ml', 'product_price': '£ 2.50', 'product_additionals': '£0.33/100ml'}, {'shop': 'tesco', 'url': 'https://www.tesco.com/groceries/en-GB/products/271681734', 'product_name': 'Bobo Frut Apple Banana & Carrot Juice 300Ml', 'product_price': '£ 1.40', 'product_additionals': '£0.47/100ml'}, {'shop': 'tesco', 'url': 'https://www.tesco.com/groceries/en-GB/products/285355224', 'product_name': 'Weetabix On The Go Banana Drink 250Ml', 'product_price': '£ 1.50', 'product_additionals': '£0.60/100ml'}, {'shop': 'tesco', 'url': 'https://www.tesco.com/groceries/en-GB/products/253845148', 'product_name': 'Innocent Strawberries & Bananas 250Ml', 'product_price': '£ 1.79', 'product_additionals': '£0.72/100ml'}, {'shop': 'tesco', 'url': 'https://www.tesco.com/groceries/en-GB/products/308079366', 'product_name': 'Ufit High Protein Milkshake Banana Flavoured 500Ml', 'product_price': '£ 3.00', 'product_additionals': '£0.60/100ml'}, {'shop': 'tesco', 'url': 'https://www.tesco.com/groceries/en-GB/products/300113039', 'product_name': 'Naked Green Machine Apple Banana Smoothie 360Ml', 'product_price': '£ 2.36', 'product_additionals': '£0.66/100ml'}, {'shop': 'asda', 'url': 'https://groceries.asda.com/product/910000332521', 'product_name': 'Kubus Carrot, Banana, Apple Multifruit Juice Drink', 'product_price': '£1.10', 'product_additionals': '(12.2p/100ml)'}, {'shop': 'asda', 'url': 'https://groceries.asda.com/product/1000015538441', 'product_name': 'Yazoo No Added Sugar Banana Milk', 'product_price': '£2.00', 'product_additionals': '(16.7p/100ml)'}, {'shop': 'asda', 'url': 'https://groceries.asda.com/product/1000000984240', 'product_name': 'FRijj Banana Flavour Milkshake', 'product_price': '£1.00', 'product_additionals': '(25.0p/100ml)'}, {'shop': 'asda', 'url': 'https://groceries.asda.com/product/910001743535', 'product_name': 'FUEL10K High Protein Banana Breakfast Milk Drink', 'product_price': '£1.30', 'product_additionals': '(39.4p/100ml)'}, {'shop': 'asda', 'url': 'https://groceries.asda.com/product/1000194225937', 'product_name': 'Garnier Ultimate Blends Nourishing Banana Shampoo for Dry Hair', 'product_price': '£2.98', 'product_additionals': '(85.1p/100ml)'}, {'shop': 'asda', 'url': 'https://groceries.asda.com/product/1000194225936', 'product_name': 'Garnier Ultimate Blends Nourishing Banana Conditioner for Dry Hair', 'product_price': '£2.98', 'product_additionals': '(85.1p/100ml)'}, {'shop': 'asda', 'url': 'https://groceries.asda.com/product/1000109748224', 'product_name': 'Garnier Ultimate Blends Hair Food Banana 3-in-1 Dry Hair Mask Treatment', 'product_price': '£3.48', 'product_additionals': '(89.2p/100ml)'}, {'shop': 'tesco', 'url': 'https://www.tesco.com/groceries/en-GB/products/275280804', 'product_name': 'Bananas Loose', 'product_price': '£ 0.13', 'product_additionals': '£0.73/kg'}, {'shop': 'tesco', 'url': 'https://www.tesco.com/groceries/en-GB/products/297609638', 'product_name': 'Ambrosia Devon Custard Banana 150G', 'product_price': '£ 0.50', 'product_additionals': '£0.33/100g'}, {'shop': 'tesco', 'url': 'https://www.tesco.com/groceries/en-GB/products/299234140', 'product_name': 'Heinz Banana Custard 4X100g', 'product_price': '£ 1.60', 'product_additionals': '£4.00/kg'}, {'shop': 'asda', 'url': 'https://groceries.asda.com/product/910001929275', 'product_name': 'ASDA Banana Chips', 'product_price': '£1.00', 'product_additionals': '(£6.67/kg)'}, {'shop': 'tesco', 'url': 'https://www.tesco.com/groceries/en-GB/products/296091582', 'product_name': 'Yeo Valley Banana & Custard Style Yogurt 450G', 'product_price': '£ 1.50', 'product_additionals': '£0.33/100g'}, {'shop': 'tesco', 'url': 'https://www.tesco.com/groceries/en-GB/products/303668126', 'product_name': 'Muller Light Banana Custard Yogurt 160G', 'product_price': '£ 0.60', 'product_additionals': '£0.38/100g'}, {'shop': 'tesco', 'url': 'https://www.tesco.com/groceries/en-GB/products/280823888', 'product_name': 'Kubus Apple & Banana Mousse 100G', 'product_price': '£ 0.55', 'product_additionals': '£0.55/100g'}, {'shop': 'tesco', 'url': 'https://www.tesco.com/groceries/en-GB/products/303694859', 'product_name': 'Muller Corner Yogurt Vanilla Chocolate Balls Banana Flakes 6X130g', 'product_price': '£ 2.00', 'product_additionals': '£0.26/100g'}, {'shop': 'tesco', 'url': 'https://www.tesco.com/groceries/en-GB/products/266225413', 'product_name': 'Pronto Porridge Mix Banana 120G', 'product_price': '£ 0.60', 'product_additionals': '£0.50/100g'}, {'shop': 'tesco', 'url': 'https://www.tesco.com/groceries/en-GB/products/275049199', 'product_name': 'Tesco Banana Milkshake Bottle 80G', 'product_price': '£ 0.40', 'product_additionals': '£0.50/100g'}, {'shop': 'tesco', 'url': 'https://www.tesco.com/groceries/en-GB/products/307758709', 'product_name': 'Alpro No Bits Strawberry Banana Yogurt Alternative 4X125g', 'product_price': '£ 1.90', 'product_additionals': '£3.80/kg'}, {'shop': 'tesco', 'url': 'https://www.tesco.com/groceries/en-GB/products/253052928', 'product_name': 'Cow & Gate Apple & Banana Fruit Pot 4X100g 4 Mth+', 'product_price': '£ 1.45', 'product_additionals': '£3.63/kg'}, {'shop': 'tesco', 'url': 'https://www.tesco.com/groceries/en-GB/products/271113227', 'product_name': 'Dunns River Nurishment Original Banana Flavoured 400G', 'product_price': '£ 1.40', 'product_additionals': '£0.35/100g'}, {'shop': 'tesco', 'url': 'https://www.tesco.com/groceries/en-GB/products/304379766', 'product_name': 'Heinz By Nature Apple Banana Apricot 4 Month Plus 4 X 100G', 'product_price': '£ 1.35', 'product_additionals': '£3.38/kg'}, {'shop': 'tesco', 'url': 'https://www.tesco.com/groceries/en-GB/products/304786029', 'product_name': 'Fruit Bowl Banana Wheat Biscuit 24 450G', 'product_price': '£ 2.30', 'product_additionals': '£0.51/100g'}, {'shop': 'tesco', 'url': 'https://www.tesco.com/groceries/en-GB/products/302328986', 'product_name': 'Frubes Banana & Strawberry Yogurts 9X37g', 'product_price': '£ 2.00', 'product_additionals': '£0.60/100g'}, {'shop': 'tesco', 'url': 'https://www.tesco.com/groceries/en-GB/products/295445707', 'product_name': 'Tesco Free From Apricot & Banana Soya Yogurt 4X90g', 'product_price': '£ 1.50', 'product_additionals': '£0.42/100g'}, {'shop': 'tesco', 'url': 'https://www.tesco.com/groceries/en-GB/products/268776736', 'product_name': 'Munch Bunch Double Up Strawberry Banana Fromage Frais 4X85g', 'product_price': '£ 1.50', 'product_additionals': '£0.44/100g'}, {'shop': 'tesco', 'url': 'https://www.tesco.com/groceries/en-GB/products/292943740', 'product_name': 'Cow & Gate Yummy Banana Yogurt 6Mth+ 125G Jar', 'product_price': '£ 0.60', 'product_additionals': '£4.80/kg'}, {'shop': 'tesco', 'url': 'https://www.tesco.com/groceries/en-GB/products/253117588', 'product_name': 'Nesquik Banana Powder 300G', 'product_price': '£ 2.30', 'product_additionals': '£0.77/100g'}, {'shop': 'tesco', 'url': 'https://www.tesco.com/groceries/en-GB/products/303672529', 'product_name': 'Muller Corner Banana Yogurt Chocolate Flakes 130G', 'product_price': '£ 0.60', 'product_additionals': '£0.46/100g'}, {'shop': 'tesco', 'url': 'https://www.tesco.com/groceries/en-GB/products/254903706', 'product_name': 'Angel Delight Banana 59G', 'product_price': '£ 0.50', 'product_additionals': '£0.85/100g'}, {'shop': 'tesco', 'url': 'https://www.tesco.com/groceries/en-GB/products/279842342', 'product_name': 'Kubus Apple Banana Carrot & Strawberry Mousse 100G', 'product_price': '£ 0.55', 'product_additionals': '£0.55/100g'}, {'shop': 'tesco', 'url': 'https://www.tesco.com/groceries/en-GB/products/303806004', 'product_name': 'The Collective Banana & Butterscotch Yogurt 450G', 'product_price': '£ 2.20', 'product_additionals': '£0.49/100g'}, {'shop': 'asda', 'url': 'https://groceries.asda.com/product/910000225341', 'product_name': 'Whitworths Banana Chips', 'product_price': '£1.60', 'product_additionals': '(£9.14/kg)'}, {'shop': 'tesco', 'url': 'https://www.tesco.com/groceries/en-GB/products/305250248', 'product_name': 'Danone Kids Organic Raspberry & Banana Yogurt 4 X 70G', 'product_price': '£ 1.50', 'product_additionals': '£0.54/100g'}, {'shop': 'tesco', 'url': 'https://www.tesco.com/groceries/en-GB/products/305255675', 'product_name': 'Danone Kids Organic Strawberry & Banana Yogurt 4 X 70G', 'product_price': '£ 1.50', 'product_additionals': '£0.54/100g'}, {'shop': 'tesco', 'url': 'https://www.tesco.com/groceries/en-GB/products/294069371', 'product_name': 'The Collective Banana Suckie 100G', 'product_price': '£ 0.70', 'product_additionals': '£0.70/100g'}, {'shop': 'tesco', 'url': 'https://www.tesco.com/groceries/en-GB/products/292759370', 'product_name': "Ella's Kitchen Banana & Vanilla Bread Pudding 4X80g", 'product_price': '£ 1.75', 'product_additionals': '£4.87/kg'}, {'shop': 'tesco', 'url': 'https://www.tesco.com/groceries/en-GB/products/262346986', 'product_name': 'Tesco Chewy Banana 300G', 'product_price': '£ 3.00', 'product_additionals': '£10.00/kg'}, {'shop': 'tesco', 'url': 'https://www.tesco.com/groceries/en-GB/products/304375298', 'product_name': 'Petits Filous No Added Sugar Strawberry Banana Fromage Frais 6 X 47G', 'product_price': '£ 1.50', 'product_additionals': '£0.53/100g'}, {'shop': 'tesco', 'url': 'https://www.tesco.com/groceries/en-GB/products/307366212', 'product_name': 'Quaker Oat So Simple Banana Porridge 10 Sachets 348G', 'product_price': '£ 2.00', 'product_additionals': '£0.58/100g'}, {'shop': 'tesco', 'url': 'https://www.tesco.com/groceries/en-GB/products/296715393', 'product_name': 'Cow & Gate Fruit Pouch Apple & Banana 4 X 100G', 'product_price': '£ 2.60', 'product_additionals': '£0.65/100g'}, {'shop': 'tesco', 'url': 'https://www.tesco.com/groceries/en-GB/products/267999318', 'product_name': 'Heinz Banana Biscotti 60G', 'product_price': '£ 0.70', 'product_additionals': '£11.67/kg'}, {'shop': 'tesco', 'url': 'https://www.tesco.com/groceries/en-GB/products/271028720', 'product_name': "Ella's Kitchen Bananas 70G", 'product_price': '£ 0.80', 'product_additionals': '£11.43/kg'}, {'shop': 'tesco', 'url': 'https://www.tesco.com/groceries/en-GB/products/305248540', 'product_name': 'Cow & Gate Apple Banana & Strawberry Pouches 4 X 100G', 'product_price': '£ 2.60', 'product_additionals': '£0.65/100g'}, {'shop': 'tesco', 'url': 'https://www.tesco.com/groceries/en-GB/products/267718819', 'product_name': 'Whitworths Banana Chips 175G', 'product_price': '£ 2.00', 'product_additionals': '£11.43/kg'}, {'shop': 'asda', 'url': 'https://groceries.asda.com/product/910000481254', 'product_name': 'Grace Salted Green Banana Chips', 'product_price': '£0.90', 'product_additionals': '(£1.06/100g)'}, {'shop': 'tesco', 'url': 'https://www.tesco.com/groceries/en-GB/products/304398714', 'product_name': 'Petits Filous No Added Sugar Apple Pear & Banana Fromage Frais 6 X 47G', 'product_price': '£ 1.50', 'product_additionals': '£0.53/100g'}, {'shop': 'tesco', 'url': 'https://www.tesco.com/groceries/en-GB/products/306662393', 'product_name': 'Oykos Signature Gooey Caramel Banana & Almond 2X105g', 'product_price': '£ 1.50', 'product_additionals': '£0.72/100g'}, {'shop': 'asda', 'url': 'https://groceries.asda.com/product/1000024154439', 'product_name': 'Wagg Cookies with Peanut Butter & Banana Dog Treats', 'product_price': '£1.00', 'product_additionals': '(£8.00/kg)'}, {'shop': 'tesco', 'url': 'https://www.tesco.com/groceries/en-GB/products/304868602', 'product_name': 'Goodbelly Oat Flakes With Banana & Blueberry 350G', 'product_price': '£ 3.50', 'product_additionals': '£1.00/100g'}, {'shop': 'tesco', 'url': 'https://www.tesco.com/groceries/en-GB/products/257416909', 'product_name': 'Banana Boat Aloe Vera Gel 230G', 'product_price': '£ 3.00', 'product_additionals': '£1.31/100g'}, {'shop': 'tesco', 'url': 'https://www.tesco.com/groceries/en-GB/products/271646345', 'product_name': "Ella's Kitchen Banana & Apricot Baby Rice 120G", 'product_price': '£ 1.10', 'product_additionals': '£9.17/kg'}, {'shop': 'tesco', 'url': 'https://www.tesco.com/groceries/en-GB/products/276867761', 'product_name': 'Heinz Fruit Pouch Peach Mango & Banana 100G', 'product_price': '£ 1.00', 'product_additionals': '£1.00/100g'}, {'shop': 'tesco', 'url': 'https://www.tesco.com/groceries/en-GB/products/282266392', 'product_name': 'Organix Banana & Plum Porridge 200G', 'product_price': '£ 2.50', 'product_additionals': '£1.25/100g'}, {'shop': 'tesco', 'url': 'https://www.tesco.com/groceries/en-GB/products/302329328', 'product_name': 'Little Coco Nutters Strawberry & Banana Puree 90G', 'product_price': '£ 1.00', 'product_additionals': '£1.12/100g'}, {'shop': 'tesco', 'url': 'https://www.tesco.com/groceries/en-GB/products/291314691', 'product_name': "Ella's Kitchen Banana & Cinnamon Muesli 215G", 'product_price': '£ 2.45', 'product_additionals': '£1.14/100g'}, {'shop': 'tesco', 'url': 'https://www.tesco.com/groceries/en-GB/products/305435733', 'product_name': "Ella's Kitchen Organic Banana Apple Blueberry Baby Rice 120G", 'product_price': '£ 1.10', 'product_additionals': '£0.92/100g'}, {'shop': 'tesco', 'url': 'https://www.tesco.com/groceries/en-GB/products/302932230', 'product_name': 'Tesco Slim Banana Mealrepl. Shake 10X29g', 'product_price': '£ 4.00', 'product_additionals': '£1.38/100g'}, {'shop': 'tesco', 'url': 'https://www.tesco.com/groceries/en-GB/products/283608321', 'product_name': 'Organix Goodies Banana Oaty Bars 6 X 30G', 'product_price': '£ 2.50', 'product_additionals': '£13.89/kg'}, {'shop': 'tesco', 'url': 'https://www.tesco.com/groceries/en-GB/products/299583859', 'product_name': 'Piccolo Organic Banana Blueberry & Apple Baby Food 100G', 'product_price': '£ 1.10', 'product_additionals': '£11.00/kg'}, {'shop': 'tesco', 'url': 'https://www.tesco.com/groceries/en-GB/products/278215142', 'product_name': 'Organix Banana & Raspberry Stage3 Muesli 200G', 'product_price': '£ 2.70', 'product_additionals': '£1.35/100g'}, {'shop': 'tesco', 'url': 'https://www.tesco.com/groceries/en-GB/products/287001289', 'product_name': 'Organix Banana & Date 6 X 17G', 'product_price': '£ 2.00', 'product_additionals': '£1.97/100g'}, {'shop': 'tesco', 'url': 'https://www.tesco.com/groceries/en-GB/products/305435877', 'product_name': 'Creative Nature W.Grain Banana Bread Baking Mix 250G', 'product_price': '£ 2.99', 'product_additionals': '£11.96/kg'}, {'shop': 'tesco', 'url': 'https://www.tesco.com/groceries/en-GB/products/285845451', 'product_name': 'Complan Nutritional Drink Banana 4X55g', 'product_price': '£ 3.50', 'product_additionals': '£1.60/100g'}, {'shop': 'asda', 'url': 'https://groceries.asda.com/product/910002945424', 'product_name': 'Banana Boat After Sun Aloe Vera Gel', 'product_price': '£4.00', 'product_additionals': '(£1.74/100g)'}, {'shop': 'tesco', 'url': 'https://www.tesco.com/groceries/en-GB/products/306942488', 'product_name': 'Sweetpea Banana & Chocolate Gluten Free Muffin Mix 220G', 'product_price': '£ 2.75', 'product_additionals': '£12.50/kg'}, {'shop': 'tesco', 'url': 'https://www.tesco.com/groceries/en-GB/products/276778019', 'product_name': 'Organix Banana Rice Cake 50G', 'product_price': '£ 1.20', 'product_additionals': '£2.40/100g'}, {'shop': 'tesco', 'url': 'https://www.tesco.com/groceries/en-GB/products/301892721', 'product_name': 'Kiddylicious Banana Soft Biscotti 6X20g', 'product_price': '£ 2.20', 'product_additionals': '£18.34/kg'}, {'shop': 'tesco', 'url': 'https://www.tesco.com/groceries/en-GB/products/305255669', 'product_name': 'Aptamil Creamed Banana Porridge 125G', 'product_price': '£ 2.50', 'product_additionals': '£2.00/100g'}, {'shop': 'tesco', 'url': 'https://www.tesco.com/groceries/en-GB/products/306812493', 'product_name': 'Tesco Free From 4 Banana & Chocolate Oat Bar 4X25g', 'product_price': '£ 1.60', 'product_additionals': '£1.60/100g'}, {'shop': 'asda', 'url': 'https://groceries.asda.com/product/1000016028172', 'product_name': 'Graze Protein Bites Banana Oat Squares', 'product_price': '£2.49', 'product_additionals': '(£2.08/100g)'}, {'shop': 'asda', 'url': 'https://groceries.asda.com/product/1000191935967', 'product_name': 'FUEL10K Banana & Chocolate High Protein Oat Muffin Pot', 'product_price': '£1.00', 'product_additionals': '(£1.67/100g)'}, {'shop': 'tesco', 'url': 'https://www.tesco.com/groceries/en-GB/products/267473556', 'product_name': 'Sis. Go Energy Bar Banana 40G', 'product_price': '£ 1.15', 'product_additionals': '£2.88/100g'}, {'shop': 'tesco', 'url': 'https://www.tesco.com/groceries/en-GB/products/271413039', 'product_name': "Ella's Banana & Raisin Nibbly Fingers 5 X 25G", 'product_price': '£ 2.50', 'product_additionals': '£20.00/kg'}, {'shop': 'tesco', 'url': 'https://www.tesco.com/groceries/en-GB/products/305255053', 'product_name': 'Kiddylicious Banana & Strawberry Juicy Fruit Bar5x20g', 'product_price': '£ 2.35', 'product_additionals': '£23.50/kg'}, {'shop': 'tesco', 'url': 'https://www.tesco.com/groceries/en-GB/products/286348001', 'product_name': "Ella's Kitchen Melty Puffs Strawberry Banana 20G", 'product_price': '£ 0.70', 'product_additionals': '£3.50/100g'}, {'shop': 'tesco', 'url': 'https://www.tesco.com/groceries/en-GB/products/307144779', 'product_name': 'Funktional Foods Vegan Protein Blend Banana 100G', 'product_price': '£ 3.00', 'product_additionals': '£30.00/kg'}, {'shop': 'tesco', 'url': 'https://www.tesco.com/groceries/en-GB/products/286671458', 'product_name': 'Kiddylicious Wafers Banana 40G', 'product_price': '£ 2.10', 'product_additionals': '£5.25/100g'}, {'shop': 'asda', 'url': 'https://groceries.asda.com/product/1000145216099', 'product_name': 'Yes! Dark Chocolate, Banana & Pecan Fruit & Nut Snack Bars 3 Pack', 'product_price': '£3.00', 'product_additionals': '(£2.86/100g)'}, {'shop': 'tesco', 'url': 'https://www.tesco.com/groceries/en-GB/products/295460337', 'product_name': 'Organix Goodies Banana Puffcorn 4 X 10G', 'product_price': '£ 1.95', 'product_additionals': '£4.88/100g'}, {'shop': 'tesco', 'url': 'https://www.tesco.com/groceries/en-GB/products/305039619', 'product_name': 'Cerelac Farmers Selection Wheat Snack Raspberry Banana 35G', 'product_price': '£ 1.70', 'product_additionals': '£48.58/kg'}, {'shop': 'asda', 'url': 'https://groceries.asda.com/product/1000145216149', 'product_name': 'Yes! Delicious Dark Choc, Banana & Pecan Fruit & Nut Bar', 'product_price': '£1.50', 'product_additionals': '(£4.29/100g)'}, {'shop': 'tesco', 'url': 'https://www.tesco.com/groceries/en-GB/products/305432108', 'product_name': "Ella's Kitchen Organic Strawberry & Banana Mini Puffs 4X8g", 'product_price': '£ 2.00', 'product_additionals': '£62.50/kg'}, {'shop': 'tesco', 'url': 'https://www.tesco.com/groceries/en-GB/products/305437161', 'product_name': "Ella's Kitchen Organic Peach & Banana Melty Sticks 16G", 'product_price': '£ 1.00', 'product_additionals': '£62.50/kg'}, {'shop': 'tesco', 'url': 'https://www.tesco.com/groceries/en-GB/products/305252407', 'product_name': 'Kiddylicious Buttons Banana & Pumpkin 30G', 'product_price': '£ 2.50', 'product_additionals': '£83.34/kg'}, {'shop': 'tesco', 'url': 'https://www.tesco.com/groceries/en-GB/products/273925110', 'product_name': 'Kiddylicious Strawberry & Banana Smoothie Melts 6G', 'product_price': '£ 0.55', 'product_additionals': '£91.67/kg'}, {'shop': 'asda', 'url': 'https://groceries.asda.com/product/910002979301', 'product_name': 'ASDA 6 Low Fat Smooth Vanilla & Banana Yogurts', 'product_price': '£0.85', 'product_additionals': '(11.3p/100g)'}, {'shop': 'tesco', 'url': 'https://www.tesco.com/groceries/en-GB/products/282185337', 'product_name': 'Bonjela Junior Banana Gel 15G', 'product_price': '£ 4.00', 'product_additionals': '£26.67/100g'}, {'shop': 'asda', 'url': 'https://groceries.asda.com/product/1000186791345', 'product_name': 'Frubes Strawberry and Banana Flavour Yogurt', 'product_price': '£1.00', 'product_additionals': '(30.0p/100g)'}, {'shop': 'asda', 'url': 'https://groceries.asda.com/product/910003201284', 'product_name': 'Ambrosia Banana Devon Custard Pot', 'product_price': '£0.59', 'product_additionals': '(39.3p/100g)'}, {'shop': 'asda', 'url': 'https://groceries.asda.com/product/910000446282', 'product_name': 'Munch Bunch Double Up Strawberry & Banana Yogurts', 'product_price': '£1.00', 'product_additionals': '(29.4p/100g)'}, {'shop': 'asda', 'url': 'https://groceries.asda.com/product/1000111446539', 'product_name': 'ASDA Banana Flakes Split Pot Yogurt', 'product_price': '£0.45', 'product_additionals': '(33.3p/100g)'}, {'shop': 'asda', 'url': 'https://groceries.asda.com/product/910001429819', 'product_name': 'Weetabix Crispy Minis Banana', 'product_price': '£2.89', 'product_additionals': '(48.2p/100g)'}, {'shop': 'asda', 'url': 'https://groceries.asda.com/product/1000220971543', 'product_name': 'Tropical Sun Banana Blossom in Water', 'product_price': '£1.39', 'product_additionals': '(34.8p/100g)'}, {'shop': 'asda', 'url': 'https://groceries.asda.com/product/18232503', 'product_name': 'Nesquik Banana Milkshake Mix', 'product_price': '£1.50', 'product_additionals': '(50.0p/100g)'}, {'shop': 'asda', 'url': 'https://groceries.asda.com/product/1000116808339', 'product_name': 'Muller Light Fat Free Banana and Custard Yogurt', 'product_price': '£0.55', 'product_additionals': '(34.4p/100g)'}, {'shop': 'asda', 'url': 'https://groceries.asda.com/product/910002046737', 'product_name': "Dunn's River Original Banana Flavour Milk Drink", 'product_price': '£1.40', 'product_additionals': '(35.0p/100g)'}, {'shop': 'asda', 'url': 'https://groceries.asda.com/product/1000120228326', 'product_name': 'Muller Corner Vanilla Chocolate Balls & Banana Chocolate Flakes Yogurt', 'product_price': '£1.99', 'product_additionals': '(25.5p/100g)'}, {'shop': 'asda', 'url': 'https://groceries.asda.com/product/910001598288', 'product_name': 'ASDA Banana Flavoured Milkshake Mix', 'product_price': '£1.49', 'product_additionals': '(49.7p/100g)'}, {'shop': 'asda', 'url': 'https://groceries.asda.com/product/1000128213080', 'product_name': 'ASDA Banana Blossom in Water', 'product_price': '£1.50', 'product_additionals': '(60.0p/100g)'}, {'shop': 'asda', 'url': 'https://groceries.asda.com/product/910002523074', 'product_name': 'Del Monte Squeezie Apple Strawberry & Banana', 'product_price': '£0.50', 'product_additionals': '(50.0p/100g)'}, {'shop': 'asda', 'url': 'https://groceries.asda.com/product/1000120228335', 'product_name': 'Muller Corner Banana Yogurt with Chocolate Flakes', 'product_price': '£0.55', 'product_additionals': '(42.3p/100g)'}, {'shop': 'asda', 'url': 'https://groceries.asda.com/product/1000115100492', 'product_name': 'ASDA Shrimps & Bananas Foam Sweets', 'product_price': '£0.25', 'product_additionals': '(62.5p/100g)'}, {'shop': 'asda', 'url': 'https://groceries.asda.com/product/910003080762', 'product_name': 'ASDA Giant Shrimps & Bananas Foam Sweets', 'product_price': '£0.90', 'product_additionals': '(56.2p/100g)'}, {'shop': 'asda', 'url': 'https://groceries.asda.com/product/910001457934', 'product_name': 'Petits Filous Banana & Strawberry Yogurt', 'product_price': '£1.70', 'product_additionals': '(60.3p/100g)'}, {'shop': 'asda', 'url': 'https://groceries.asda.com/product/78769040', 'product_name': 'Pronto Pre-Cooked Cornmeal Porridge Mix Banana', 'product_price': '£0.65', 'product_additionals': '(54.2p/100g)'}, {'shop': 'asda', 'url': 'https://groceries.asda.com/product/910001087561', 'product_name': 'Angel Delight Banana Flavour', 'product_price': '£0.50', 'product_additionals': '(84.8p/100g)'}, {'shop': 'asda', 'url': 'https://groceries.asda.com/product/1000161871336', 'product_name': 'Petits Filous No Added Sugar Strawberry & Banana Yogurts', 'product_price': '£1.70', 'product_additionals': '(60.3p/100g)'}, {'shop': 'asda', 'url': 'https://groceries.asda.com/product/1000206330944', 'product_name': 'Muller Corner Skyr Banana & Almond Granola Yogurt', 'product_price': '£1.20', 'product_additionals': '(66.7p/100g)'}]

