rv[('asda', 'https://groceries.asda.com/product/910000464281', 'Ahmed Banana Jelly', '£0.55', 'No weight data'), ('tesco', 'https://www.tesco.com/groceries/en-GB/products/307758709', 'Alpro No Bits Strawberry Banana Yogurt Alternative 4X125g', '£ 1.90', '£3.80/kg'), ('asda', 'https://groceries.asda.com/product/910000429344', 'Alpro No Bits Strawberry-Banana & Peach-Pear Yoghurt Alternative', '£1.50', 'No weight data'), ('sains', 'https://www.sainsburys.co.uk/shop/gb/groceries/product/details/dairy-and-chilled-essentials/alpro-smooth-yogurt-alternative-4x125g', 'Alpro No Bits Strawberry-Banana & Peach-Pear Yoghurt Alternative 4x125g', '£1.90', '38p / 100g'), ('sains', 'https://www.sainsburys.co.uk/shop/gb/groceries/product/details/dairy-free-cheese-and-milk/alpro-smooth-yogurt-alternative-4x125g', 'Alpro No Bits Strawberry-Banana & Peach-Pear Yoghurt Alternative 4x125g', '£1.90', '38p / 100g'), ('asda', 'https://groceries.asda.com/product/910003201284', 'Ambrosia Banana Devon Custard Pot', '£0.59', '(39.3p/100g)'), ('tesco', 'https://www.tesco.com/groceries/en-GB/products/297609638', 'Ambrosia Devon Custard Banana 150G', '£ 0.50', '£0.33/100g'), ('tesco', 'https://www.tesco.com/groceries/en-GB/products/254903706', 'Angel Delight Banana 59G', '£ 0.50', '£0.85/100g'), ('asda', 'https://groceries.asda.com/product/910001087561', 'Angel Delight Banana Flavour', '£0.50', '(84.8p/100g)'), ('tesco', 'https://www.tesco.com/groceries/en-GB/products/305255669', 'Aptamil Creamed Banana Porridge 125G', '£ 2.50', '£2.00/100g'), ('asda', 'https://groceries.asda.com/product/1000195752234', 'Aptamil Creamed Banana Porridge Baby Cereal 4-6 Months', '£2.50', 'No weight data'), ('asda', 'https://groceries.asda.com/product/1000195752179', 'Aptamil Multigrain Banana & Berry Baby Cereal 7+ Months', '£3.00', 'No weight data'), ('asda', 'https://groceries.asda.com/product/910002979301', 'ASDA 6 Low Fat Smooth Vanilla & Banana Yogurts', '£0.85', '(11.3p/100g)'), ('asda', 'https://groceries.asda.com/product/1000128213080', 'ASDA Banana Blossom in Water', '£1.50', '(60.0p/100g)'), ('asda', 'https://groceries.asda.com/product/910001929275', 'ASDA Banana Chips', '£1.00', '(£6.67/kg)'), ('asda', 'https://groceries.asda.com/product/1000111446539', 'ASDA Banana Flakes Split Pot Yogurt', '£0.45', '(33.3p/100g)'), ('asda', 'https://groceries.asda.com/product/32932', 'ASDA Banana Flavoured Milk', '£1.00', 'No weight data'), ('asda', 'https://groceries.asda.com/product/910001598288', 'ASDA Banana Flavoured Milkshake Mix', '£1.49', '(49.7p/100g)'), ('asda', 'https://groceries.asda.com/product/1000202846271', 'ASDA Galaxy Shimmer Banana Fragrance Bath & Shower Gel', '£1.49', 'No weight data'), ('asda', 'https://groceries.asda.com/product/1000144509229', 'ASDA Garden Gang Bananas', '£1.00', '(12.5p/each)'), ('asda', 'https://groceries.asda.com/product/910003080762', 'ASDA Giant Shrimps & Bananas Foam Sweets', '£0.90', '(56.2p/100g)'), ('asda', 'https://groceries.asda.com/product/1000197472184', "ASDA Grower's Selection 7 Bananas", '£0.98', 'No weight data'), ('asda', 'https://groceries.asda.com/product/20332', "ASDA Grower's Selection Loose Banana (order by number of bananas or select kg)", '£0.13', 'No weight data'), ('asda', 'https://groceries.asda.com/product/1000128213094', "ASDA Grower's Selection Organic Fairtrade Bananas", '£1.00', 'No weight data'), ('asda', 'https://groceries.asda.com/product/910001788664', 'ASDA Little Angels Organic Banana Flavoured Biscotti 7+ Months', '£0.75', 'No weight data'), ('asda', 'https://groceries.asda.com/product/910002314137', 'ASDA Little Angels Organic Squeezy Fruit Pouch Apple Mango & Banana 6+ Months', '£0.52', 'No weight data'), ('asda', 'https://groceries.asda.com/product/1000001819529', 'ASDA Little Angels Organic Yummy Fruit Apple, Banana, Peach & Pear 6+ Months', '£1.50', 'No weight data'), ('asda', 'https://groceries.asda.com/product/1000001819412', 'ASDA Little Angels Organic Yummy Fruit Apple, Mango & Banana Pouches 6+ Months', '£1.50', 'No weight data'), ('asda', 'https://groceries.asda.com/product/910000423336', 'ASDA Pineapple, Banana & Coconut Smoothie', '£1.29', 'No weight data'), ('asda', 'https://groceries.asda.com/product/1000115100492', 'ASDA Shrimps & Bananas Foam Sweets', '£0.25', '(62.5p/100g)'), ('asda', 'https://groceries.asda.com/product/1000220154405', 'ASDA Strawberry & Banana Flavour Greek Yogurts', '£1.50', 'No weight data'), ('asda', 'https://groceries.asda.com/product/5212509', 'ASDA Strawberry & Banana Smoothie', '£1.00', 'No weight data'), ('asda', 'https://groceries.asda.com/product/910002339345', 'ASDA Summer Fruits & Banana Smoothie Mix', '£1.65', 'No weight data'), ('asda', 'https://groceries.asda.com/product/1000012278898', 'Banana Boat Advanced Protection Baby Protective Sun Lotion SPF 50', '£11.95', 'No weight data'), ('asda', 'https://groceries.asda.com/product/1000012279498', 'Banana Boat Advanced Protection Baby Protective Sun Lotion UVA/UVB SPF 50 60ml', '£4.00', 'No weight data'), ('asda', 'https://groceries.asda.com/product/1000012277489', 'Banana Boat Advanced Protection Kids Protective Sun Lotion UVA/UVB SPF 50', '£11.95', 'No weight data'), ('asda', 'https://groceries.asda.com/product/1000012278240', 'Banana Boat Advanced Protection Kids Protective Sun Lotion UVA/UVB SPF 50 60ml', '£4.00', 'No weight data'), ('asda', 'https://groceries.asda.com/product/910002945424', 'Banana Boat After Sun Aloe Vera Gel', '£4.00', '(£1.74/100g)'), ('sains', 'https://www.sainsburys.co.uk/shop/gb/groceries/product/details/all-price-lock/banana-boat-aloe-vera-gel-230g', 'Banana Boat Aloe Vera Gel 230g', '£3.00', '£1.30 / 100g'), ('tesco', 'https://www.tesco.com/groceries/en-GB/products/257416909', 'Banana Boat Aloe Vera Gel 230G', '£ 3.00', '£1.31/100g'), ('asda', 'https://groceries.asda.com/product/1000012278146', 'Banana Boat UltraMist Advanced Protection Baby Clear Spray Sun Protection SPF 50', '£12.00', 'No weight data'), ('asda', 'https://groceries.asda.com/product/1000012278354', 'Banana Boat UltraMist Advanced Protection Kids Clear Spray Sun Protection SPF50 220ml', '£12.00', 'No weight data'), ('aldi', 'https://www.aldi.co.uk/banana-flavoured-1%25-fat-milk/p/063365075910900', 'Banana Flavoured 1% Fat Milk', '0.85', '85p per litre'), ('asda', 'https://groceries.asda.com/product/1000189834728', 'Bananas Crushie Characters (4+ Years)', '£4.00', '(£4.00/each)'), ('tesco', 'https://www.tesco.com/groceries/en-GB/products/275280804', 'Bananas Loose', '£ 0.13', '£0.73/kg'), ('sains', 'https://www.sainsburys.co.uk/shop/gb/groceries/product/details/new-355373-44/bare-fruit-snacks-banana-chips-24g', 'Bare Fruit Snacks Banana Chips 24g', '£1.40', '£5.83 / 100g'), ('tesco', 'https://www.tesco.com/groceries/en-GB/products/271681734', 'Bobo Frut Apple Banana & Carrot Juice 300Ml', '£ 1.40', '£0.47/100ml'), ('tesco', 'https://www.tesco.com/groceries/en-GB/products/282185337', 'Bonjela Junior Banana Gel 15G', '£ 4.00', '£26.67/100g'), ('tesco', 'https://www.tesco.com/groceries/en-GB/products/305039619', 'Cerelac Farmers Selection Wheat Snack Raspberry Banana 35G', '£ 1.70', '£48.58/kg'), ('asda', 'https://groceries.asda.com/product/80353893', 'Charles Wells Banana Bread Beer', '£1.83', '(£3.66/lt)'), ('coop', 'https://www.coop.co.uk/products/co-op-fairtrade-bananas-pack', 'Co-op Fairtrade Bananas', '£1.10', '(£1.10 per item)'), ('coop', 'https://www.coop.co.uk/products/co-op-fairtrade-small-bananas', 'Co-op Fairtrade Small Bananas', '£0.79\nwas\n£0.90', '(79.0p per item)'), ('tesco', 'https://www.tesco.com/groceries/en-GB/products/308026032', 'Code Name Bananas David Walliams', '£ 7.50', '£7.50/each'), ('tesco', 'https://www.tesco.com/groceries/en-GB/products/285845451', 'Complan Nutritional Drink Banana 4X55g', '£ 3.50', '£1.60/100g'), ('tesco', 'https://www.tesco.com/groceries/en-GB/products/253052928', 'Cow & Gate Apple & Banana Fruit Pot 4X100g 4 Mth+', '£ 1.45', '£3.63/kg'), ('asda', 'https://groceries.asda.com/product/910003267758', 'Cow & Gate Apple & Banana Fruit Pouches 4+ Months', '£2.80', 'No weight data'), ('sains', 'https://www.sainsburys.co.uk/shop/gb/groceries/product/details/price-lock-baby-toddler/cow-gate-apple-banana-frt-pot', 'Cow & Gate Apple & Banana Fruit Puree Pots 4x100g', '£1.45', '36p / 100g'), ('tesco', 'https://www.tesco.com/groceries/en-GB/products/305248540', 'Cow & Gate Apple Banana & Strawberry Pouches 4 X 100G', '£ 2.60', '£0.65/100g'), ('asda', 'https://groceries.asda.com/product/1000027214099', 'Cow & Gate Apple, Blackcurrant & Banana Fruit Pots from 4-6+ Months', '£1.30', 'No weight data'), ('asda', 'https://groceries.asda.com/product/1000195178720', 'Cow & Gate Apple, Strawberry & Banana Baby Fruit Pouches 4+ Months', '£2.80', 'No weight data'), ('asda', 'https://groceries.asda.com/product/910002552781', 'Cow & Gate Banana Crumble Baby Food Jar 7+ Months', '£0.65', 'No weight data'), ('asda', 'https://groceries.asda.com/product/910000032251', 'Cow & Gate Banana Muesli 10+ Months', '£2.45', 'No weight data'), ('tesco', 'https://www.tesco.com/groceries/en-GB/products/304408975', 'Cow & Gate Banana Porridge 125G', '£ 1.75', '£1.40/100g DR.WT'), ('asda', 'https://groceries.asda.com/product/1000164732226', 'Cow & Gate Banana Porridge Baby Cereal 4-6+ Months', '£1.75', 'No weight data'), ('asda', 'https://groceries.asda.com/product/1000164732156', 'Cow & Gate Banana Wholegrain Porridge Baby Cereal 7+ Months', '£2.39', 'No weight data'), ('tesco', 'https://www.tesco.com/groceries/en-GB/products/304370401', 'Cow & Gate Banana Wholegrain Porridge Baby Cereal From 7 Month 200G', '£ 2.00', '£10.00/kg DR.WT'), ('asda', 'https://groceries.asda.com/product/910002552619', 'Cow & Gate Bursting Apple Banana & Berries Baby Food Jar 4m+', '£0.58', 'No weight data'), ('asda', 'https://groceries.asda.com/product/910002552653', 'Cow & Gate Bursting Berries & Banana Baby Food Jar 7+ Months', '£0.65', 'No weight data'), ('tesco', 'https://www.tesco.com/groceries/en-GB/products/296715393', 'Cow & Gate Fruit Pouch Apple & Banana 4 X 100G', '£ 2.60', '£0.65/100g'), ('sains', 'https://www.sainsburys.co.uk/shop/gb/groceries/product/details/all-price-lock/cow---gate-multigrain-banana-porridge-baby-cereal-200g--7484898-p', 'Cow & Gate Multigrain Banana Porridge Baby Cereal 200g', '£2.00', '£1.00 / 100g'), ('asda', 'https://groceries.asda.com/product/910002551802', 'Cow & Gate Yummy Banana Yoghurt Baby Food Jar 6m+', '£0.58', 'No weight data'), ('tesco', 'https://www.tesco.com/groceries/en-GB/products/292943740', 'Cow & Gate Yummy Banana Yogurt 6Mth+ 125G Jar', '£ 0.60', '£4.80/kg'), ('tesco', 'https://www.tesco.com/groceries/en-GB/products/305435877', 'Creative Nature W.Grain Banana Bread Baking Mix 250G', '£ 2.99', '£11.96/kg'), ('asda', 'https://groceries.asda.com/product/1000182959725', 'Creative Nature Wholegrain Banana Bread Baking Mix', '£2.99', 'No weight data'), ('tesco', 'https://www.tesco.com/groceries/en-GB/products/305250248', 'Danone Kids Organic Raspberry & Banana Yogurt 4 X 70G', '£ 1.50', '£0.54/100g'), ('sains', 'https://www.sainsburys.co.uk/shop/gb/groceries/product/details/dairy-eggs-new/danone-kids-organic-strawberry-banana-no-added-sugar-yogurt-70g', 'Danone Kids Organic Strawberry & Banana No Added Sugar Yogurt 70g', '75p', '£1.07 / 100g'), ('sains', 'https://www.sainsburys.co.uk/shop/gb/groceries/product/details/new-355373-44/danone-kids-organic-strawberry-banana-no-added-sugar-yogurt-70g', 'Danone Kids Organic Strawberry & Banana No Added Sugar Yogurt 70g', '75p', '£1.07 / 100g'), ('sains', 'https://www.sainsburys.co.uk/shop/gb/groceries/product/details/all-organic-/danone-kids-organic-strawberry-banana-no-added-sugar-yogurt-4x70g', 'Danone Kids Organic Strawberry & Banana No Added Sugar Yogurt Pouches 4x70g', '£1.50', '54p / 100g'), ('tesco', 'https://www.tesco.com/groceries/en-GB/products/305255675', 'Danone Kids Organic Strawberry & Banana Yogurt 4 X 70G', '£ 1.50', '£0.54/100g'), ('asda', 'https://groceries.asda.com/product/1000194987813', 'Danone Kids Strawberry & Banana Yogurt Pouch', '£0.70', 'No weight data'), ('sains', 'https://www.sainsburys.co.uk/shop/gb/groceries/product/details/dairy-eggs-special-offers/danone-simply-fruit-veg-mango-carrot-banana-yogurt-4x110g', 'Danone Mango, Carrot & Banana No Added Sugar Yogurt 4x110g', '£1.25', '29p / 100g'), ('sains', 'https://www.sainsburys.co.uk/shop/gb/groceries/product/details/all-yogurt/danone-simply-fruit-veg-mango-carrot-banana-yogurt-4x110g', 'Danone Mango, Carrot & Banana No Added Sugar Yogurt 4x110g', '£1.25', '29p / 100g'), ('asda', 'https://groceries.asda.com/product/910002523074', 'Del Monte Squeezie Apple Strawberry & Banana', '£0.50', '(50.0p/100g)'), ('asda', 'https://groceries.asda.com/product/910002046737', "Dunn's River Original Banana Flavour Milk Drink", '£1.40', '(35.0p/100g)'), ('tesco', 'https://www.tesco.com/groceries/en-GB/products/271113227', 'Dunns River Nurishment Original Banana Flavoured 400G', '£ 1.40', '£0.35/100g'), ('tesco', 'https://www.tesco.com/groceries/en-GB/products/271413039', "Ella's Banana & Raisin Nibbly Fingers 5 X 25G", '£ 2.50', '£20.00/kg'), ('tesco', 'https://www.tesco.com/groceries/en-GB/products/271646345', "Ella's Kitchen Banana & Apricot Baby Rice 120G", '£ 1.10', '£9.17/kg'), ('tesco', 'https://www.tesco.com/groceries/en-GB/products/291314691', "Ella's Kitchen Banana & Cinnamon Muesli 215G", '£ 2.45', '£1.14/100g'), ('tesco', 'https://www.tesco.com/groceries/en-GB/products/292759370', "Ella's Kitchen Banana & Vanilla Bread Pudding 4X80g", '£ 1.75', '£4.87/kg'), ('tesco', 'https://www.tesco.com/groceries/en-GB/products/271028720', "Ella's Kitchen Bananas 70G", '£ 0.80', '£11.43/kg'), ('tesco', 'https://www.tesco.com/groceries/en-GB/products/286348001', "Ella's Kitchen Melty Puffs Strawberry Banana 20G", '£ 0.70', '£3.50/100g'), ('asda', 'https://groceries.asda.com/product/910002274084', "Ella's Kitchen Organic Banana and Cinnamon Dry Museli Baby Breakfast 10+ Months", '£2.30', 'No weight data'), ('asda', 'https://groceries.asda.com/product/910002651047', "Ella's Kitchen Organic Banana and Raisin Oaty Fingers Bars Multipack Snack 12+ Months", '£2.35', 'No weight data'), ('asda', 'https://groceries.asda.com/product/910002650221', "Ella's Kitchen Organic Banana and Vanilla Bread Pudding Baby Dessert Pot Multipack 7+ Months", '£1.70', 'No weight data'), ('tesco', 'https://www.tesco.com/groceries/en-GB/products/305435733', "Ella's Kitchen Organic Banana Apple Blueberry Baby Rice 120G", '£ 1.10', '£0.92/100g'), ('asda', 'https://groceries.asda.com/product/910000092481', "Ella's Kitchen Organic Banana Baby Brekkie Pouch 6+ Months", '£1.05', 'No weight data'), ('asda', 'https://groceries.asda.com/product/910002273510', "Ella's Kitchen Organic Banana Multigrain Baby Rice Pouch 4+ Months", '£2.30', 'No weight data'), ('sains', 'https://www.sainsburys.co.uk/shop/gb/groceries/product/details/all-price-lock/ellas-kitchen-organic-bananas-coconuts-pouch-4-months-120g', "Ella's Kitchen Organic Bananas & Coconuts Pouch 4+ Months 120g", '£1.00', '83p / 100g'), ('asda', 'https://groceries.asda.com/product/1000000470330', "Ella's Kitchen Organic Bananas and Apples Baby Pouch 4+ Months", '£1.05', 'No weight data'), ('asda', 'https://groceries.asda.com/product/910002273714', "Ella's Kitchen Organic Bananas and Coconuts Baby Pouch 4+ Months", '£1.05', 'No weight data'), ('asda', 'https://groceries.asda.com/product/910000530458', "Ella's Kitchen Organic Bananas First Tastes Baby Pouch 4+ Months", '£0.90', 'No weight data'), ('asda', 'https://groceries.asda.com/product/910001801510', "Ella's Kitchen Organic Bluberries, Apples, Bananas and Vanilla Baby Pouch 4+ Months", '£1.05', 'No weight data'), ('asda', 'https://groceries.asda.com/product/1000201691476', "Ella's Kitchen Organic Dairy Free Banana Yoghurt Alternative Baby Pouch 6+ Months", '£1.00', 'No weight data'), ('asda', 'https://groceries.asda.com/product/1000243014175', "Ella's Kitchen Organic Dairy Free Rice Pudding with Bananas + Strawberries Baby Pouch 7+ Months", '£1.30', 'No weight data'), ('asda', 'https://groceries.asda.com/product/1000054991276', "Ella's Kitchen Organic Mango and Banana Rice Cakes Baby Snack 7+ Months", '£1.00', 'No weight data'), ('tesco', 'https://www.tesco.com/groceries/en-GB/products/305437161', "Ella's Kitchen Organic Peach & Banana Melty Sticks 16G", '£ 1.00', '£62.50/kg'), ('asda', 'https://groceries.asda.com/product/1000059825288', "Ella's Kitchen Organic Peach and Banana Melty Sticks Baby Snack 7+ Months", '£0.75', 'No weight data'), ('asda', 'https://groceries.asda.com/product/910000224871', "Ella's Kitchen Organic Peaches and Bananas Baby Pouch 4+ Months", '£1.05', 'No weight data'), ('sains', 'https://www.sainsburys.co.uk/shop/gb/groceries/product/details/all-price-lock/ellas-organic-peaches---bananas--stage-1-120g', "Ella's Kitchen Organic Peaches and Bananas Baby Pouch 4+ Months 120g", '£1.00', '83p / 100g'), ('tesco', 'https://www.tesco.com/groceries/en-GB/products/305432108', "Ella's Kitchen Organic Strawberry & Banana Mini Puffs 4X8g", '£ 2.00', '£62.50/kg'), ('asda', 'https://groceries.asda.com/product/910001819336', "Ella's Kitchen Organic Strawberry and Banana Melty Puffs Baby Snack 6+ Months", '£0.75', 'No weight data'), ('asda', 'https://groceries.asda.com/product/1000201691543', "Ella's Kitchen Organic Strawberry and Banana Mini Puffs Multipack Baby Snack 10+ Months", '£2.00', 'No weight data'), ('asda', 'https://groceries.asda.com/product/910002075991', "Ella's Kitchen Organic Vanilla and Banana Baby Biscuits Multipack Snack 10+ Months", '£2.00', 'No weight data'), ('asda', 'https://groceries.asda.com/product/910002987680', "Ella's Kitchen Organic Vanilla and Banana Melty Hoops Baby Snack 10+ Months", '£0.75', 'No weight data'), ('asda', 'https://groceries.asda.com/product/1000000984240', 'FRijj Banana Flavour Milkshake', '£1.00', '(25.0p/100ml)'), ('tesco', 'https://www.tesco.com/groceries/en-GB/products/302328986', 'Frubes Banana & Strawberry Yogurts 9X37g', '£ 2.00', '£0.60/100g'), ('asda', 'https://groceries.asda.com/product/1000186791345', 'Frubes Strawberry and Banana Flavour Yogurt', '£1.00', '(30.0p/100g)'), ('tesco', 'https://www.tesco.com/groceries/en-GB/products/304786029', 'Fruit Bowl Banana Wheat Biscuit 24 450G', '£ 2.30', '£0.51/100g'), ('asda', 'https://groceries.asda.com/product/1000191935967', 'FUEL10K Banana & Chocolate High Protein Oat Muffin Pot', '£1.00', '(£1.67/100g)'), ('asda', 'https://groceries.asda.com/product/910001743535', 'FUEL10K High Protein Banana Breakfast Milk Drink', '£1.30', '(39.4p/100ml)'), ('sains', 'https://www.sainsburys.co.uk/shop/gb/groceries/product/details/gluten-free-cereal/fuel10k-high-protein-banana-breakfast-drink-330ml', 'FUEL10K High Protein Breakfast Milk Drink Banana 330ml', '£1.50', '45p / 100ml'), ('tesco', 'https://www.tesco.com/groceries/en-GB/products/307144779', 'Funktional Foods Vegan Protein Blend Banana 100G', '£ 3.00', '£30.00/kg'), ('asda', 'https://groceries.asda.com/product/1000109748224', 'Garnier Ultimate Blends Hair Food Banana 3-in-1 Dry Hair Mask Treatment', '£3.48', '(89.2p/100ml)'), ('asda', 'https://groceries.asda.com/product/1000194225936', 'Garnier Ultimate Blends Nourishing Banana Conditioner for Dry Hair', '£2.98', '(85.1p/100ml)'), ('asda', 'https://groceries.asda.com/product/1000194225937', 'Garnier Ultimate Blends Nourishing Banana Shampoo for Dry Hair', '£2.98', '(85.1p/100ml)'), ('tesco', 'https://www.tesco.com/groceries/en-GB/products/304868602', 'Goodbelly Oat Flakes With Banana & Blueberry 350G', '£ 3.50', '£1.00/100g'), ('asda', 'https://groceries.asda.com/product/910000481254', 'Grace Salted Green Banana Chips', '£0.90', '(£1.06/100g)'), ('asda', 'https://groceries.asda.com/product/1000016028172', 'Graze Protein Bites Banana Oat Squares', '£2.49', '(£2.08/100g)'), ('asda', 'https://groceries.asda.com/product/1000072591731', 'Grenade Carb Killa High Protein Shake Banana Armour Chocolate Banana', '£2.50', 'No weight data'), ('tesco', 'https://www.tesco.com/groceries/en-GB/products/265160818', 'Happy Monkey Strawberries & Bananas 4 Pack', '£ 2.00', '£0.28/100ml'), ('asda', 'https://groceries.asda.com/product/910000468383', 'Happy Monkey Strawberry & Banana Smoothie', '£2.00', 'No weight data'), ('sains', 'https://www.sainsburys.co.uk/shop/gb/groceries/product/details/price-lock-baby-toddler/heinz-7-months-first-steps-oaty-banana-porridge-240g', 'Heinz 7+ Months First Steps Oaty Banana Porridge 240g', '£2.65', '£1.10 / 100g'), ('asda', 'https://groceries.asda.com/product/1000246462060', 'Heinz Apple, Banana & Cereal Fruit Pouch 6+ Months', '£0.80', 'No weight data'), ('asda', 'https://groceries.asda.com/product/1000246462080', 'Heinz Apple, Banana & Watermelon Fruit Pouch 6+ Months', '£0.80', 'No weight data'), ('tesco', 'https://www.tesco.com/groceries/en-GB/products/267999318', 'Heinz Banana Biscotti 60G', '£ 0.70', '£11.67/kg'), ('asda', 'https://groceries.asda.com/product/910000387334', 'Heinz Banana Biscotti 7+ Months', '£0.67', 'No weight data'), ('sains', 'https://www.sainsburys.co.uk/shop/gb/groceries/product/details/all-price-lock/heinz-banana-bicotti-60g', 'Heinz Banana Biscotti Snack 60g 7 Month+', '75p', '£1.25 / 100g'), ('sains', 'https://www.sainsburys.co.uk/shop/gb/groceries/product/details/price-lock-baby-toddler/heinz-banana-bicotti-60g', 'Heinz Banana Biscotti Snack 60g 7 Month+', '75p', '£1.25 / 100g'), ('tesco', 'https://www.tesco.com/groceries/en-GB/products/299234140', 'Heinz Banana Custard 4X100g', '£ 1.60', '£4.00/kg'), ('tesco', 'https://www.tesco.com/groceries/en-GB/products/304379766', 'Heinz By Nature Apple Banana Apricot 4 Month Plus 4 X 100G', '£ 1.35', '£3.38/kg'), ('asda', 'https://groceries.asda.com/product/1000195178733', 'Heinz By Nature Apple, Apricot, Banana & Orange 6+ Months', '£0.65', 'No weight data'), ('asda', 'https://groceries.asda.com/product/1000123650072', 'Heinz By Nature Apple, Banana & Apricot 4+ Months', '£1.20', 'No weight data'), ('asda', 'https://groceries.asda.com/product/1000019306634', 'Heinz By Nature Apple, Pear & Banana 4+ Months', '£0.80', 'No weight data'), ('asda', 'https://groceries.asda.com/product/1000019306987', 'Heinz By Nature Fruity Banana Custard 4+ Months', '£1.20', 'No weight data'), ('asda', 'https://groceries.asda.com/product/1000123650097', 'Heinz By Nature Fruity Banana Yogurt 4+ Months', '£1.20', 'No weight data'), ('asda', 'https://groceries.asda.com/product/1000019306770', 'Heinz By Nature Peach, Mango, Banana & Apple 4+ Months', '£3.00', 'No weight data'), ('asda', 'https://groceries.asda.com/product/1000019306867', 'Heinz By Nature Peach, Mango, Banana & Apple 4+ Months', '£0.80', 'No weight data'), ('asda', 'https://groceries.asda.com/product/1000019306976', 'Heinz By Nature Strawberry, Banana, Raspberry & Apple 4+ Months', '£0.80', 'No weight data'), ('asda', 'https://groceries.asda.com/product/1000019306623', 'Heinz By Nature Strawberry, Banana, Raspberry & Apple 4+ Months', '£3.00', 'No weight data'), ('tesco', 'https://www.tesco.com/groceries/en-GB/products/276867761', 'Heinz Fruit Pouch Peach Mango & Banana 100G', '£ 1.00', '£1.00/100g'), ('asda', 'https://groceries.asda.com/product/910002650983', 'Heinz Oat & Banana Multigrain 7+ Months', '£2.95', 'No weight data'), ('asda', 'https://groceries.asda.com/product/910002366223', 'Heinz Strawberry and Banana Biscotti 7+ Months', '£0.67', 'No weight data'), ('asda', 'https://groceries.asda.com/product/910002650890', 'Heinz Sunrise Banana Baby Porridge 6+ Months', '£2.95', 'No weight data'), ('asda', 'https://groceries.asda.com/product/1000111689972', 'HiPP Apple & Banana Swiss Style Muesli Baby Cereal 7+ Months', '£2.15', 'No weight data'), ('asda', 'https://groceries.asda.com/product/1000111689983', 'HiPP Banana & Plum Muesli Baby Cereal 10+ Months', '£2.25', 'No weight data'), ('asda', 'https://groceries.asda.com/product/1000054229292', 'HiPP Banana Rice Breakfast Baby Food Jar 4+ Months', '£0.70', 'No weight data'), ('asda', 'https://groceries.asda.com/product/2133502', 'HiPP Banana Yogurt Breakfast Baby Food Jar 6+ Months', '£0.70', 'No weight data'), ('asda', 'https://groceries.asda.com/product/75631072', 'HiPP Fruit Layer Mango & Banana Topped With Yogurt Baby Food Jar 7+ Months', '£0.85', 'No weight data'), ('sains', 'https://www.sainsburys.co.uk/shop/gb/groceries/product/details/all-price-lock/hipp-org-banana-rice-breakfast-125g', 'HiPP Organic Banana Rice Breakfast 4+ Months 125g', '60p', '48p / 100g'), ('sains', 'https://www.sainsburys.co.uk/shop/gb/groceries/product/details/all-price-lock/hipp-organic-stage-1--banana--yoghurt-breakfast-125g', 'HiPP Organic Banana Yogurt Breakfast 125g', '60p', '48p / 100g'), ('sains', 'https://www.sainsburys.co.uk/shop/gb/groceries/product/details/price-lock-baby-toddler/hipp-organic-stage-1--banana--yoghurt-breakfast-125g', 'HiPP Organic Banana Yogurt Breakfast 125g', '60p', '48p / 100g'), ('sains', 'https://www.sainsburys.co.uk/shop/gb/groceries/product/details/all-price-lock/hipp-organic-mango---banana-with-yogurt-160g', 'HiPP Organic Mango & Banana With Yogurt Jar 160g 7 Month+', '70p', '44p / 100g'), ('sains', 'https://www.sainsburys.co.uk/shop/gb/groceries/product/details/milk-flavoured-milk/holy-moly:-banana-nut-shake-750ml', 'Holy Moly Banana Nut Shake 750ml', '£3.80', '£5.07 / ltr'), ('sains', 'https://www.sainsburys.co.uk/shop/gb/groceries/product/details/vegetarian-food/holy-moly:-banana-nut-shake-750ml', 'Holy Moly Banana Nut Shake 750ml', '£3.80', '£5.07 / ltr'), ('sains', 'https://www.sainsburys.co.uk/shop/gb/groceries/product/details/plant-based-drinks/holy-moly:-banana-nut-shake-750ml', 'Holy Moly Banana Nut Shake 750ml', '£3.80', '£5.07 / ltr'), ('asda', 'https://groceries.asda.com/product/910000485060', 'Innocent Pineapple Banana & Coconut Smoothie', '£2.00', 'No weight data'), ('tesco', 'https://www.tesco.com/groceries/en-GB/products/253845148', 'Innocent Strawberries & Bananas 250Ml', '£ 1.79', '£0.72/100ml'), ('coop', 'https://www.coop.co.uk/products/innocent-strawberries-and-bananas-smoothie-750ml', 'Innocent Strawberries and Bananas Smoothie 750ml', '£3.35', '750ml (26.7p per 100ml)'), ('asda', 'https://groceries.asda.com/product/910000485447', 'Innocent Strawberry & Banana Smoothie', '£2.00', 'No weight data'), ('tesco', 'https://www.tesco.com/groceries/en-GB/products/305154921', 'Joie Banana Pod', '£ 3.00', '£3.00/each'), ('asda', 'https://groceries.asda.com/product/1000195178632', 'Kiddylicious Banana & Pumpkin Melty Buttons', '£2.00', 'No weight data'), ('tesco', 'https://www.tesco.com/groceries/en-GB/products/305255053', 'Kiddylicious Banana & Strawberry Juicy Fruit Bar5x20g', '£ 2.35', '£23.50/kg'), ('asda', 'https://groceries.asda.com/product/1000195178778', 'Kiddylicious Banana & Strawberry Juicy Fruit Bars 12+ Months', '£1.75', 'No weight data'), ('asda', 'https://groceries.asda.com/product/910002273733', 'Kiddylicious Banana Fruity Puffs 7+ Months', '£1.75', 'No weight data'), ('tesco', 'https://www.tesco.com/groceries/en-GB/products/301892721', 'Kiddylicious Banana Soft Biscotti 6X20g', '£ 2.20', '£18.34/kg'), ('asda', 'https://groceries.asda.com/product/1000054483180', 'Kiddylicious Banana Soft Biscotti 7+ Months', '£2.00', 'No weight data'), ('asda', 'https://groceries.asda.com/product/1000108539148', 'Kiddylicious Banana Wafers 6+ Months', '£1.30', 'No weight data'), ('asda', 'https://groceries.asda.com/product/910001705972', 'Kiddylicious Banana Wafers 6+ Months', '£2.00', 'No weight data'), ('asda', 'https://groceries.asda.com/product/1000243014169', 'Kiddylicious Banana, Mango & Passion Fruit Smoothie Melts 12+ Months', '£2.20', 'No weight data'), ('tesco', 'https://www.tesco.com/groceries/en-GB/products/305252407', 'Kiddylicious Buttons Banana & Pumpkin 30G', '£ 2.50', '£83.34/kg'), ('asda', 'https://groceries.asda.com/product/1000026958496', 'Kiddylicious Mini Banana Coconut Rolls 12+ Months', '£2.00', 'No weight data'), ('asda', 'https://groceries.asda.com/product/1000243014246', 'Kiddylicious Strawberry & Banana Smoothie Melts 12+ Months', '£2.20', 'No weight data'), ('asda', 'https://groceries.asda.com/product/910000854438', 'Kiddylicious Strawberry & Banana Smoothie Melts 12+ Months', '£0.50', 'No weight data'), ('tesco', 'https://www.tesco.com/groceries/en-GB/products/273925110', 'Kiddylicious Strawberry & Banana Smoothie Melts 6G', '£ 0.55', '£91.67/kg'), ('tesco', 'https://www.tesco.com/groceries/en-GB/products/286671458', 'Kiddylicious Wafers Banana 40G', '£ 2.10', '£5.25/100g'), ('tesco', 'https://www.tesco.com/groceries/en-GB/products/280823888', 'Kubus Apple & Banana Mousse 100G', '£ 0.55', '£0.55/100g'), ('tesco', 'https://www.tesco.com/groceries/en-GB/products/279842342', 'Kubus Apple Banana Carrot & Strawberry Mousse 100G', '£ 0.55', '£0.55/100g'), ('tesco', 'https://www.tesco.com/groceries/en-GB/products/300420390', 'Kubus Banana & Strawberry 100% Drink 300Ml', '£ 0.60', '£0.20/100ml'), ('tesco', 'https://www.tesco.com/groceries/en-GB/products/300413139', 'Kubus Carrot Banana & Apple 100% Juice 900Ml', '£ 1.20', '£0.13/100ml'), ('asda', 'https://groceries.asda.com/product/910000332521', 'Kubus Carrot, Banana, Apple Multifruit Juice Drink', '£1.10', '(12.2p/100ml)'), ('sains', 'https://www.sainsburys.co.uk/shop/gb/groceries/product/details/gluten-free-biscuits-and-chocolates/lärabar-banana-choc-chip-fruit-nut-bar-3x45g', 'Lärabar Banana Choc Chip Fruit & Nut Bar 3x45g', '£3.00', '£2.22 / 100g'), ('sains', 'https://www.sainsburys.co.uk/shop/gb/groceries/product/details/all-gluten-free-food-and-drink/lärabar-banana-choc-chip-fruit-nut-bar-3x45g', 'Lärabar Banana Choc Chip Fruit & Nut Bar 3x45g', '£3.00', '£2.22 / 100g'), ('asda', 'https://groceries.asda.com/product/1000219746226', 'Little Bandits Banana Coconut Pot', '£1.65', 'No weight data'), ('asda', 'https://groceries.asda.com/product/1000062124539', 'Little Coco Nutters Strawberry & Banana Coconut Yogurt Alternative', '£1.00', 'No weight data'), ('tesco', 'https://www.tesco.com/groceries/en-GB/products/302329328', 'Little Coco Nutters Strawberry & Banana Puree 90G', '£ 1.00', '£1.12/100g'), ('sains', 'https://www.sainsburys.co.uk/shop/gb/groceries/product/details/top-rated-44/little-freddie-organic-blueberry---banana-greek-style-yoghurt-100g-7958105-p', 'Little Freddie Organic Blueberry & Banana Greek Style Yoghurt 100g', '£1.25', '£1.25 / 100g'), ('asda', 'https://groceries.asda.com/product/66296755', 'Longley Farm Banana Yogurt', '£0.42', 'No weight data'), ('sains', 'https://www.sainsburys.co.uk/shop/gb/groceries/product/details/organic-dairy-products/mia-ben-banana-mango-organic-100g', 'Mia & Ben Super Food for Kids Banana, Mango & Pineapple 6+ Months 100g', '£1.20', '£1.20 / 100g'), ('sains', 'https://www.sainsburys.co.uk/shop/gb/groceries/product/details/all-yogurt/mia-ben-banana-mango-organic-100g', 'Mia & Ben Super Food for Kids Banana, Mango & Pineapple 6+ Months 100g', '£1.20', '£1.20 / 100g'), ('sains', 'https://www.sainsburys.co.uk/shop/gb/groceries/product/details/about-future-brands/mia-ben-banana-mango-organic-100g', 'Mia & Ben Super Food for Kids Banana, Mango & Pineapple 6+ Months 100g', '£1.20', '£1.20 / 100g'), ('sains', 'https://www.sainsburys.co.uk/shop/gb/groceries/product/details/vegan-food/mightybee-bananito-solar-dried-banana-bar-dark-chocolate-dipped-25g', 'MightyBee Bananito Solar Dried Banana Bar Dark Chocolate Dipped 25g', '75p', '£3.00 / 100g'), ('tesco', 'https://www.tesco.com/groceries/en-GB/products/303672529', 'Muller Corner Banana Yogurt Chocolate Flakes 130G', '£ 0.60', '£0.46/100g'), ('asda', 'https://groceries.asda.com/product/1000120228335', 'Muller Corner Banana Yogurt with Chocolate Flakes', '£0.55', '(42.3p/100g)'), ('sains', 'https://www.sainsburys.co.uk/shop/gb/groceries/product/details/single-pots-and-corner-yogurt/muller-corner-banana-chocolate-flake-135g', 'Müller Corner Banana Yogurt with Chocolate Flakes 130g', '35p', '27p / 100g'), ('asda', 'https://groceries.asda.com/product/1000206330944', 'Muller Corner Skyr Banana & Almond Granola Yogurt', '£1.20', '(66.7p/100g)'), ('sains', 'https://www.sainsburys.co.uk/shop/gb/groceries/product/details/muller-yogurt/muller-corner-vanilla---banana-yogurts-with-chocolate-balls-6-x-130g-7553576-p', 'Muller Corner Vanilla & Banana Yogurts with Chocolate Balls 6 x 130g', '£3.00', '38p / 100g'), ('asda', 'https://groceries.asda.com/product/1000120228326', 'Muller Corner Vanilla Chocolate Balls & Banana Chocolate Flakes Yogurt', '£1.99', '(25.5p/100g)'), ('tesco', 'https://www.tesco.com/groceries/en-GB/products/303694859', 'Muller Corner Yogurt Vanilla Chocolate Balls Banana Flakes 6X130g', '£ 2.00', '£0.26/100g'), ('tesco', 'https://www.tesco.com/groceries/en-GB/products/303668126', 'Muller Light Banana Custard Yogurt 160G', '£ 0.60', '£0.38/100g'), ('asda', 'https://groceries.asda.com/product/1000116808339', 'Muller Light Fat Free Banana and Custard Yogurt', '£0.55', '(34.4p/100g)'), ('sains', 'https://www.sainsburys.co.uk/shop/gb/groceries/product/details/single-pots-and-corner-yogurt/mullerlight-banana---custard-175g', 'Müller Light Fat Free Smooth Banana & Custard Yogurt 160g', '50p', '31p / 100g'), ('asda', 'https://groceries.asda.com/product/910000446282', 'Munch Bunch Double Up Strawberry & Banana Yogurts', '£1.00', '(29.4p/100g)'), ('tesco', 'https://www.tesco.com/groceries/en-GB/products/268776736', 'Munch Bunch Double Up Strawberry Banana Fromage Frais 4X85g', '£ 1.50', '£0.44/100g'), ('tesco', 'https://www.tesco.com/groceries/en-GB/products/300113039', 'Naked Green Machine Apple Banana Smoothie 360Ml', '£ 2.36', '£0.66/100ml'), ('asda', 'https://groceries.asda.com/product/1000211259512', 'Naked Zing Strawberry, Banana & Lime Smoothie', '£2.00', 'No weight data'), ('asda', 'https://groceries.asda.com/product/18232503', 'Nesquik Banana Milkshake Mix', '£1.50', '(50.0p/100g)'), ('tesco', 'https://www.tesco.com/groceries/en-GB/products/253117588', 'Nesquik Banana Powder 300G', '£ 2.30', '£0.77/100g'), ('tesco', 'https://www.tesco.com/groceries/en-GB/products/287001289', 'Organix Banana & Date 6 X 17G', '£ 2.00', '£1.97/100g'), ('tesco', 'https://www.tesco.com/groceries/en-GB/products/282266392', 'Organix Banana & Plum Porridge 200G', '£ 2.50', '£1.25/100g'), ('tesco', 'https://www.tesco.com/groceries/en-GB/products/278215142', 'Organix Banana & Raspberry Stage3 Muesli 200G', '£ 2.70', '£1.35/100g'), ('tesco', 'https://www.tesco.com/groceries/en-GB/products/276778019', 'Organix Banana Rice Cake 50G', '£ 1.20', '£2.40/100g'), ('asda', 'https://groceries.asda.com/product/910002009500', 'Organix Banana Ring Biscuits 10+ Months', '£1.30', 'No weight data'), ('sains', 'https://www.sainsburys.co.uk/shop/gb/groceries/product/details/all-price-lock/organix-goodies--soft-oaty-banana-bars-6x30g', 'Organix Banana Soft Oaty Bars 6x30g', '£2.20', '£1.22 / 100g'), ('asda', 'https://groceries.asda.com/product/910001267720', 'Organix Goodies Banana Oaty Bars 12+ Months', '£2.00', 'No weight data'), ('tesco', 'https://www.tesco.com/groceries/en-GB/products/283608321', 'Organix Goodies Banana Oaty Bars 6 X 30G', '£ 2.50', '£13.89/kg'), ('asda', 'https://groceries.asda.com/product/910002376285', 'Organix Goodies Banana Puffcorn 12+ Months', '£1.50', 'No weight data'), ('tesco', 'https://www.tesco.com/groceries/en-GB/products/295460337', 'Organix Goodies Banana Puffcorn 4 X 10G', '£ 1.95', '£4.88/100g'), ('asda', 'https://groceries.asda.com/product/910001694237', 'Organix Goodies Chunky Banana & Date Fruit Bars 12+ Months', '£1.75', 'No weight data'), ('asda', 'https://groceries.asda.com/product/1000172735664', 'Organix Mini Organic Oat & Banana Flapjack Toddler Snacks 12+ Months', '£2.00', 'No weight data'), ('tesco', 'https://www.tesco.com/groceries/en-GB/products/306662393', 'Oykos Signature Gooey Caramel Banana & Almond 2X105g', '£ 1.50', '£0.72/100g'), ('tesco', 'https://www.tesco.com/groceries/en-GB/products/306952044', 'Palm Beach Banana & Butterscotch Rum Liqueur 50Cl', '£ 9.99', '£19.98/litre'), ('asda', 'https://groceries.asda.com/product/910001457934', 'Petits Filous Banana & Strawberry Yogurt', '£1.70', '(60.3p/100g)'), ('tesco', 'https://www.tesco.com/groceries/en-GB/products/304398714', 'Petits Filous No Added Sugar Apple Pear & Banana Fromage Frais 6 X 47G', '£ 1.50', '£0.53/100g'), ('asda', 'https://groceries.asda.com/product/1000161871336', 'Petits Filous No Added Sugar Strawberry & Banana Yogurts', '£1.70', '(60.3p/100g)'), ('tesco', 'https://www.tesco.com/groceries/en-GB/products/304375298', 'Petits Filous No Added Sugar Strawberry Banana Fromage Frais 6 X 47G', '£ 1.50', '£0.53/100g'), ('tesco', 'https://www.tesco.com/groceries/en-GB/products/299583859', 'Piccolo Organic Banana Blueberry & Apple Baby Food 100G', '£ 1.10', '£11.00/kg'), ('asda', 'https://groceries.asda.com/product/910002685057', 'Piccolo Organic Banana, Blueberry & Apple from 4+ Months', '£1.10', 'No weight data'), ('asda', 'https://groceries.asda.com/product/910003223794', 'Piccolo Organic Banana, Coconut & Baby Rice from 4+ Months', '£1.10', 'No weight data'), ('asda', 'https://groceries.asda.com/product/910001311058', 'Piriteze Allergy Syrup Sugar Free Banana Flavour', '£4.96', 'No weight data'), ('sains', 'https://www.sainsburys.co.uk/shop/gb/groceries/product/details/vegetarian-food/plant-pioneers-banana-blossom-in-water-400g', 'Plant Pioneers Banana Blossom in Water 400g', '£1.50', '£3.75 / kg'), ('sains', 'https://www.sainsburys.co.uk/shop/gb/groceries/product/details/plant-pioneers-44/plant-pioneers-banana-blossom-in-water-400g', 'Plant Pioneers Banana Blossom in Water 400g', '£1.50', '£3.75 / kg'), ('sains', 'https://www.sainsburys.co.uk/shop/gb/groceries/product/details/plant-pioneers/plant-pioneers-banana-blossom-in-water-400g', 'Plant Pioneers Banana Blossom in Water 400g', '£1.50', '£3.75 / kg'), ('tesco', 'https://www.tesco.com/groceries/en-GB/products/266225413', 'Pronto Porridge Mix Banana 120G', '£ 0.60', '£0.50/100g'), ('asda', 'https://groceries.asda.com/product/78769040', 'Pronto Pre-Cooked Cornmeal Porridge Mix Banana', '£0.65', '(54.2p/100g)'), ('tesco', 'https://www.tesco.com/groceries/en-GB/products/307366212', 'Quaker Oat So Simple Banana Porridge 10 Sachets 348G', '£ 2.00', '£0.58/100g'), ('sains', 'https://www.sainsburys.co.uk/shop/gb/groceries/product/details/all-fruit/sainsburys-fairtrade-bananas--so-organic', "Sainsbury's Fairtrade Bananas, SO Organic", '£1.40 / kg', '£1.40 / kg'), ('sains', 'https://www.sainsburys.co.uk/shop/gb/groceries/product/details/all-organic-/sainsburys-fairtrade-bananas--so-organic-x5', "Sainsbury's Fairtrade Bananas, SO Organic x6", '£1.35', '23p / ea'), ('sains', 'https://www.sainsburys.co.uk/shop/gb/groceries/product/details/all-fruit/sainsburys-fairtrade-small-bananas-x5-7553289-p-44', "Sainsbury's Fairtrade Small Bananas x5", '60p', '12p / ea'), ('sains', 'https://www.sainsburys.co.uk/shop/gb/groceries/product/details/smoothie-mixes-294304-44/sainsburys-frozen-berry-banana-smoothie-mix-strawberry---banana-480g', "Sainsbury's Frozen Berry Banana Smoothie Mix Strawberry & Banana 480g", '£2.00', '42p / 100g'), ('sains', 'https://www.sainsburys.co.uk/shop/gb/groceries/product/details/new-355373-44/sainsburys-home-banana-plush-pencil-case-132775490-p', "Sainsbury's Home Banana Plush Pencil Case", '£5.00', '£5.00 / ea'), ('sains', 'https://www.sainsburys.co.uk/shop/gb/groceries/product/details/all-fruit/sainsburys-ripen-at-home-bananas', "Sainsbury's Ripen At Home Bananas", '69p', '69p / ea'), ('sains', 'https://www.sainsburys.co.uk/shop/gb/groceries/product/details/make-a-smoothie/sainsburys-eric---friends-small-bananas--fairtrade-x8', "Sainsbury's Small Bananas, Fairtrade x8", '£1.05', '13p / ea'), ('sains', 'https://www.sainsburys.co.uk/shop/gb/groceries/product/details/milk-flavoured-milk/shaken-udder-top-banana!-banana-milkshake-330ml', 'Shaken Udder Top Banana! Banana Milkshake 330ml', '£1.40', '42p / 100ml'), ('tesco', 'https://www.tesco.com/groceries/en-GB/products/267473556', 'Sis. Go Energy Bar Banana 40G', '£ 1.15', '£2.88/100g'), ('asda', 'https://groceries.asda.com/product/1000217307770', 'Soreen Banana Fruit Loaf', '£0.60', '(60.0p/each)'), ('sains', 'https://www.sainsburys.co.uk/shop/gb/groceries/product/details/easter-special-offers/soreen-banana-loaf-260g', 'Soreen Banana Loaf 260g', '£1.30', '50p / 100g'), ('sains', 'https://www.sainsburys.co.uk/shop/gb/groceries/product/details/all-easter-/soreen-banana-loaf-260g', 'Soreen Banana Loaf 260g', '£1.30', '50p / 100g'), ('tesco', 'https://www.tesco.com/groceries/en-GB/products/267257949', 'Soreen Banana Loaf Each', '£ 1.20', '£1.20/each'), ('asda', 'https://groceries.asda.com/product/910001420636', 'Soreen Banana Lunchbox Loaves', '£1.40', '(28.0p/each)'), ('coop', 'https://www.coop.co.uk/products/soreen-banana-lunchbox-loaves-150g', 'Soreen Banana Lunchbox Loaves 150g', '£1', '150g (66.6p per 100g)'), ('tesco', 'https://www.tesco.com/groceries/en-GB/products/273420937', 'Soreen Banana Lunchbox Loaves 5 Pack', '£ 1.40', '£0.28/each'), ('sains', 'https://www.sainsburys.co.uk/shop/gb/groceries/product/details/new-355373-44/st-marys-banana-chips-30g', 'St Marys Banana Chips 30g', '60p', '£2.00 / 100g'), ('tesco', 'https://www.tesco.com/groceries/en-GB/products/306942488', 'Sweetpea Banana & Chocolate Gluten Free Muffin Mix 220G', '£ 2.75', '£12.50/kg'), ('tesco', 'https://www.tesco.com/groceries/en-GB/products/302063906', 'Tesco Banana Flavour Milk 1 Litre', '£ 1.10', '£1.10/litre'), ('tesco', 'https://www.tesco.com/groceries/en-GB/products/302064214', 'Tesco Banana Flavour Milk 330Ml', '£ 0.60', '£0.18/100ml'), ('tesco', 'https://www.tesco.com/groceries/en-GB/products/293459809', 'Tesco Banana Loaf Cake', '£ 1.35', '£1.35/each'), ('tesco', 'https://www.tesco.com/groceries/en-GB/products/275049199', 'Tesco Banana Milkshake Bottle 80G', '£ 0.40', '£0.50/100g'), ('tesco', 'https://www.tesco.com/groceries/en-GB/products/262346986', 'Tesco Chewy Banana 300G', '£ 3.00', '£10.00/kg'), ('tesco', 'https://www.tesco.com/groceries/en-GB/products/306812493', 'Tesco Free From 4 Banana & Chocolate Oat Bar 4X25g', '£ 1.60', '£1.60/100g'), ('tesco', 'https://www.tesco.com/groceries/en-GB/products/295445707', 'Tesco Free From Apricot & Banana Soya Yogurt 4X90g', '£ 1.50', '£0.42/100g'), ('tesco', 'https://www.tesco.com/groceries/en-GB/products/303869954', 'Tesco Organic Fair Trade Bananas 5 Pack', '£ 1.35', '£0.27/each'), ('tesco', 'https://www.tesco.com/groceries/en-GB/products/266419328', 'Tesco Ripe Bananas 5 Pack', '£ 0.69', '£0.14/each'), ('tesco', 'https://www.tesco.com/groceries/en-GB/products/302932230', 'Tesco Slim Banana Mealrepl. Shake 10X29g', '£ 4.00', '£1.38/100g'), ('tesco', 'https://www.tesco.com/groceries/en-GB/products/285157326', 'Tesco Small Bananas 6 Pack', '£ 0.64', '£0.11/each'), ('tesco', 'https://www.tesco.com/groceries/en-GB/products/303806004', 'The Collective Banana & Butterscotch Yogurt 450G', '£ 2.20', '£0.49/100g'), ('tesco', 'https://www.tesco.com/groceries/en-GB/products/294069371', 'The Collective Banana Suckie 100G', '£ 0.70', '£0.70/100g'), ('sains', 'https://www.sainsburys.co.uk/shop/gb/groceries/product/details/all-yogurt/the-collective-fresh-whole-milk-yogurt---fruit-banana-suckies-for-kids-100g', 'The Collective Kids Suckies Banana Yogurt 100g', '75p', '75p / 100g'), ('sains', 'https://www.sainsburys.co.uk/shop/gb/groceries/product/details/all-sports-nutrition-/tribe-infinity-peanut-butter-banana-50g', 'Tribe Infinity Peanut Butter Banana 50g', '£1.70', '34p / 10g'), ('asda', 'https://groceries.asda.com/product/1000220971543', 'Tropical Sun Banana Blossom in Water', '£1.39', '(34.8p/100g)'), ('tesco', 'https://www.tesco.com/groceries/en-GB/products/260861377', 'Tymbark Green Banana Juice 1 Litre', '£ 1.49', '£0.15/100ml'), ('tesco', 'https://www.tesco.com/groceries/en-GB/products/308079366', 'Ufit High Protein Milkshake Banana Flavoured 500Ml', '£ 3.00', '£0.60/100ml'), ('tesco', 'https://www.tesco.com/groceries/en-GB/products/304798499', 'Up & Go Breakfast Banana & Honey Drink 3 X 250Ml', '£ 2.50', '£0.33/100ml'), ('tesco', 'https://www.tesco.com/groceries/en-GB/products/304411014', 'Up&Go Breakfast Drink Banana & Honey 330Ml', '£ 1.00', '£0.30/100ml'), ('tesco', 'https://www.tesco.com/groceries/en-GB/products/295654546', 'Urban Beauty United Banana Nail File', '£ 1.50', '£1.50/each'), ('asda', 'https://groceries.asda.com/product/1000190025657', 'USN Trust 50 Protein Banana Flavoured Milkshake', '£3.50', 'No weight data'), ('asda', 'https://groceries.asda.com/product/2215673273474', 'USN Trust 50 Protein Milkshakes - Vanilla, Strawberry, Banana & Chocolate', '£14.00', 'No weight data'), ('asda', 'https://groceries.asda.com/product/1000024154439', 'Wagg Cookies with Peanut Butter & Banana Dog Treats', '£1.00', '(£8.00/kg)'), ('asda', 'https://groceries.asda.com/product/910001268473', 'Weetabix Banana Cereal', '£3.19', 'No weight data'), ('tesco', 'https://www.tesco.com/groceries/en-GB/products/282391346', 'Weetabix Biscuits Banana Cereal 24 Pack', '£ 3.20', '£0.13/each'), ('asda', 'https://groceries.asda.com/product/910001429819', 'Weetabix Crispy Minis Banana', '£2.89', '(48.2p/100g)'), ('tesco', 'https://www.tesco.com/groceries/en-GB/products/285355224', 'Weetabix On The Go Banana Drink 250Ml', '£ 1.50', '£0.60/100ml'), ('asda', 'https://groceries.asda.com/product/910000225341', 'Whitworths Banana Chips', '£1.60', '(£9.14/kg)'), ('tesco', 'https://www.tesco.com/groceries/en-GB/products/267718819', 'Whitworths Banana Chips 175G', '£ 2.00', '£11.43/kg'), ('sains', 'https://www.sainsburys.co.uk/shop/gb/groceries/product/details/200-calories-or-less/whitworths-naturally-sweet-chewy-bananas-30g', 'Whitworths Naturally Sweet Chewy Bananas 30g', '50p', '£1.67 / 100g'), ('asda', 'https://groceries.asda.com/product/1000183742512', 'Yankee Candle Home Inspiration Coconut Banana Large Jar', '£13.47', 'No weight data'), ('tesco', 'https://www.tesco.com/groceries/en-GB/products/307808157', 'Yankee Medium Jar Candle - Banana Flower', '£ 10.00', '£10.00/each'), ('tesco', 'https://www.tesco.com/groceries/en-GB/products/307830360', 'Yankee Small Jar Candle - Banana Flower', '£ 5.00', '£5.00/each'), ('asda', 'https://groceries.asda.com/product/910002785811', 'Yazoo Banana Flavoured Milk', '£1.50', '(£1.50/lt)'), ('tesco', 'https://www.tesco.com/groceries/en-GB/products/251328672', 'Yazoo Banana Milkshake 1 Litre Bottle', '£ 1.50', '£0.15/100ml'), ('tesco', 'https://www.tesco.com/groceries/en-GB/products/290369673', 'Yazoo Chilled Banana Flavour Milkshake 400Ml', '£ 1.00', '£0.25/100ml'), ('asda', 'https://groceries.asda.com/product/1000015538441', 'Yazoo No Added Sugar Banana Milk', '£2.00', '(16.7p/100ml)'), ('tesco', 'https://www.tesco.com/groceries/en-GB/products/296091582', 'Yeo Valley Banana & Custard Style Yogurt 450G', '£ 1.50', '£0.33/100g'), ('asda', 'https://groceries.asda.com/product/1000106846746', 'Yeo Valley Organic Banana & Custard Yogurt', '£1.25', 'No weight data'), ('asda', 'https://groceries.asda.com/product/1000145216099', 'Yes! Dark Chocolate, Banana & Pecan Fruit & Nut Snack Bars 3 Pack', '£3.00', '(£2.86/100g)'), ('asda', 'https://groceries.asda.com/product/1000145216149', 'Yes! Delicious Dark Choc, Banana & Pecan Fruit & Nut Bar', '£1.50', '(£4.29/100g)'), ('aldi', 'https://www.aldi.co.uk/yogurt-delights-strawberry%26banana/p/701266339315800', 'Yogurt Delights Strawberry&Banana', '0.95', '23.8p per 100g')]


json_data[{'shop': 'asda', 'url': 'https://groceries.asda.com/product/910000464281', 'product_name': 'Ahmed Banana Jelly', 'product_price': '£0.55', 'product_additionals': 'No weight data'}, {'shop': 'tesco', 'url': 'https://www.tesco.com/groceries/en-GB/products/307758709', 'product_name': 'Alpro No Bits Strawberry Banana Yogurt Alternative 4X125g', 'product_price': '£ 1.90', 'product_additionals': '£3.80/kg'}, {'shop': 'asda', 'url': 'https://groceries.asda.com/product/910000429344', 'product_name': 'Alpro No Bits Strawberry-Banana & Peach-Pear Yoghurt Alternative', 'product_price': '£1.50', 'product_additionals': 'No weight data'}, {'shop': 'sains', 'url': 'https://www.sainsburys.co.uk/shop/gb/groceries/product/details/dairy-and-chilled-essentials/alpro-smooth-yogurt-alternative-4x125g', 'product_name': 'Alpro No Bits Strawberry-Banana & Peach-Pear Yoghurt Alternative 4x125g', 'product_price': '£1.90', 'product_additionals': '38p / 100g'}, {'shop': 'sains', 'url': 'https://www.sainsburys.co.uk/shop/gb/groceries/product/details/dairy-free-cheese-and-milk/alpro-smooth-yogurt-alternative-4x125g', 'product_name': 'Alpro No Bits Strawberry-Banana & Peach-Pear Yoghurt Alternative 4x125g', 'product_price': '£1.90', 'product_additionals': '38p / 100g'}, {'shop': 'asda', 'url': 'https://groceries.asda.com/product/910003201284', 'product_name': 'Ambrosia Banana Devon Custard Pot', 'product_price': '£0.59', 'product_additionals': '(39.3p/100g)'}, {'shop': 'tesco', 'url': 'https://www.tesco.com/groceries/en-GB/products/297609638', 'product_name': 'Ambrosia Devon Custard Banana 150G', 'product_price': '£ 0.50', 'product_additionals': '£0.33/100g'}, {'shop': 'tesco', 'url': 'https://www.tesco.com/groceries/en-GB/products/254903706', 'product_name': 'Angel Delight Banana 59G', 'product_price': '£ 0.50', 'product_additionals': '£0.85/100g'}, {'shop': 'asda', 'url': 'https://groceries.asda.com/product/910001087561', 'product_name': 'Angel Delight Banana Flavour', 'product_price': '£0.50', 'product_additionals': '(84.8p/100g)'}, {'shop': 'tesco', 'url': 'https://www.tesco.com/groceries/en-GB/products/305255669', 'product_name': 'Aptamil Creamed Banana Porridge 125G', 'product_price': '£ 2.50', 'product_additionals': '£2.00/100g'}, {'shop': 'asda', 'url': 'https://groceries.asda.com/product/1000195752234', 'product_name': 'Aptamil Creamed Banana Porridge Baby Cereal 4-6 Months', 'product_price': '£2.50', 'product_additionals': 'No weight data'}, {'shop': 'asda', 'url': 'https://groceries.asda.com/product/1000195752179', 'product_name': 'Aptamil Multigrain Banana & Berry Baby Cereal 7+ Months', 'product_price': '£3.00', 'product_additionals': 'No weight data'}, {'shop': 'asda', 'url': 'https://groceries.asda.com/product/910002979301', 'product_name': 'ASDA 6 Low Fat Smooth Vanilla & Banana Yogurts', 'product_price': '£0.85', 'product_additionals': '(11.3p/100g)'}, {'shop': 'asda', 'url': 'https://groceries.asda.com/product/1000128213080', 'product_name': 'ASDA Banana Blossom in Water', 'product_price': '£1.50', 'product_additionals': '(60.0p/100g)'}, {'shop': 'asda', 'url': 'https://groceries.asda.com/product/910001929275', 'product_name': 'ASDA Banana Chips', 'product_price': '£1.00', 'product_additionals': '(£6.67/kg)'}, {'shop': 'asda', 'url': 'https://groceries.asda.com/product/1000111446539', 'product_name': 'ASDA Banana Flakes Split Pot Yogurt', 'product_price': '£0.45', 'product_additionals': '(33.3p/100g)'}, {'shop': 'asda', 'url': 'https://groceries.asda.com/product/32932', 'product_name': 'ASDA Banana Flavoured Milk', 'product_price': '£1.00', 'product_additionals': 'No weight data'}, {'shop': 'asda', 'url': 'https://groceries.asda.com/product/910001598288', 'product_name': 'ASDA Banana Flavoured Milkshake Mix', 'product_price': '£1.49', 'product_additionals': '(49.7p/100g)'}, {'shop': 'asda', 'url': 'https://groceries.asda.com/product/1000202846271', 'product_name': 'ASDA Galaxy Shimmer Banana Fragrance Bath & Shower Gel', 'product_price': '£1.49', 'product_additionals': 'No weight data'}, {'shop': 'asda', 'url': 'https://groceries.asda.com/product/1000144509229', 'product_name': 'ASDA Garden Gang Bananas', 'product_price': '£1.00', 'product_additionals': '(12.5p/each)'}, {'shop': 'asda', 'url': 'https://groceries.asda.com/product/910003080762', 'product_name': 'ASDA Giant Shrimps & Bananas Foam Sweets', 'product_price': '£0.90', 'product_additionals': '(56.2p/100g)'}, {'shop': 'asda', 'url': 'https://groceries.asda.com/product/1000197472184', 'product_name': "ASDA Grower's Selection 7 Bananas", 'product_price': '£0.98', 'product_additionals': 'No weight data'}, {'shop': 'asda', 'url': 'https://groceries.asda.com/product/20332', 'product_name': "ASDA Grower's Selection Loose Banana (order by number of bananas or select kg)", 'product_price': '£0.13', 'product_additionals': 'No weight data'}, {'shop': 'asda', 'url': 'https://groceries.asda.com/product/1000128213094', 'product_name': "ASDA Grower's Selection Organic Fairtrade Bananas", 'product_price': '£1.00', 'product_additionals': 'No weight data'}, {'shop': 'asda', 'url': 'https://groceries.asda.com/product/910001788664', 'product_name': 'ASDA Little Angels Organic Banana Flavoured Biscotti 7+ Months', 'product_price': '£0.75', 'product_additionals': 'No weight data'}, {'shop': 'asda', 'url': 'https://groceries.asda.com/product/910002314137', 'product_name': 'ASDA Little Angels Organic Squeezy Fruit Pouch Apple Mango & Banana 6+ Months', 'product_price': '£0.52', 'product_additionals': 'No weight data'}, {'shop': 'asda', 'url': 'https://groceries.asda.com/product/1000001819529', 'product_name': 'ASDA Little Angels Organic Yummy Fruit Apple, Banana, Peach & Pear 6+ Months', 'product_price': '£1.50', 'product_additionals': 'No weight data'}, {'shop': 'asda', 'url': 'https://groceries.asda.com/product/1000001819412', 'product_name': 'ASDA Little Angels Organic Yummy Fruit Apple, Mango & Banana Pouches 6+ Months', 'product_price': '£1.50', 'product_additionals': 'No weight data'}, {'shop': 'asda', 'url': 'https://groceries.asda.com/product/910000423336', 'product_name': 'ASDA Pineapple, Banana & Coconut Smoothie', 'product_price': '£1.29', 'product_additionals': 'No weight data'}, {'shop': 'asda', 'url': 'https://groceries.asda.com/product/1000115100492', 'product_name': 'ASDA Shrimps & Bananas Foam Sweets', 'product_price': '£0.25', 'product_additionals': '(62.5p/100g)'}, {'shop': 'asda', 'url': 'https://groceries.asda.com/product/1000220154405', 'product_name': 'ASDA Strawberry & Banana Flavour Greek Yogurts', 'product_price': '£1.50', 'product_additionals': 'No weight data'}, {'shop': 'asda', 'url': 'https://groceries.asda.com/product/5212509', 'product_name': 'ASDA Strawberry & Banana Smoothie', 'product_price': '£1.00', 'product_additionals': 'No weight data'}, {'shop': 'asda', 'url': 'https://groceries.asda.com/product/910002339345', 'product_name': 'ASDA Summer Fruits & Banana Smoothie Mix', 'product_price': '£1.65', 'product_additionals': 'No weight data'}, {'shop': 'asda', 'url': 'https://groceries.asda.com/product/1000012278898', 'product_name': 'Banana Boat Advanced Protection Baby Protective Sun Lotion SPF 50', 'product_price': '£11.95', 'product_additionals': 'No weight data'}, {'shop': 'asda', 'url': 'https://groceries.asda.com/product/1000012279498', 'product_name': 'Banana Boat Advanced Protection Baby Protective Sun Lotion UVA/UVB SPF 50 60ml', 'product_price': '£4.00', 'product_additionals': 'No weight data'}, {'shop': 'asda', 'url': 'https://groceries.asda.com/product/1000012277489', 'product_name': 'Banana Boat Advanced Protection Kids Protective Sun Lotion UVA/UVB SPF 50', 'product_price': '£11.95', 'product_additionals': 'No weight data'}, {'shop': 'asda', 'url': 'https://groceries.asda.com/product/1000012278240', 'product_name': 'Banana Boat Advanced Protection Kids Protective Sun Lotion UVA/UVB SPF 50 60ml', 'product_price': '£4.00', 'product_additionals': 'No weight data'}, {'shop': 'asda', 'url': 'https://groceries.asda.com/product/910002945424', 'product_name': 'Banana Boat After Sun Aloe Vera Gel', 'product_price': '£4.00', 'product_additionals': '(£1.74/100g)'}, {'shop': 'sains', 'url': 'https://www.sainsburys.co.uk/shop/gb/groceries/product/details/all-price-lock/banana-boat-aloe-vera-gel-230g', 'product_name': 'Banana Boat Aloe Vera Gel 230g', 'product_price': '£3.00', 'product_additionals': '£1.30 / 100g'}, {'shop': 'tesco', 'url': 'https://www.tesco.com/groceries/en-GB/products/257416909', 'product_name': 'Banana Boat Aloe Vera Gel 230G', 'product_price': '£ 3.00', 'product_additionals': '£1.31/100g'}, {'shop': 'asda', 'url': 'https://groceries.asda.com/product/1000012278146', 'product_name': 'Banana Boat UltraMist Advanced Protection Baby Clear Spray Sun Protection SPF 50', 'product_price': '£12.00', 'product_additionals': 'No weight data'}, {'shop': 'asda', 'url': 'https://groceries.asda.com/product/1000012278354', 'product_name': 'Banana Boat UltraMist Advanced Protection Kids Clear Spray Sun Protection SPF50 220ml', 'product_price': '£12.00', 'product_additionals': 'No weight data'}, {'shop': 'aldi', 'url': 'https://www.aldi.co.uk/banana-flavoured-1%25-fat-milk/p/063365075910900', 'product_name': 'Banana Flavoured 1% Fat Milk', 'product_price': '0.85', 'product_additionals': '85p per litre'}, {'shop': 'asda', 'url': 'https://groceries.asda.com/product/1000189834728', 'product_name': 'Bananas Crushie Characters (4+ Years)', 'product_price': '£4.00', 'product_additionals': '(£4.00/each)'}, {'shop': 'tesco', 'url': 'https://www.tesco.com/groceries/en-GB/products/275280804', 'product_name': 'Bananas Loose', 'product_price': '£ 0.13', 'product_additionals': '£0.73/kg'}, {'shop': 'sains', 'url': 'https://www.sainsburys.co.uk/shop/gb/groceries/product/details/new-355373-44/bare-fruit-snacks-banana-chips-24g', 'product_name': 'Bare Fruit Snacks Banana Chips 24g', 'product_price': '£1.40', 'product_additionals': '£5.83 / 100g'}, {'shop': 'tesco', 'url': 'https://www.tesco.com/groceries/en-GB/products/271681734', 'product_name': 'Bobo Frut Apple Banana & Carrot Juice 300Ml', 'product_price': '£ 1.40', 'product_additionals': '£0.47/100ml'}, {'shop': 'tesco', 'url': 'https://www.tesco.com/groceries/en-GB/products/282185337', 'product_name': 'Bonjela Junior Banana Gel 15G', 'product_price': '£ 4.00', 'product_additionals': '£26.67/100g'}, {'shop': 'tesco', 'url': 'https://www.tesco.com/groceries/en-GB/products/305039619', 'product_name': 'Cerelac Farmers Selection Wheat Snack Raspberry Banana 35G', 'product_price': '£ 1.70', 'product_additionals': '£48.58/kg'}, {'shop': 'asda', 'url': 'https://groceries.asda.com/product/80353893', 'product_name': 'Charles Wells Banana Bread Beer', 'product_price': '£1.83', 'product_additionals': '(£3.66/lt)'}, {'shop': 'coop', 'url': 'https://www.coop.co.uk/products/co-op-fairtrade-bananas-pack', 'product_name': 'Co-op Fairtrade Bananas', 'product_price': '£1.10', 'product_additionals': '(£1.10 per item)'}, {'shop': 'coop', 'url': 'https://www.coop.co.uk/products/co-op-fairtrade-small-bananas', 'product_name': 'Co-op Fairtrade Small Bananas', 'product_price': '£0.79\nwas\n£0.90', 'product_additionals': '(79.0p per item)'}, {'shop': 'tesco', 'url': 'https://www.tesco.com/groceries/en-GB/products/308026032', 'product_name': 'Code Name Bananas David Walliams', 'product_price': '£ 7.50', 'product_additionals': '£7.50/each'}, {'shop': 'tesco', 'url': 'https://www.tesco.com/groceries/en-GB/products/285845451', 'product_name': 'Complan Nutritional Drink Banana 4X55g', 'product_price': '£ 3.50', 'product_additionals': '£1.60/100g'}, {'shop': 'tesco', 'url': 'https://www.tesco.com/groceries/en-GB/products/253052928', 'product_name': 'Cow & Gate Apple & Banana Fruit Pot 4X100g 4 Mth+', 'product_price': '£ 1.45', 'product_additionals': '£3.63/kg'}, {'shop': 'asda', 'url': 'https://groceries.asda.com/product/910003267758', 'product_name': 'Cow & Gate Apple & Banana Fruit Pouches 4+ Months', 'product_price': '£2.80', 'product_additionals': 'No weight data'}, {'shop': 'sains', 'url': 'https://www.sainsburys.co.uk/shop/gb/groceries/product/details/price-lock-baby-toddler/cow-gate-apple-banana-frt-pot', 'product_name': 'Cow & Gate Apple & Banana Fruit Puree Pots 4x100g', 'product_price': '£1.45', 'product_additionals': '36p / 100g'}, {'shop': 'tesco', 'url': 'https://www.tesco.com/groceries/en-GB/products/305248540', 'product_name': 'Cow & Gate Apple Banana & Strawberry Pouches 4 X 100G', 'product_price': '£ 2.60', 'product_additionals': '£0.65/100g'}, {'shop': 'asda', 'url': 'https://groceries.asda.com/product/1000027214099', 'product_name': 'Cow & Gate Apple, Blackcurrant & Banana Fruit Pots from 4-6+ Months', 'product_price': '£1.30', 'product_additionals': 'No weight data'}, {'shop': 'asda', 'url': 'https://groceries.asda.com/product/1000195178720', 'product_name': 'Cow & Gate Apple, Strawberry & Banana Baby Fruit Pouches 4+ Months', 'product_price': '£2.80', 'product_additionals': 'No weight data'}, {'shop': 'asda', 'url': 'https://groceries.asda.com/product/910002552781', 'product_name': 'Cow & Gate Banana Crumble Baby Food Jar 7+ Months', 'product_price': '£0.65', 'product_additionals': 'No weight data'}, {'shop': 'asda', 'url': 'https://groceries.asda.com/product/910000032251', 'product_name': 'Cow & Gate Banana Muesli 10+ Months', 'product_price': '£2.45', 'product_additionals': 'No weight data'}, {'shop': 'tesco', 'url': 'https://www.tesco.com/groceries/en-GB/products/304408975', 'product_name': 'Cow & Gate Banana Porridge 125G', 'product_price': '£ 1.75', 'product_additionals': '£1.40/100g DR.WT'}, {'shop': 'asda', 'url': 'https://groceries.asda.com/product/1000164732226', 'product_name': 'Cow & Gate Banana Porridge Baby Cereal 4-6+ Months', 'product_price': '£1.75', 'product_additionals': 'No weight data'}, {'shop': 'asda', 'url': 'https://groceries.asda.com/product/1000164732156', 'product_name': 'Cow & Gate Banana Wholegrain Porridge Baby Cereal 7+ Months', 'product_price': '£2.39', 'product_additionals': 'No weight data'}, {'shop': 'tesco', 'url': 'https://www.tesco.com/groceries/en-GB/products/304370401', 'product_name': 'Cow & Gate Banana Wholegrain Porridge Baby Cereal From 7 Month 200G', 'product_price': '£ 2.00', 'product_additionals': '£10.00/kg DR.WT'}, {'shop': 'asda', 'url': 'https://groceries.asda.com/product/910002552619', 'product_name': 'Cow & Gate Bursting Apple Banana & Berries Baby Food Jar 4m+', 'product_price': '£0.58', 'product_additionals': 'No weight data'}, {'shop': 'asda', 'url': 'https://groceries.asda.com/product/910002552653', 'product_name': 'Cow & Gate Bursting Berries & Banana Baby Food Jar 7+ Months', 'product_price': '£0.65', 'product_additionals': 'No weight data'}, {'shop': 'tesco', 'url': 'https://www.tesco.com/groceries/en-GB/products/296715393', 'product_name': 'Cow & Gate Fruit Pouch Apple & Banana 4 X 100G', 'product_price': '£ 2.60', 'product_additionals': '£0.65/100g'}, {'shop': 'sains', 'url': 'https://www.sainsburys.co.uk/shop/gb/groceries/product/details/all-price-lock/cow---gate-multigrain-banana-porridge-baby-cereal-200g--7484898-p', 'product_name': 'Cow & Gate Multigrain Banana Porridge Baby Cereal 200g', 'product_price': '£2.00', 'product_additionals': '£1.00 / 100g'}, {'shop': 'asda', 'url': 'https://groceries.asda.com/product/910002551802', 'product_name': 'Cow & Gate Yummy Banana Yoghurt Baby Food Jar 6m+', 'product_price': '£0.58', 'product_additionals': 'No weight data'}, {'shop': 'tesco', 'url': 'https://www.tesco.com/groceries/en-GB/products/292943740', 'product_name': 'Cow & Gate Yummy Banana Yogurt 6Mth+ 125G Jar', 'product_price': '£ 0.60', 'product_additionals': '£4.80/kg'}, {'shop': 'tesco', 'url': 'https://www.tesco.com/groceries/en-GB/products/305435877', 'product_name': 'Creative Nature W.Grain Banana Bread Baking Mix 250G', 'product_price': '£ 2.99', 'product_additionals': '£11.96/kg'}, {'shop': 'asda', 'url': 'https://groceries.asda.com/product/1000182959725', 'product_name': 'Creative Nature Wholegrain Banana Bread Baking Mix', 'product_price': '£2.99', 'product_additionals': 'No weight data'}, {'shop': 'tesco', 'url': 'https://www.tesco.com/groceries/en-GB/products/305250248', 'product_name': 'Danone Kids Organic Raspberry & Banana Yogurt 4 X 70G', 'product_price': '£ 1.50', 'product_additionals': '£0.54/100g'}, {'shop': 'sains', 'url': 'https://www.sainsburys.co.uk/shop/gb/groceries/product/details/dairy-eggs-new/danone-kids-organic-strawberry-banana-no-added-sugar-yogurt-70g', 'product_name': 'Danone Kids Organic Strawberry & Banana No Added Sugar Yogurt 70g', 'product_price': '75p', 'product_additionals': '£1.07 / 100g'}, {'shop': 'sains', 'url': 'https://www.sainsburys.co.uk/shop/gb/groceries/product/details/new-355373-44/danone-kids-organic-strawberry-banana-no-added-sugar-yogurt-70g', 'product_name': 'Danone Kids Organic Strawberry & Banana No Added Sugar Yogurt 70g', 'product_price': '75p', 'product_additionals': '£1.07 / 100g'}, {'shop': 'sains', 'url': 'https://www.sainsburys.co.uk/shop/gb/groceries/product/details/all-organic-/danone-kids-organic-strawberry-banana-no-added-sugar-yogurt-4x70g', 'product_name': 'Danone Kids Organic Strawberry & Banana No Added Sugar Yogurt Pouches 4x70g', 'product_price': '£1.50', 'product_additionals': '54p / 100g'}, {'shop': 'tesco', 'url': 'https://www.tesco.com/groceries/en-GB/products/305255675', 'product_name': 'Danone Kids Organic Strawberry & Banana Yogurt 4 X 70G', 'product_price': '£ 1.50', 'product_additionals': '£0.54/100g'}, {'shop': 'asda', 'url': 'https://groceries.asda.com/product/1000194987813', 'product_name': 'Danone Kids Strawberry & Banana Yogurt Pouch', 'product_price': '£0.70', 'product_additionals': 'No weight data'}, {'shop': 'sains', 'url': 'https://www.sainsburys.co.uk/shop/gb/groceries/product/details/dairy-eggs-special-offers/danone-simply-fruit-veg-mango-carrot-banana-yogurt-4x110g', 'product_name': 'Danone Mango, Carrot & Banana No Added Sugar Yogurt 4x110g', 'product_price': '£1.25', 'product_additionals': '29p / 100g'}, {'shop': 'sains', 'url': 'https://www.sainsburys.co.uk/shop/gb/groceries/product/details/all-yogurt/danone-simply-fruit-veg-mango-carrot-banana-yogurt-4x110g', 'product_name': 'Danone Mango, Carrot & Banana No Added Sugar Yogurt 4x110g', 'product_price': '£1.25', 'product_additionals': '29p / 100g'}, {'shop': 'asda', 'url': 'https://groceries.asda.com/product/910002523074', 'product_name': 'Del Monte Squeezie Apple Strawberry & Banana', 'product_price': '£0.50', 'product_additionals': '(50.0p/100g)'}, {'shop': 'asda', 'url': 'https://groceries.asda.com/product/910002046737', 'product_name': "Dunn's River Original Banana Flavour Milk Drink", 'product_price': '£1.40', 'product_additionals': '(35.0p/100g)'}, {'shop': 'tesco', 'url': 'https://www.tesco.com/groceries/en-GB/products/271113227', 'product_name': 'Dunns River Nurishment Original Banana Flavoured 400G', 'product_price': '£ 1.40', 'product_additionals': '£0.35/100g'}, {'shop': 'tesco', 'url': 'https://www.tesco.com/groceries/en-GB/products/271413039', 'product_name': "Ella's Banana & Raisin Nibbly Fingers 5 X 25G", 'product_price': '£ 2.50', 'product_additionals': '£20.00/kg'}, {'shop': 'tesco', 'url': 'https://www.tesco.com/groceries/en-GB/products/271646345', 'product_name': "Ella's Kitchen Banana & Apricot Baby Rice 120G", 'product_price': '£ 1.10', 'product_additionals': '£9.17/kg'}, {'shop': 'tesco', 'url': 'https://www.tesco.com/groceries/en-GB/products/291314691', 'product_name': "Ella's Kitchen Banana & Cinnamon Muesli 215G", 'product_price': '£ 2.45', 'product_additionals': '£1.14/100g'}, {'shop': 'tesco', 'url': 'https://www.tesco.com/groceries/en-GB/products/292759370', 'product_name': "Ella's Kitchen Banana & Vanilla Bread Pudding 4X80g", 'product_price': '£ 1.75', 'product_additionals': '£4.87/kg'}, {'shop': 'tesco', 'url': 'https://www.tesco.com/groceries/en-GB/products/271028720', 'product_name': "Ella's Kitchen Bananas 70G", 'product_price': '£ 0.80', 'product_additionals': '£11.43/kg'}, {'shop': 'tesco', 'url': 'https://www.tesco.com/groceries/en-GB/products/286348001', 'product_name': "Ella's Kitchen Melty Puffs Strawberry Banana 20G", 'product_price': '£ 0.70', 'product_additionals': '£3.50/100g'}, {'shop': 'asda', 'url': 'https://groceries.asda.com/product/910002274084', 'product_name': "Ella's Kitchen Organic Banana and Cinnamon Dry Museli Baby Breakfast 10+ Months", 'product_price': '£2.30', 'product_additionals': 'No weight data'}, {'shop': 'asda', 'url': 'https://groceries.asda.com/product/910002651047', 'product_name': "Ella's Kitchen Organic Banana and Raisin Oaty Fingers Bars Multipack Snack 12+ Months", 'product_price': '£2.35', 'product_additionals': 'No weight data'}, {'shop': 'asda', 'url': 'https://groceries.asda.com/product/910002650221', 'product_name': "Ella's Kitchen Organic Banana and Vanilla Bread Pudding Baby Dessert Pot Multipack 7+ Months", 'product_price': '£1.70', 'product_additionals': 'No weight data'}, {'shop': 'tesco', 'url': 'https://www.tesco.com/groceries/en-GB/products/305435733', 'product_name': "Ella's Kitchen Organic Banana Apple Blueberry Baby Rice 120G", 'product_price': '£ 1.10', 'product_additionals': '£0.92/100g'}, {'shop': 'asda', 'url': 'https://groceries.asda.com/product/910000092481', 'product_name': "Ella's Kitchen Organic Banana Baby Brekkie Pouch 6+ Months", 'product_price': '£1.05', 'product_additionals': 'No weight data'}, {'shop': 'asda', 'url': 'https://groceries.asda.com/product/910002273510', 'product_name': "Ella's Kitchen Organic Banana Multigrain Baby Rice Pouch 4+ Months", 'product_price': '£2.30', 'product_additionals': 'No weight data'}, {'shop': 'sains', 'url': 'https://www.sainsburys.co.uk/shop/gb/groceries/product/details/all-price-lock/ellas-kitchen-organic-bananas-coconuts-pouch-4-months-120g', 'product_name': "Ella's Kitchen Organic Bananas & Coconuts Pouch 4+ Months 120g", 'product_price': '£1.00', 'product_additionals': '83p / 100g'}, {'shop': 'asda', 'url': 'https://groceries.asda.com/product/1000000470330', 'product_name': "Ella's Kitchen Organic Bananas and Apples Baby Pouch 4+ Months", 'product_price': '£1.05', 'product_additionals': 'No weight data'}, {'shop': 'asda', 'url': 'https://groceries.asda.com/product/910002273714', 'product_name': "Ella's Kitchen Organic Bananas and Coconuts Baby Pouch 4+ Months", 'product_price': '£1.05', 'product_additionals': 'No weight data'}, {'shop': 'asda', 'url': 'https://groceries.asda.com/product/910000530458', 'product_name': "Ella's Kitchen Organic Bananas First Tastes Baby Pouch 4+ Months", 'product_price': '£0.90', 'product_additionals': 'No weight data'}, {'shop': 'asda', 'url': 'https://groceries.asda.com/product/910001801510', 'product_name': "Ella's Kitchen Organic Bluberries, Apples, Bananas and Vanilla Baby Pouch 4+ Months", 'product_price': '£1.05', 'product_additionals': 'No weight data'}, {'shop': 'asda', 'url': 'https://groceries.asda.com/product/1000201691476', 'product_name': "Ella's Kitchen Organic Dairy Free Banana Yoghurt Alternative Baby Pouch 6+ Months", 'product_price': '£1.00', 'product_additionals': 'No weight data'}, {'shop': 'asda', 'url': 'https://groceries.asda.com/product/1000243014175', 'product_name': "Ella's Kitchen Organic Dairy Free Rice Pudding with Bananas + Strawberries Baby Pouch 7+ Months", 'product_price': '£1.30', 'product_additionals': 'No weight data'}, {'shop': 'asda', 'url': 'https://groceries.asda.com/product/1000054991276', 'product_name': "Ella's Kitchen Organic Mango and Banana Rice Cakes Baby Snack 7+ Months", 'product_price': '£1.00', 'product_additionals': 'No weight data'}, {'shop': 'tesco', 'url': 'https://www.tesco.com/groceries/en-GB/products/305437161', 'product_name': "Ella's Kitchen Organic Peach & Banana Melty Sticks 16G", 'product_price': '£ 1.00', 'product_additionals': '£62.50/kg'}, {'shop': 'asda', 'url': 'https://groceries.asda.com/product/1000059825288', 'product_name': "Ella's Kitchen Organic Peach and Banana Melty Sticks Baby Snack 7+ Months", 'product_price': '£0.75', 'product_additionals': 'No weight data'}, {'shop': 'asda', 'url': 'https://groceries.asda.com/product/910000224871', 'product_name': "Ella's Kitchen Organic Peaches and Bananas Baby Pouch 4+ Months", 'product_price': '£1.05', 'product_additionals': 'No weight data'}, {'shop': 'sains', 'url': 'https://www.sainsburys.co.uk/shop/gb/groceries/product/details/all-price-lock/ellas-organic-peaches---bananas--stage-1-120g', 'product_name': "Ella's Kitchen Organic Peaches and Bananas Baby Pouch 4+ Months 120g", 'product_price': '£1.00', 'product_additionals': '83p / 100g'}, {'shop': 'tesco', 'url': 'https://www.tesco.com/groceries/en-GB/products/305432108', 'product_name': "Ella's Kitchen Organic Strawberry & Banana Mini Puffs 4X8g", 'product_price': '£ 2.00', 'product_additionals': '£62.50/kg'}, {'shop': 'asda', 'url': 'https://groceries.asda.com/product/910001819336', 'product_name': "Ella's Kitchen Organic Strawberry and Banana Melty Puffs Baby Snack 6+ Months", 'product_price': '£0.75', 'product_additionals': 'No weight data'}, {'shop': 'asda', 'url': 'https://groceries.asda.com/product/1000201691543', 'product_name': "Ella's Kitchen Organic Strawberry and Banana Mini Puffs Multipack Baby Snack 10+ Months", 'product_price': '£2.00', 'product_additionals': 'No weight data'}, {'shop': 'asda', 'url': 'https://groceries.asda.com/product/910002075991', 'product_name': "Ella's Kitchen Organic Vanilla and Banana Baby Biscuits Multipack Snack 10+ Months", 'product_price': '£2.00', 'product_additionals': 'No weight data'}, {'shop': 'asda', 'url': 'https://groceries.asda.com/product/910002987680', 'product_name': "Ella's Kitchen Organic Vanilla and Banana Melty Hoops Baby Snack 10+ Months", 'product_price': '£0.75', 'product_additionals': 'No weight data'}, {'shop': 'asda', 'url': 'https://groceries.asda.com/product/1000000984240', 'product_name': 'FRijj Banana Flavour Milkshake', 'product_price': '£1.00', 'product_additionals': '(25.0p/100ml)'}, {'shop': 'tesco', 'url': 'https://www.tesco.com/groceries/en-GB/products/302328986', 'product_name': 'Frubes Banana & Strawberry Yogurts 9X37g', 'product_price': '£ 2.00', 'product_additionals': '£0.60/100g'}, {'shop': 'asda', 'url': 'https://groceries.asda.com/product/1000186791345', 'product_name': 'Frubes Strawberry and Banana Flavour Yogurt', 'product_price': '£1.00', 'product_additionals': '(30.0p/100g)'}, {'shop': 'tesco', 'url': 'https://www.tesco.com/groceries/en-GB/products/304786029', 'product_name': 'Fruit Bowl Banana Wheat Biscuit 24 450G', 'product_price': '£ 2.30', 'product_additionals': '£0.51/100g'}, {'shop': 'asda', 'url': 'https://groceries.asda.com/product/1000191935967', 'product_name': 'FUEL10K Banana & Chocolate High Protein Oat Muffin Pot', 'product_price': '£1.00', 'product_additionals': '(£1.67/100g)'}, {'shop': 'asda', 'url': 'https://groceries.asda.com/product/910001743535', 'product_name': 'FUEL10K High Protein Banana Breakfast Milk Drink', 'product_price': '£1.30', 'product_additionals': '(39.4p/100ml)'}, {'shop': 'sains', 'url': 'https://www.sainsburys.co.uk/shop/gb/groceries/product/details/gluten-free-cereal/fuel10k-high-protein-banana-breakfast-drink-330ml', 'product_name': 'FUEL10K High Protein Breakfast Milk Drink Banana 330ml', 'product_price': '£1.50', 'product_additionals': '45p / 100ml'}, {'shop': 'tesco', 'url': 'https://www.tesco.com/groceries/en-GB/products/307144779', 'product_name': 'Funktional Foods Vegan Protein Blend Banana 100G', 'product_price': '£ 3.00', 'product_additionals': '£30.00/kg'}, {'shop': 'asda', 'url': 'https://groceries.asda.com/product/1000109748224', 'product_name': 'Garnier Ultimate Blends Hair Food Banana 3-in-1 Dry Hair Mask Treatment', 'product_price': '£3.48', 'product_additionals': '(89.2p/100ml)'}, {'shop': 'asda', 'url': 'https://groceries.asda.com/product/1000194225936', 'product_name': 'Garnier Ultimate Blends Nourishing Banana Conditioner for Dry Hair', 'product_price': '£2.98', 'product_additionals': '(85.1p/100ml)'}, {'shop': 'asda', 'url': 'https://groceries.asda.com/product/1000194225937', 'product_name': 'Garnier Ultimate Blends Nourishing Banana Shampoo for Dry Hair', 'product_price': '£2.98', 'product_additionals': '(85.1p/100ml)'}, {'shop': 'tesco', 'url': 'https://www.tesco.com/groceries/en-GB/products/304868602', 'product_name': 'Goodbelly Oat Flakes With Banana & Blueberry 350G', 'product_price': '£ 3.50', 'product_additionals': '£1.00/100g'}, {'shop': 'asda', 'url': 'https://groceries.asda.com/product/910000481254', 'product_name': 'Grace Salted Green Banana Chips', 'product_price': '£0.90', 'product_additionals': '(£1.06/100g)'}, {'shop': 'asda', 'url': 'https://groceries.asda.com/product/1000016028172', 'product_name': 'Graze Protein Bites Banana Oat Squares', 'product_price': '£2.49', 'product_additionals': '(£2.08/100g)'}, {'shop': 'asda', 'url': 'https://groceries.asda.com/product/1000072591731', 'product_name': 'Grenade Carb Killa High Protein Shake Banana Armour Chocolate Banana', 'product_price': '£2.50', 'product_additionals': 'No weight data'}, {'shop': 'tesco', 'url': 'https://www.tesco.com/groceries/en-GB/products/265160818', 'product_name': 'Happy Monkey Strawberries & Bananas 4 Pack', 'product_price': '£ 2.00', 'product_additionals': '£0.28/100ml'}, {'shop': 'asda', 'url': 'https://groceries.asda.com/product/910000468383', 'product_name': 'Happy Monkey Strawberry & Banana Smoothie', 'product_price': '£2.00', 'product_additionals': 'No weight data'}, {'shop': 'sains', 'url': 'https://www.sainsburys.co.uk/shop/gb/groceries/product/details/price-lock-baby-toddler/heinz-7-months-first-steps-oaty-banana-porridge-240g', 'product_name': 'Heinz 7+ Months First Steps Oaty Banana Porridge 240g', 'product_price': '£2.65', 'product_additionals': '£1.10 / 100g'}, {'shop': 'asda', 'url': 'https://groceries.asda.com/product/1000246462060', 'product_name': 'Heinz Apple, Banana & Cereal Fruit Pouch 6+ Months', 'product_price': '£0.80', 'product_additionals': 'No weight data'}, {'shop': 'asda', 'url': 'https://groceries.asda.com/product/1000246462080', 'product_name': 'Heinz Apple, Banana & Watermelon Fruit Pouch 6+ Months', 'product_price': '£0.80', 'product_additionals': 'No weight data'}, {'shop': 'tesco', 'url': 'https://www.tesco.com/groceries/en-GB/products/267999318', 'product_name': 'Heinz Banana Biscotti 60G', 'product_price': '£ 0.70', 'product_additionals': '£11.67/kg'}, {'shop': 'asda', 'url': 'https://groceries.asda.com/product/910000387334', 'product_name': 'Heinz Banana Biscotti 7+ Months', 'product_price': '£0.67', 'product_additionals': 'No weight data'}, {'shop': 'sains', 'url': 'https://www.sainsburys.co.uk/shop/gb/groceries/product/details/all-price-lock/heinz-banana-bicotti-60g', 'product_name': 'Heinz Banana Biscotti Snack 60g 7 Month+', 'product_price': '75p', 'product_additionals': '£1.25 / 100g'}, {'shop': 'sains', 'url': 'https://www.sainsburys.co.uk/shop/gb/groceries/product/details/price-lock-baby-toddler/heinz-banana-bicotti-60g', 'product_name': 'Heinz Banana Biscotti Snack 60g 7 Month+', 'product_price': '75p', 'product_additionals': '£1.25 / 100g'}, {'shop': 'tesco', 'url': 'https://www.tesco.com/groceries/en-GB/products/299234140', 'product_name': 'Heinz Banana Custard 4X100g', 'product_price': '£ 1.60', 'product_additionals': '£4.00/kg'}, {'shop': 'tesco', 'url': 'https://www.tesco.com/groceries/en-GB/products/304379766', 'product_name': 'Heinz By Nature Apple Banana Apricot 4 Month Plus 4 X 100G', 'product_price': '£ 1.35', 'product_additionals': '£3.38/kg'}, {'shop': 'asda', 'url': 'https://groceries.asda.com/product/1000195178733', 'product_name': 'Heinz By Nature Apple, Apricot, Banana & Orange 6+ Months', 'product_price': '£0.65', 'product_additionals': 'No weight data'}, {'shop': 'asda', 'url': 'https://groceries.asda.com/product/1000123650072', 'product_name': 'Heinz By Nature Apple, Banana & Apricot 4+ Months', 'product_price': '£1.20', 'product_additionals': 'No weight data'}, {'shop': 'asda', 'url': 'https://groceries.asda.com/product/1000019306634', 'product_name': 'Heinz By Nature Apple, Pear & Banana 4+ Months', 'product_price': '£0.80', 'product_additionals': 'No weight data'}, {'shop': 'asda', 'url': 'https://groceries.asda.com/product/1000019306987', 'product_name': 'Heinz By Nature Fruity Banana Custard 4+ Months', 'product_price': '£1.20', 'product_additionals': 'No weight data'}, {'shop': 'asda', 'url': 'https://groceries.asda.com/product/1000123650097', 'product_name': 'Heinz By Nature Fruity Banana Yogurt 4+ Months', 'product_price': '£1.20', 'product_additionals': 'No weight data'}, {'shop': 'asda', 'url': 'https://groceries.asda.com/product/1000019306770', 'product_name': 'Heinz By Nature Peach, Mango, Banana & Apple 4+ Months', 'product_price': '£3.00', 'product_additionals': 'No weight data'}, {'shop': 'asda', 'url': 'https://groceries.asda.com/product/1000019306867', 'product_name': 'Heinz By Nature Peach, Mango, Banana & Apple 4+ Months', 'product_price': '£0.80', 'product_additionals': 'No weight data'}, {'shop': 'asda', 'url': 'https://groceries.asda.com/product/1000019306976', 'product_name': 'Heinz By Nature Strawberry, Banana, Raspberry & Apple 4+ Months', 'product_price': '£0.80', 'product_additionals': 'No weight data'}, {'shop': 'asda', 'url': 'https://groceries.asda.com/product/1000019306623', 'product_name': 'Heinz By Nature Strawberry, Banana, Raspberry & Apple 4+ Months', 'product_price': '£3.00', 'product_additionals': 'No weight data'}, {'shop': 'tesco', 'url': 'https://www.tesco.com/groceries/en-GB/products/276867761', 'product_name': 'Heinz Fruit Pouch Peach Mango & Banana 100G', 'product_price': '£ 1.00', 'product_additionals': '£1.00/100g'}, {'shop': 'asda', 'url': 'https://groceries.asda.com/product/910002650983', 'product_name': 'Heinz Oat & Banana Multigrain 7+ Months', 'product_price': '£2.95', 'product_additionals': 'No weight data'}, {'shop': 'asda', 'url': 'https://groceries.asda.com/product/910002366223', 'product_name': 'Heinz Strawberry and Banana Biscotti 7+ Months', 'product_price': '£0.67', 'product_additionals': 'No weight data'}, {'shop': 'asda', 'url': 'https://groceries.asda.com/product/910002650890', 'product_name': 'Heinz Sunrise Banana Baby Porridge 6+ Months', 'product_price': '£2.95', 'product_additionals': 'No weight data'}, {'shop': 'asda', 'url': 'https://groceries.asda.com/product/1000111689972', 'product_name': 'HiPP Apple & Banana Swiss Style Muesli Baby Cereal 7+ Months', 'product_price': '£2.15', 'product_additionals': 'No weight data'}, {'shop': 'asda', 'url': 'https://groceries.asda.com/product/1000111689983', 'product_name': 'HiPP Banana & Plum Muesli Baby Cereal 10+ Months', 'product_price': '£2.25', 'product_additionals': 'No weight data'}, {'shop': 'asda', 'url': 'https://groceries.asda.com/product/1000054229292', 'product_name': 'HiPP Banana Rice Breakfast Baby Food Jar 4+ Months', 'product_price': '£0.70', 'product_additionals': 'No weight data'}, {'shop': 'asda', 'url': 'https://groceries.asda.com/product/2133502', 'product_name': 'HiPP Banana Yogurt Breakfast Baby Food Jar 6+ Months', 'product_price': '£0.70', 'product_additionals': 'No weight data'}, {'shop': 'asda', 'url': 'https://groceries.asda.com/product/75631072', 'product_name': 'HiPP Fruit Layer Mango & Banana Topped With Yogurt Baby Food Jar 7+ Months', 'product_price': '£0.85', 'product_additionals': 'No weight data'}, {'shop': 'sains', 'url': 'https://www.sainsburys.co.uk/shop/gb/groceries/product/details/all-price-lock/hipp-org-banana-rice-breakfast-125g', 'product_name': 'HiPP Organic Banana Rice Breakfast 4+ Months 125g', 'product_price': '60p', 'product_additionals': '48p / 100g'}, {'shop': 'sains', 'url': 'https://www.sainsburys.co.uk/shop/gb/groceries/product/details/all-price-lock/hipp-organic-stage-1--banana--yoghurt-breakfast-125g', 'product_name': 'HiPP Organic Banana Yogurt Breakfast 125g', 'product_price': '60p', 'product_additionals': '48p / 100g'}, {'shop': 'sains', 'url': 'https://www.sainsburys.co.uk/shop/gb/groceries/product/details/price-lock-baby-toddler/hipp-organic-stage-1--banana--yoghurt-breakfast-125g', 'product_name': 'HiPP Organic Banana Yogurt Breakfast 125g', 'product_price': '60p', 'product_additionals': '48p / 100g'}, {'shop': 'sains', 'url': 'https://www.sainsburys.co.uk/shop/gb/groceries/product/details/all-price-lock/hipp-organic-mango---banana-with-yogurt-160g', 'product_name': 'HiPP Organic Mango & Banana With Yogurt Jar 160g 7 Month+', 'product_price': '70p', 'product_additionals': '44p / 100g'}, {'shop': 'sains', 'url': 'https://www.sainsburys.co.uk/shop/gb/groceries/product/details/milk-flavoured-milk/holy-moly:-banana-nut-shake-750ml', 'product_name': 'Holy Moly Banana Nut Shake 750ml', 'product_price': '£3.80', 'product_additionals': '£5.07 / ltr'}, {'shop': 'sains', 'url': 'https://www.sainsburys.co.uk/shop/gb/groceries/product/details/vegetarian-food/holy-moly:-banana-nut-shake-750ml', 'product_name': 'Holy Moly Banana Nut Shake 750ml', 'product_price': '£3.80', 'product_additionals': '£5.07 / ltr'}, {'shop': 'sains', 'url': 'https://www.sainsburys.co.uk/shop/gb/groceries/product/details/plant-based-drinks/holy-moly:-banana-nut-shake-750ml', 'product_name': 'Holy Moly Banana Nut Shake 750ml', 'product_price': '£3.80', 'product_additionals': '£5.07 / ltr'}, {'shop': 'asda', 'url': 'https://groceries.asda.com/product/910000485060', 'product_name': 'Innocent Pineapple Banana & Coconut Smoothie', 'product_price': '£2.00', 'product_additionals': 'No weight data'}, {'shop': 'tesco', 'url': 'https://www.tesco.com/groceries/en-GB/products/253845148', 'product_name': 'Innocent Strawberries & Bananas 250Ml', 'product_price': '£ 1.79', 'product_additionals': '£0.72/100ml'}, {'shop': 'coop', 'url': 'https://www.coop.co.uk/products/innocent-strawberries-and-bananas-smoothie-750ml', 'product_name': 'Innocent Strawberries and Bananas Smoothie 750ml', 'product_price': '£3.35', 'product_additionals': '750ml (26.7p per 100ml)'}, {'shop': 'asda', 'url': 'https://groceries.asda.com/product/910000485447', 'product_name': 'Innocent Strawberry & Banana Smoothie', 'product_price': '£2.00', 'product_additionals': 'No weight data'}, {'shop': 'tesco', 'url': 'https://www.tesco.com/groceries/en-GB/products/305154921', 'product_name': 'Joie Banana Pod', 'product_price': '£ 3.00', 'product_additionals': '£3.00/each'}, {'shop': 'asda', 'url': 'https://groceries.asda.com/product/1000195178632', 'product_name': 'Kiddylicious Banana & Pumpkin Melty Buttons', 'product_price': '£2.00', 'product_additionals': 'No weight data'}, {'shop': 'tesco', 'url': 'https://www.tesco.com/groceries/en-GB/products/305255053', 'product_name': 'Kiddylicious Banana & Strawberry Juicy Fruit Bar5x20g', 'product_price': '£ 2.35', 'product_additionals': '£23.50/kg'}, {'shop': 'asda', 'url': 'https://groceries.asda.com/product/1000195178778', 'product_name': 'Kiddylicious Banana & Strawberry Juicy Fruit Bars 12+ Months', 'product_price': '£1.75', 'product_additionals': 'No weight data'}, {'shop': 'asda', 'url': 'https://groceries.asda.com/product/910002273733', 'product_name': 'Kiddylicious Banana Fruity Puffs 7+ Months', 'product_price': '£1.75', 'product_additionals': 'No weight data'}, {'shop': 'tesco', 'url': 'https://www.tesco.com/groceries/en-GB/products/301892721', 'product_name': 'Kiddylicious Banana Soft Biscotti 6X20g', 'product_price': '£ 2.20', 'product_additionals': '£18.34/kg'}, {'shop': 'asda', 'url': 'https://groceries.asda.com/product/1000054483180', 'product_name': 'Kiddylicious Banana Soft Biscotti 7+ Months', 'product_price': '£2.00', 'product_additionals': 'No weight data'}, {'shop': 'asda', 'url': 'https://groceries.asda.com/product/1000108539148', 'product_name': 'Kiddylicious Banana Wafers 6+ Months', 'product_price': '£1.30', 'product_additionals': 'No weight data'}, {'shop': 'asda', 'url': 'https://groceries.asda.com/product/910001705972', 'product_name': 'Kiddylicious Banana Wafers 6+ Months', 'product_price': '£2.00', 'product_additionals': 'No weight data'}, {'shop': 'asda', 'url': 'https://groceries.asda.com/product/1000243014169', 'product_name': 'Kiddylicious Banana, Mango & Passion Fruit Smoothie Melts 12+ Months', 'product_price': '£2.20', 'product_additionals': 'No weight data'}, {'shop': 'tesco', 'url': 'https://www.tesco.com/groceries/en-GB/products/305252407', 'product_name': 'Kiddylicious Buttons Banana & Pumpkin 30G', 'product_price': '£ 2.50', 'product_additionals': '£83.34/kg'}, {'shop': 'asda', 'url': 'https://groceries.asda.com/product/1000026958496', 'product_name': 'Kiddylicious Mini Banana Coconut Rolls 12+ Months', 'product_price': '£2.00', 'product_additionals': 'No weight data'}, {'shop': 'asda', 'url': 'https://groceries.asda.com/product/1000243014246', 'product_name': 'Kiddylicious Strawberry & Banana Smoothie Melts 12+ Months', 'product_price': '£2.20', 'product_additionals': 'No weight data'}, {'shop': 'asda', 'url': 'https://groceries.asda.com/product/910000854438', 'product_name': 'Kiddylicious Strawberry & Banana Smoothie Melts 12+ Months', 'product_price': '£0.50', 'product_additionals': 'No weight data'}, {'shop': 'tesco', 'url': 'https://www.tesco.com/groceries/en-GB/products/273925110', 'product_name': 'Kiddylicious Strawberry & Banana Smoothie Melts 6G', 'product_price': '£ 0.55', 'product_additionals': '£91.67/kg'}, {'shop': 'tesco', 'url': 'https://www.tesco.com/groceries/en-GB/products/286671458', 'product_name': 'Kiddylicious Wafers Banana 40G', 'product_price': '£ 2.10', 'product_additionals': '£5.25/100g'}, {'shop': 'tesco', 'url': 'https://www.tesco.com/groceries/en-GB/products/280823888', 'product_name': 'Kubus Apple & Banana Mousse 100G', 'product_price': '£ 0.55', 'product_additionals': '£0.55/100g'}, {'shop': 'tesco', 'url': 'https://www.tesco.com/groceries/en-GB/products/279842342', 'product_name': 'Kubus Apple Banana Carrot & Strawberry Mousse 100G', 'product_price': '£ 0.55', 'product_additionals': '£0.55/100g'}, {'shop': 'tesco', 'url': 'https://www.tesco.com/groceries/en-GB/products/300420390', 'product_name': 'Kubus Banana & Strawberry 100% Drink 300Ml', 'product_price': '£ 0.60', 'product_additionals': '£0.20/100ml'}, {'shop': 'tesco', 'url': 'https://www.tesco.com/groceries/en-GB/products/300413139', 'product_name': 'Kubus Carrot Banana & Apple 100% Juice 900Ml', 'product_price': '£ 1.20', 'product_additionals': '£0.13/100ml'}, {'shop': 'asda', 'url': 'https://groceries.asda.com/product/910000332521', 'product_name': 'Kubus Carrot, Banana, Apple Multifruit Juice Drink', 'product_price': '£1.10', 'product_additionals': '(12.2p/100ml)'}, {'shop': 'sains', 'url': 'https://www.sainsburys.co.uk/shop/gb/groceries/product/details/gluten-free-biscuits-and-chocolates/lärabar-banana-choc-chip-fruit-nut-bar-3x45g', 'product_name': 'Lärabar Banana Choc Chip Fruit & Nut Bar 3x45g', 'product_price': '£3.00', 'product_additionals': '£2.22 / 100g'}, {'shop': 'sains', 'url': 'https://www.sainsburys.co.uk/shop/gb/groceries/product/details/all-gluten-free-food-and-drink/lärabar-banana-choc-chip-fruit-nut-bar-3x45g', 'product_name': 'Lärabar Banana Choc Chip Fruit & Nut Bar 3x45g', 'product_price': '£3.00', 'product_additionals': '£2.22 / 100g'}, {'shop': 'asda', 'url': 'https://groceries.asda.com/product/1000219746226', 'product_name': 'Little Bandits Banana Coconut Pot', 'product_price': '£1.65', 'product_additionals': 'No weight data'}, {'shop': 'asda', 'url': 'https://groceries.asda.com/product/1000062124539', 'product_name': 'Little Coco Nutters Strawberry & Banana Coconut Yogurt Alternative', 'product_price': '£1.00', 'product_additionals': 'No weight data'}, {'shop': 'tesco', 'url': 'https://www.tesco.com/groceries/en-GB/products/302329328', 'product_name': 'Little Coco Nutters Strawberry & Banana Puree 90G', 'product_price': '£ 1.00', 'product_additionals': '£1.12/100g'}, {'shop': 'sains', 'url': 'https://www.sainsburys.co.uk/shop/gb/groceries/product/details/top-rated-44/little-freddie-organic-blueberry---banana-greek-style-yoghurt-100g-7958105-p', 'product_name': 'Little Freddie Organic Blueberry & Banana Greek Style Yoghurt 100g', 'product_price': '£1.25', 'product_additionals': '£1.25 / 100g'}, {'shop': 'asda', 'url': 'https://groceries.asda.com/product/66296755', 'product_name': 'Longley Farm Banana Yogurt', 'product_price': '£0.42', 'product_additionals': 'No weight data'}, {'shop': 'sains', 'url': 'https://www.sainsburys.co.uk/shop/gb/groceries/product/details/organic-dairy-products/mia-ben-banana-mango-organic-100g', 'product_name': 'Mia & Ben Super Food for Kids Banana, Mango & Pineapple 6+ Months 100g', 'product_price': '£1.20', 'product_additionals': '£1.20 / 100g'}, {'shop': 'sains', 'url': 'https://www.sainsburys.co.uk/shop/gb/groceries/product/details/all-yogurt/mia-ben-banana-mango-organic-100g', 'product_name': 'Mia & Ben Super Food for Kids Banana, Mango & Pineapple 6+ Months 100g', 'product_price': '£1.20', 'product_additionals': '£1.20 / 100g'}, {'shop': 'sains', 'url': 'https://www.sainsburys.co.uk/shop/gb/groceries/product/details/about-future-brands/mia-ben-banana-mango-organic-100g', 'product_name': 'Mia & Ben Super Food for Kids Banana, Mango & Pineapple 6+ Months 100g', 'product_price': '£1.20', 'product_additionals': '£1.20 / 100g'}, {'shop': 'sains', 'url': 'https://www.sainsburys.co.uk/shop/gb/groceries/product/details/vegan-food/mightybee-bananito-solar-dried-banana-bar-dark-chocolate-dipped-25g', 'product_name': 'MightyBee Bananito Solar Dried Banana Bar Dark Chocolate Dipped 25g', 'product_price': '75p', 'product_additionals': '£3.00 / 100g'}, {'shop': 'tesco', 'url': 'https://www.tesco.com/groceries/en-GB/products/303672529', 'product_name': 'Muller Corner Banana Yogurt Chocolate Flakes 130G', 'product_price': '£ 0.60', 'product_additionals': '£0.46/100g'}, {'shop': 'asda', 'url': 'https://groceries.asda.com/product/1000120228335', 'product_name': 'Muller Corner Banana Yogurt with Chocolate Flakes', 'product_price': '£0.55', 'product_additionals': '(42.3p/100g)'}, {'shop': 'sains', 'url': 'https://www.sainsburys.co.uk/shop/gb/groceries/product/details/single-pots-and-corner-yogurt/muller-corner-banana-chocolate-flake-135g', 'product_name': 'Müller Corner Banana Yogurt with Chocolate Flakes 130g', 'product_price': '35p', 'product_additionals': '27p / 100g'}, {'shop': 'asda', 'url': 'https://groceries.asda.com/product/1000206330944', 'product_name': 'Muller Corner Skyr Banana & Almond Granola Yogurt', 'product_price': '£1.20', 'product_additionals': '(66.7p/100g)'}, {'shop': 'sains', 'url': 'https://www.sainsburys.co.uk/shop/gb/groceries/product/details/muller-yogurt/muller-corner-vanilla---banana-yogurts-with-chocolate-balls-6-x-130g-7553576-p', 'product_name': 'Muller Corner Vanilla & Banana Yogurts with Chocolate Balls 6 x 130g', 'product_price': '£3.00', 'product_additionals': '38p / 100g'}, {'shop': 'asda', 'url': 'https://groceries.asda.com/product/1000120228326', 'product_name': 'Muller Corner Vanilla Chocolate Balls & Banana Chocolate Flakes Yogurt', 'product_price': '£1.99', 'product_additionals': '(25.5p/100g)'}, {'shop': 'tesco', 'url': 'https://www.tesco.com/groceries/en-GB/products/303694859', 'product_name': 'Muller Corner Yogurt Vanilla Chocolate Balls Banana Flakes 6X130g', 'product_price': '£ 2.00', 'product_additionals': '£0.26/100g'}, {'shop': 'tesco', 'url': 'https://www.tesco.com/groceries/en-GB/products/303668126', 'product_name': 'Muller Light Banana Custard Yogurt 160G', 'product_price': '£ 0.60', 'product_additionals': '£0.38/100g'}, {'shop': 'asda', 'url': 'https://groceries.asda.com/product/1000116808339', 'product_name': 'Muller Light Fat Free Banana and Custard Yogurt', 'product_price': '£0.55', 'product_additionals': '(34.4p/100g)'}, {'shop': 'sains', 'url': 'https://www.sainsburys.co.uk/shop/gb/groceries/product/details/single-pots-and-corner-yogurt/mullerlight-banana---custard-175g', 'product_name': 'Müller Light Fat Free Smooth Banana & Custard Yogurt 160g', 'product_price': '50p', 'product_additionals': '31p / 100g'}, {'shop': 'asda', 'url': 'https://groceries.asda.com/product/910000446282', 'product_name': 'Munch Bunch Double Up Strawberry & Banana Yogurts', 'product_price': '£1.00', 'product_additionals': '(29.4p/100g)'}, {'shop': 'tesco', 'url': 'https://www.tesco.com/groceries/en-GB/products/268776736', 'product_name': 'Munch Bunch Double Up Strawberry Banana Fromage Frais 4X85g', 'product_price': '£ 1.50', 'product_additionals': '£0.44/100g'}, {'shop': 'tesco', 'url': 'https://www.tesco.com/groceries/en-GB/products/300113039', 'product_name': 'Naked Green Machine Apple Banana Smoothie 360Ml', 'product_price': '£ 2.36', 'product_additionals': '£0.66/100ml'}, {'shop': 'asda', 'url': 'https://groceries.asda.com/product/1000211259512', 'product_name': 'Naked Zing Strawberry, Banana & Lime Smoothie', 'product_price': '£2.00', 'product_additionals': 'No weight data'}, {'shop': 'asda', 'url': 'https://groceries.asda.com/product/18232503', 'product_name': 'Nesquik Banana Milkshake Mix', 'product_price': '£1.50', 'product_additionals': '(50.0p/100g)'}, {'shop': 'tesco', 'url': 'https://www.tesco.com/groceries/en-GB/products/253117588', 'product_name': 'Nesquik Banana Powder 300G', 'product_price': '£ 2.30', 'product_additionals': '£0.77/100g'}, {'shop': 'tesco', 'url': 'https://www.tesco.com/groceries/en-GB/products/287001289', 'product_name': 'Organix Banana & Date 6 X 17G', 'product_price': '£ 2.00', 'product_additionals': '£1.97/100g'}, {'shop': 'tesco', 'url': 'https://www.tesco.com/groceries/en-GB/products/282266392', 'product_name': 'Organix Banana & Plum Porridge 200G', 'product_price': '£ 2.50', 'product_additionals': '£1.25/100g'}, {'shop': 'tesco', 'url': 'https://www.tesco.com/groceries/en-GB/products/278215142', 'product_name': 'Organix Banana & Raspberry Stage3 Muesli 200G', 'product_price': '£ 2.70', 'product_additionals': '£1.35/100g'}, {'shop': 'tesco', 'url': 'https://www.tesco.com/groceries/en-GB/products/276778019', 'product_name': 'Organix Banana Rice Cake 50G', 'product_price': '£ 1.20', 'product_additionals': '£2.40/100g'}, {'shop': 'asda', 'url': 'https://groceries.asda.com/product/910002009500', 'product_name': 'Organix Banana Ring Biscuits 10+ Months', 'product_price': '£1.30', 'product_additionals': 'No weight data'}, {'shop': 'sains', 'url': 'https://www.sainsburys.co.uk/shop/gb/groceries/product/details/all-price-lock/organix-goodies--soft-oaty-banana-bars-6x30g', 'product_name': 'Organix Banana Soft Oaty Bars 6x30g', 'product_price': '£2.20', 'product_additionals': '£1.22 / 100g'}, {'shop': 'asda', 'url': 'https://groceries.asda.com/product/910001267720', 'product_name': 'Organix Goodies Banana Oaty Bars 12+ Months', 'product_price': '£2.00', 'product_additionals': 'No weight data'}, {'shop': 'tesco', 'url': 'https://www.tesco.com/groceries/en-GB/products/283608321', 'product_name': 'Organix Goodies Banana Oaty Bars 6 X 30G', 'product_price': '£ 2.50', 'product_additionals': '£13.89/kg'}, {'shop': 'asda', 'url': 'https://groceries.asda.com/product/910002376285', 'product_name': 'Organix Goodies Banana Puffcorn 12+ Months', 'product_price': '£1.50', 'product_additionals': 'No weight data'}, {'shop': 'tesco', 'url': 'https://www.tesco.com/groceries/en-GB/products/295460337', 'product_name': 'Organix Goodies Banana Puffcorn 4 X 10G', 'product_price': '£ 1.95', 'product_additionals': '£4.88/100g'}, {'shop': 'asda', 'url': 'https://groceries.asda.com/product/910001694237', 'product_name': 'Organix Goodies Chunky Banana & Date Fruit Bars 12+ Months', 'product_price': '£1.75', 'product_additionals': 'No weight data'}, {'shop': 'asda', 'url': 'https://groceries.asda.com/product/1000172735664', 'product_name': 'Organix Mini Organic Oat & Banana Flapjack Toddler Snacks 12+ Months', 'product_price': '£2.00', 'product_additionals': 'No weight data'}, {'shop': 'tesco', 'url': 'https://www.tesco.com/groceries/en-GB/products/306662393', 'product_name': 'Oykos Signature Gooey Caramel Banana & Almond 2X105g', 'product_price': '£ 1.50', 'product_additionals': '£0.72/100g'}, {'shop': 'tesco', 'url': 'https://www.tesco.com/groceries/en-GB/products/306952044', 'product_name': 'Palm Beach Banana & Butterscotch Rum Liqueur 50Cl', 'product_price': '£ 9.99', 'product_additionals': '£19.98/litre'}, {'shop': 'asda', 'url': 'https://groceries.asda.com/product/910001457934', 'product_name': 'Petits Filous Banana & Strawberry Yogurt', 'product_price': '£1.70', 'product_additionals': '(60.3p/100g)'}, {'shop': 'tesco', 'url': 'https://www.tesco.com/groceries/en-GB/products/304398714', 'product_name': 'Petits Filous No Added Sugar Apple Pear & Banana Fromage Frais 6 X 47G', 'product_price': '£ 1.50', 'product_additionals': '£0.53/100g'}, {'shop': 'asda', 'url': 'https://groceries.asda.com/product/1000161871336', 'product_name': 'Petits Filous No Added Sugar Strawberry & Banana Yogurts', 'product_price': '£1.70', 'product_additionals': '(60.3p/100g)'}, {'shop': 'tesco', 'url': 'https://www.tesco.com/groceries/en-GB/products/304375298', 'product_name': 'Petits Filous No Added Sugar Strawberry Banana Fromage Frais 6 X 47G', 'product_price': '£ 1.50', 'product_additionals': '£0.53/100g'}, {'shop': 'tesco', 'url': 'https://www.tesco.com/groceries/en-GB/products/299583859', 'product_name': 'Piccolo Organic Banana Blueberry & Apple Baby Food 100G', 'product_price': '£ 1.10', 'product_additionals': '£11.00/kg'}, {'shop': 'asda', 'url': 'https://groceries.asda.com/product/910002685057', 'product_name': 'Piccolo Organic Banana, Blueberry & Apple from 4+ Months', 'product_price': '£1.10', 'product_additionals': 'No weight data'}, {'shop': 'asda', 'url': 'https://groceries.asda.com/product/910003223794', 'product_name': 'Piccolo Organic Banana, Coconut & Baby Rice from 4+ Months', 'product_price': '£1.10', 'product_additionals': 'No weight data'}, {'shop': 'asda', 'url': 'https://groceries.asda.com/product/910001311058', 'product_name': 'Piriteze Allergy Syrup Sugar Free Banana Flavour', 'product_price': '£4.96', 'product_additionals': 'No weight data'}, {'shop': 'sains', 'url': 'https://www.sainsburys.co.uk/shop/gb/groceries/product/details/vegetarian-food/plant-pioneers-banana-blossom-in-water-400g', 'product_name': 'Plant Pioneers Banana Blossom in Water 400g', 'product_price': '£1.50', 'product_additionals': '£3.75 / kg'}, {'shop': 'sains', 'url': 'https://www.sainsburys.co.uk/shop/gb/groceries/product/details/plant-pioneers-44/plant-pioneers-banana-blossom-in-water-400g', 'product_name': 'Plant Pioneers Banana Blossom in Water 400g', 'product_price': '£1.50', 'product_additionals': '£3.75 / kg'}, {'shop': 'sains', 'url': 'https://www.sainsburys.co.uk/shop/gb/groceries/product/details/plant-pioneers/plant-pioneers-banana-blossom-in-water-400g', 'product_name': 'Plant Pioneers Banana Blossom in Water 400g', 'product_price': '£1.50', 'product_additionals': '£3.75 / kg'}, {'shop': 'tesco', 'url': 'https://www.tesco.com/groceries/en-GB/products/266225413', 'product_name': 'Pronto Porridge Mix Banana 120G', 'product_price': '£ 0.60', 'product_additionals': '£0.50/100g'}, {'shop': 'asda', 'url': 'https://groceries.asda.com/product/78769040', 'product_name': 'Pronto Pre-Cooked Cornmeal Porridge Mix Banana', 'product_price': '£0.65', 'product_additionals': '(54.2p/100g)'}, {'shop': 'tesco', 'url': 'https://www.tesco.com/groceries/en-GB/products/307366212', 'product_name': 'Quaker Oat So Simple Banana Porridge 10 Sachets 348G', 'product_price': '£ 2.00', 'product_additionals': '£0.58/100g'}, {'shop': 'sains', 'url': 'https://www.sainsburys.co.uk/shop/gb/groceries/product/details/all-fruit/sainsburys-fairtrade-bananas--so-organic', 'product_name': "Sainsbury's Fairtrade Bananas, SO Organic", 'product_price': '£1.40 / kg', 'product_additionals': '£1.40 / kg'}, {'shop': 'sains', 'url': 'https://www.sainsburys.co.uk/shop/gb/groceries/product/details/all-organic-/sainsburys-fairtrade-bananas--so-organic-x5', 'product_name': "Sainsbury's Fairtrade Bananas, SO Organic x6", 'product_price': '£1.35', 'product_additionals': '23p / ea'}, {'shop': 'sains', 'url': 'https://www.sainsburys.co.uk/shop/gb/groceries/product/details/all-fruit/sainsburys-fairtrade-small-bananas-x5-7553289-p-44', 'product_name': "Sainsbury's Fairtrade Small Bananas x5", 'product_price': '60p', 'product_additionals': '12p / ea'}, {'shop': 'sains', 'url': 'https://www.sainsburys.co.uk/shop/gb/groceries/product/details/smoothie-mixes-294304-44/sainsburys-frozen-berry-banana-smoothie-mix-strawberry---banana-480g', 'product_name': "Sainsbury's Frozen Berry Banana Smoothie Mix Strawberry & Banana 480g", 'product_price': '£2.00', 'product_additionals': '42p / 100g'}, {'shop': 'sains', 'url': 'https://www.sainsburys.co.uk/shop/gb/groceries/product/details/new-355373-44/sainsburys-home-banana-plush-pencil-case-132775490-p', 'product_name': "Sainsbury's Home Banana Plush Pencil Case", 'product_price': '£5.00', 'product_additionals': '£5.00 / ea'}, {'shop': 'sains', 'url': 'https://www.sainsburys.co.uk/shop/gb/groceries/product/details/all-fruit/sainsburys-ripen-at-home-bananas', 'product_name': "Sainsbury's Ripen At Home Bananas", 'product_price': '69p', 'product_additionals': '69p / ea'}, {'shop': 'sains', 'url': 'https://www.sainsburys.co.uk/shop/gb/groceries/product/details/make-a-smoothie/sainsburys-eric---friends-small-bananas--fairtrade-x8', 'product_name': "Sainsbury's Small Bananas, Fairtrade x8", 'product_price': '£1.05', 'product_additionals': '13p / ea'}, {'shop': 'sains', 'url': 'https://www.sainsburys.co.uk/shop/gb/groceries/product/details/milk-flavoured-milk/shaken-udder-top-banana!-banana-milkshake-330ml', 'product_name': 'Shaken Udder Top Banana! Banana Milkshake 330ml', 'product_price': '£1.40', 'product_additionals': '42p / 100ml'}, {'shop': 'tesco', 'url': 'https://www.tesco.com/groceries/en-GB/products/267473556', 'product_name': 'Sis. Go Energy Bar Banana 40G', 'product_price': '£ 1.15', 'product_additionals': '£2.88/100g'}, {'shop': 'asda', 'url': 'https://groceries.asda.com/product/1000217307770', 'product_name': 'Soreen Banana Fruit Loaf', 'product_price': '£0.60', 'product_additionals': '(60.0p/each)'}, {'shop': 'sains', 'url': 'https://www.sainsburys.co.uk/shop/gb/groceries/product/details/easter-special-offers/soreen-banana-loaf-260g', 'product_name': 'Soreen Banana Loaf 260g', 'product_price': '£1.30', 'product_additionals': '50p / 100g'}, {'shop': 'sains', 'url': 'https://www.sainsburys.co.uk/shop/gb/groceries/product/details/all-easter-/soreen-banana-loaf-260g', 'product_name': 'Soreen Banana Loaf 260g', 'product_price': '£1.30', 'product_additionals': '50p / 100g'}, {'shop': 'tesco', 'url': 'https://www.tesco.com/groceries/en-GB/products/267257949', 'product_name': 'Soreen Banana Loaf Each', 'product_price': '£ 1.20', 'product_additionals': '£1.20/each'}, {'shop': 'asda', 'url': 'https://groceries.asda.com/product/910001420636', 'product_name': 'Soreen Banana Lunchbox Loaves', 'product_price': '£1.40', 'product_additionals': '(28.0p/each)'}, {'shop': 'coop', 'url': 'https://www.coop.co.uk/products/soreen-banana-lunchbox-loaves-150g', 'product_name': 'Soreen Banana Lunchbox Loaves 150g', 'product_price': '£1', 'product_additionals': '150g (66.6p per 100g)'}, {'shop': 'tesco', 'url': 'https://www.tesco.com/groceries/en-GB/products/273420937', 'product_name': 'Soreen Banana Lunchbox Loaves 5 Pack', 'product_price': '£ 1.40', 'product_additionals': '£0.28/each'}, {'shop': 'sains', 'url': 'https://www.sainsburys.co.uk/shop/gb/groceries/product/details/new-355373-44/st-marys-banana-chips-30g', 'product_name': 'St Marys Banana Chips 30g', 'product_price': '60p', 'product_additionals': '£2.00 / 100g'}, {'shop': 'tesco', 'url': 'https://www.tesco.com/groceries/en-GB/products/306942488', 'product_name': 'Sweetpea Banana & Chocolate Gluten Free Muffin Mix 220G', 'product_price': '£ 2.75', 'product_additionals': '£12.50/kg'}, {'shop': 'tesco', 'url': 'https://www.tesco.com/groceries/en-GB/products/302063906', 'product_name': 'Tesco Banana Flavour Milk 1 Litre', 'product_price': '£ 1.10', 'product_additionals': '£1.10/litre'}, {'shop': 'tesco', 'url': 'https://www.tesco.com/groceries/en-GB/products/302064214', 'product_name': 'Tesco Banana Flavour Milk 330Ml', 'product_price': '£ 0.60', 'product_additionals': '£0.18/100ml'}, {'shop': 'tesco', 'url': 'https://www.tesco.com/groceries/en-GB/products/293459809', 'product_name': 'Tesco Banana Loaf Cake', 'product_price': '£ 1.35', 'product_additionals': '£1.35/each'}, {'shop': 'tesco', 'url': 'https://www.tesco.com/groceries/en-GB/products/275049199', 'product_name': 'Tesco Banana Milkshake Bottle 80G', 'product_price': '£ 0.40', 'product_additionals': '£0.50/100g'}, {'shop': 'tesco', 'url': 'https://www.tesco.com/groceries/en-GB/products/262346986', 'product_name': 'Tesco Chewy Banana 300G', 'product_price': '£ 3.00', 'product_additionals': '£10.00/kg'}, {'shop': 'tesco', 'url': 'https://www.tesco.com/groceries/en-GB/products/306812493', 'product_name': 'Tesco Free From 4 Banana & Chocolate Oat Bar 4X25g', 'product_price': '£ 1.60', 'product_additionals': '£1.60/100g'}, {'shop': 'tesco', 'url': 'https://www.tesco.com/groceries/en-GB/products/295445707', 'product_name': 'Tesco Free From Apricot & Banana Soya Yogurt 4X90g', 'product_price': '£ 1.50', 'product_additionals': '£0.42/100g'}, {'shop': 'tesco', 'url': 'https://www.tesco.com/groceries/en-GB/products/303869954', 'product_name': 'Tesco Organic Fair Trade Bananas 5 Pack', 'product_price': '£ 1.35', 'product_additionals': '£0.27/each'}, {'shop': 'tesco', 'url': 'https://www.tesco.com/groceries/en-GB/products/266419328', 'product_name': 'Tesco Ripe Bananas 5 Pack', 'product_price': '£ 0.69', 'product_additionals': '£0.14/each'}, {'shop': 'tesco', 'url': 'https://www.tesco.com/groceries/en-GB/products/302932230', 'product_name': 'Tesco Slim Banana Mealrepl. Shake 10X29g', 'product_price': '£ 4.00', 'product_additionals': '£1.38/100g'}, {'shop': 'tesco', 'url': 'https://www.tesco.com/groceries/en-GB/products/285157326', 'product_name': 'Tesco Small Bananas 6 Pack', 'product_price': '£ 0.64', 'product_additionals': '£0.11/each'}, {'shop': 'tesco', 'url': 'https://www.tesco.com/groceries/en-GB/products/303806004', 'product_name': 'The Collective Banana & Butterscotch Yogurt 450G', 'product_price': '£ 2.20', 'product_additionals': '£0.49/100g'}, {'shop': 'tesco', 'url': 'https://www.tesco.com/groceries/en-GB/products/294069371', 'product_name': 'The Collective Banana Suckie 100G', 'product_price': '£ 0.70', 'product_additionals': '£0.70/100g'}, {'shop': 'sains', 'url': 'https://www.sainsburys.co.uk/shop/gb/groceries/product/details/all-yogurt/the-collective-fresh-whole-milk-yogurt---fruit-banana-suckies-for-kids-100g', 'product_name': 'The Collective Kids Suckies Banana Yogurt 100g', 'product_price': '75p', 'product_additionals': '75p / 100g'}, {'shop': 'sains', 'url': 'https://www.sainsburys.co.uk/shop/gb/groceries/product/details/all-sports-nutrition-/tribe-infinity-peanut-butter-banana-50g', 'product_name': 'Tribe Infinity Peanut Butter Banana 50g', 'product_price': '£1.70', 'product_additionals': '34p / 10g'}, {'shop': 'asda', 'url': 'https://groceries.asda.com/product/1000220971543', 'product_name': 'Tropical Sun Banana Blossom in Water', 'product_price': '£1.39', 'product_additionals': '(34.8p/100g)'}, {'shop': 'tesco', 'url': 'https://www.tesco.com/groceries/en-GB/products/260861377', 'product_name': 'Tymbark Green Banana Juice 1 Litre', 'product_price': '£ 1.49', 'product_additionals': '£0.15/100ml'}, {'shop': 'tesco', 'url': 'https://www.tesco.com/groceries/en-GB/products/308079366', 'product_name': 'Ufit High Protein Milkshake Banana Flavoured 500Ml', 'product_price': '£ 3.00', 'product_additionals': '£0.60/100ml'}, {'shop': 'tesco', 'url': 'https://www.tesco.com/groceries/en-GB/products/304798499', 'product_name': 'Up & Go Breakfast Banana & Honey Drink 3 X 250Ml', 'product_price': '£ 2.50', 'product_additionals': '£0.33/100ml'}, {'shop': 'tesco', 'url': 'https://www.tesco.com/groceries/en-GB/products/304411014', 'product_name': 'Up&Go Breakfast Drink Banana & Honey 330Ml', 'product_price': '£ 1.00', 'product_additionals': '£0.30/100ml'}, {'shop': 'tesco', 'url': 'https://www.tesco.com/groceries/en-GB/products/295654546', 'product_name': 'Urban Beauty United Banana Nail File', 'product_price': '£ 1.50', 'product_additionals': '£1.50/each'}, {'shop': 'asda', 'url': 'https://groceries.asda.com/product/1000190025657', 'product_name': 'USN Trust 50 Protein Banana Flavoured Milkshake', 'product_price': '£3.50', 'product_additionals': 'No weight data'}, {'shop': 'asda', 'url': 'https://groceries.asda.com/product/2215673273474', 'product_name': 'USN Trust 50 Protein Milkshakes - Vanilla, Strawberry, Banana & Chocolate', 'product_price': '£14.00', 'product_additionals': 'No weight data'}, {'shop': 'asda', 'url': 'https://groceries.asda.com/product/1000024154439', 'product_name': 'Wagg Cookies with Peanut Butter & Banana Dog Treats', 'product_price': '£1.00', 'product_additionals': '(£8.00/kg)'}, {'shop': 'asda', 'url': 'https://groceries.asda.com/product/910001268473', 'product_name': 'Weetabix Banana Cereal', 'product_price': '£3.19', 'product_additionals': 'No weight data'}, {'shop': 'tesco', 'url': 'https://www.tesco.com/groceries/en-GB/products/282391346', 'product_name': 'Weetabix Biscuits Banana Cereal 24 Pack', 'product_price': '£ 3.20', 'product_additionals': '£0.13/each'}, {'shop': 'asda', 'url': 'https://groceries.asda.com/product/910001429819', 'product_name': 'Weetabix Crispy Minis Banana', 'product_price': '£2.89', 'product_additionals': '(48.2p/100g)'}, {'shop': 'tesco', 'url': 'https://www.tesco.com/groceries/en-GB/products/285355224', 'product_name': 'Weetabix On The Go Banana Drink 250Ml', 'product_price': '£ 1.50', 'product_additionals': '£0.60/100ml'}, {'shop': 'asda', 'url': 'https://groceries.asda.com/product/910000225341', 'product_name': 'Whitworths Banana Chips', 'product_price': '£1.60', 'product_additionals': '(£9.14/kg)'}, {'shop': 'tesco', 'url': 'https://www.tesco.com/groceries/en-GB/products/267718819', 'product_name': 'Whitworths Banana Chips 175G', 'product_price': '£ 2.00', 'product_additionals': '£11.43/kg'}, {'shop': 'sains', 'url': 'https://www.sainsburys.co.uk/shop/gb/groceries/product/details/200-calories-or-less/whitworths-naturally-sweet-chewy-bananas-30g', 'product_name': 'Whitworths Naturally Sweet Chewy Bananas 30g', 'product_price': '50p', 'product_additionals': '£1.67 / 100g'}, {'shop': 'asda', 'url': 'https://groceries.asda.com/product/1000183742512', 'product_name': 'Yankee Candle Home Inspiration Coconut Banana Large Jar', 'product_price': '£13.47', 'product_additionals': 'No weight data'}, {'shop': 'tesco', 'url': 'https://www.tesco.com/groceries/en-GB/products/307808157', 'product_name': 'Yankee Medium Jar Candle - Banana Flower', 'product_price': '£ 10.00', 'product_additionals': '£10.00/each'}, {'shop': 'tesco', 'url': 'https://www.tesco.com/groceries/en-GB/products/307830360', 'product_name': 'Yankee Small Jar Candle - Banana Flower', 'product_price': '£ 5.00', 'product_additionals': '£5.00/each'}, {'shop': 'asda', 'url': 'https://groceries.asda.com/product/910002785811', 'product_name': 'Yazoo Banana Flavoured Milk', 'product_price': '£1.50', 'product_additionals': '(£1.50/lt)'}, {'shop': 'tesco', 'url': 'https://www.tesco.com/groceries/en-GB/products/251328672', 'product_name': 'Yazoo Banana Milkshake 1 Litre Bottle', 'product_price': '£ 1.50', 'product_additionals': '£0.15/100ml'}, {'shop': 'tesco', 'url': 'https://www.tesco.com/groceries/en-GB/products/290369673', 'product_name': 'Yazoo Chilled Banana Flavour Milkshake 400Ml', 'product_price': '£ 1.00', 'product_additionals': '£0.25/100ml'}, {'shop': 'asda', 'url': 'https://groceries.asda.com/product/1000015538441', 'product_name': 'Yazoo No Added Sugar Banana Milk', 'product_price': '£2.00', 'product_additionals': '(16.7p/100ml)'}, {'shop': 'tesco', 'url': 'https://www.tesco.com/groceries/en-GB/products/296091582', 'product_name': 'Yeo Valley Banana & Custard Style Yogurt 450G', 'product_price': '£ 1.50', 'product_additionals': '£0.33/100g'}, {'shop': 'asda', 'url': 'https://groceries.asda.com/product/1000106846746', 'product_name': 'Yeo Valley Organic Banana & Custard Yogurt', 'product_price': '£1.25', 'product_additionals': 'No weight data'}, {'shop': 'asda', 'url': 'https://groceries.asda.com/product/1000145216099', 'product_name': 'Yes! Dark Chocolate, Banana & Pecan Fruit & Nut Snack Bars 3 Pack', 'product_price': '£3.00', 'product_additionals': '(£2.86/100g)'}, {'shop': 'asda', 'url': 'https://groceries.asda.com/product/1000145216149', 'product_name': 'Yes! Delicious Dark Choc, Banana & Pecan Fruit & Nut Bar', 'product_price': '£1.50', 'product_additionals': '(£4.29/100g)'}, {'shop': 'aldi', 'url': 'https://www.aldi.co.uk/yogurt-delights-strawberry%26banana/p/701266339315800', 'product_name': 'Yogurt Delights Strawberry&Banana', 'product_price': '0.95', 'product_additionals': '23.8p per 100g'}]


x[{'shop': 'tesco', 'url': 'https://www.tesco.com/groceries/en-GB/products/285157326', 'product_name': 'Tesco Small Bananas 6 Pack', 'product_price': '£ 0.64', 'product_additionals': '£0.11/each'}, {'shop': 'tesco', 'url': 'https://www.tesco.com/groceries/en-GB/products/266419328', 'product_name': 'Tesco Ripe Bananas 5 Pack', 'product_price': '£ 0.69', 'product_additionals': '£0.14/each'}, {'shop': 'tesco', 'url': 'https://www.tesco.com/groceries/en-GB/products/282391346', 'product_name': 'Weetabix Biscuits Banana Cereal 24 Pack', 'product_price': '£ 3.20', 'product_additionals': '£0.13/each'}, {'shop': 'tesco', 'url': 'https://www.tesco.com/groceries/en-GB/products/273420937', 'product_name': 'Soreen Banana Lunchbox Loaves 5 Pack', 'product_price': '£ 1.40', 'product_additionals': '£0.28/each'}, {'shop': 'tesco', 'url': 'https://www.tesco.com/groceries/en-GB/products/303869954', 'product_name': 'Tesco Organic Fair Trade Bananas 5 Pack', 'product_price': '£ 1.35', 'product_additionals': '£0.27/each'}, {'shop': 'tesco', 'url': 'https://www.tesco.com/groceries/en-GB/products/267257949', 'product_name': 'Soreen Banana Loaf Each', 'product_price': '£ 1.20', 'product_additionals': '£1.20/each'}, {'shop': 'tesco', 'url': 'https://www.tesco.com/groceries/en-GB/products/293459809', 'product_name': 'Tesco Banana Loaf Cake', 'product_price': '£ 1.35', 'product_additionals': '£1.35/each'}, {'shop': 'tesco', 'url': 'https://www.tesco.com/groceries/en-GB/products/295654546', 'product_name': 'Urban Beauty United Banana Nail File', 'product_price': '£ 1.50', 'product_additionals': '£1.50/each'}, {'shop': 'tesco', 'url': 'https://www.tesco.com/groceries/en-GB/products/305154921', 'product_name': 'Joie Banana Pod', 'product_price': '£ 3.00', 'product_additionals': '£3.00/each'}, {'shop': 'asda', 'url': 'https://groceries.asda.com/product/1000189834728', 'product_name': 'Bananas Crushie Characters (4+ Years)', 'product_price': '£4.00', 'product_additionals': '(£4.00/each)'}, {'shop': 'tesco', 'url': 'https://www.tesco.com/groceries/en-GB/products/307830360', 'product_name': 'Yankee Small Jar Candle - Banana Flower', 'product_price': '£ 5.00', 'product_additionals': '£5.00/each'}, {'shop': 'tesco', 'url': 'https://www.tesco.com/groceries/en-GB/products/308026032', 'product_name': 'Code Name Bananas David Walliams', 'product_price': '£ 7.50', 'product_additionals': '£7.50/each'}, {'shop': 'asda', 'url': 'https://groceries.asda.com/product/1000144509229', 'product_name': 'ASDA Garden Gang Bananas', 'product_price': '£1.00', 'product_additionals': '(12.5p/each)'}, {'shop': 'tesco', 'url': 'https://www.tesco.com/groceries/en-GB/products/307808157', 'product_name': 'Yankee Medium Jar Candle - Banana Flower', 'product_price': '£ 10.00', 'product_additionals': '£10.00/each'}, {'shop': 'asda', 'url': 'https://groceries.asda.com/product/910001420636', 'product_name': 'Soreen Banana Lunchbox Loaves', 'product_price': '£1.40', 'product_additionals': '(28.0p/each)'}, {'shop': 'asda', 'url': 'https://groceries.asda.com/product/1000217307770', 'product_name': 'Soreen Banana Fruit Loaf', 'product_price': '£0.60', 'product_additionals': '(60.0p/each)'}, {'shop': 'tesco', 'url': 'https://www.tesco.com/groceries/en-GB/products/260861377', 'product_name': 'Tymbark Green Banana Juice 1 Litre', 'product_price': '£ 1.49', 'product_additionals': '£0.15/100ml'}, {'shop': 'tesco', 'url': 'https://www.tesco.com/groceries/en-GB/products/300413139', 'product_name': 'Kubus Carrot Banana & Apple 100% Juice 900Ml', 'product_price': '£ 1.20', 'product_additionals': '£0.13/100ml'}, {'shop': 'tesco', 'url': 'https://www.tesco.com/groceries/en-GB/products/251328672', 'product_name': 'Yazoo Banana Milkshake 1 Litre Bottle', 'product_price': '£ 1.50', 'product_additionals': '£0.15/100ml'}, {'shop': 'tesco', 'url': 'https://www.tesco.com/groceries/en-GB/products/302064214', 'product_name': 'Tesco Banana Flavour Milk 330Ml', 'product_price': '£ 0.60', 'product_additionals': '£0.18/100ml'}, {'shop': 'tesco', 'url': 'https://www.tesco.com/groceries/en-GB/products/300420390', 'product_name': 'Kubus Banana & Strawberry 100% Drink 300Ml', 'product_price': '£ 0.60', 'product_additionals': '£0.20/100ml'}, {'shop': 'tesco', 'url': 'https://www.tesco.com/groceries/en-GB/products/265160818', 'product_name': 'Happy Monkey Strawberries & Bananas 4 Pack', 'product_price': '£ 2.00', 'product_additionals': '£0.28/100ml'}, {'shop': 'tesco', 'url': 'https://www.tesco.com/groceries/en-GB/products/290369673', 'product_name': 'Yazoo Chilled Banana Flavour Milkshake 400Ml', 'product_price': '£ 1.00', 'product_additionals': '£0.25/100ml'}, {'shop': 'tesco', 'url': 'https://www.tesco.com/groceries/en-GB/products/304411014', 'product_name': 'Up&Go Breakfast Drink Banana & Honey 330Ml', 'product_price': '£ 1.00', 'product_additionals': '£0.30/100ml'}, {'shop': 'tesco', 'url': 'https://www.tesco.com/groceries/en-GB/products/304798499', 'product_name': 'Up & Go Breakfast Banana & Honey Drink 3 X 250Ml', 'product_price': '£ 2.50', 'product_additionals': '£0.33/100ml'}, {'shop': 'tesco', 'url': 'https://www.tesco.com/groceries/en-GB/products/271681734', 'product_name': 'Bobo Frut Apple Banana & Carrot Juice 300Ml', 'product_price': '£ 1.40', 'product_additionals': '£0.47/100ml'}, {'shop': 'tesco', 'url': 'https://www.tesco.com/groceries/en-GB/products/285355224', 'product_name': 'Weetabix On The Go Banana Drink 250Ml', 'product_price': '£ 1.50', 'product_additionals': '£0.60/100ml'}, {'shop': 'tesco', 'url': 'https://www.tesco.com/groceries/en-GB/products/253845148', 'product_name': 'Innocent Strawberries & Bananas 250Ml', 'product_price': '£ 1.79', 'product_additionals': '£0.72/100ml'}, {'shop': 'tesco', 'url': 'https://www.tesco.com/groceries/en-GB/products/308079366', 'product_name': 'Ufit High Protein Milkshake Banana Flavoured 500Ml', 'product_price': '£ 3.00', 'product_additionals': '£0.60/100ml'}, {'shop': 'tesco', 'url': 'https://www.tesco.com/groceries/en-GB/products/300113039', 'product_name': 'Naked Green Machine Apple Banana Smoothie 360Ml', 'product_price': '£ 2.36', 'product_additionals': '£0.66/100ml'}, {'shop': 'asda', 'url': 'https://groceries.asda.com/product/910000332521', 'product_name': 'Kubus Carrot, Banana, Apple Multifruit Juice Drink', 'product_price': '£1.10', 'product_additionals': '(12.2p/100ml)'}, {'shop': 'asda', 'url': 'https://groceries.asda.com/product/1000015538441', 'product_name': 'Yazoo No Added Sugar Banana Milk', 'product_price': '£2.00', 'product_additionals': '(16.7p/100ml)'}, {'shop': 'asda', 'url': 'https://groceries.asda.com/product/1000000984240', 'product_name': 'FRijj Banana Flavour Milkshake', 'product_price': '£1.00', 'product_additionals': '(25.0p/100ml)'}, {'shop': 'asda', 'url': 'https://groceries.asda.com/product/910001743535', 'product_name': 'FUEL10K High Protein Banana Breakfast Milk Drink', 'product_price': '£1.30', 'product_additionals': '(39.4p/100ml)'}, {'shop': 'asda', 'url': 'https://groceries.asda.com/product/1000194225937', 'product_name': 'Garnier Ultimate Blends Nourishing Banana Shampoo for Dry Hair', 'product_price': '£2.98', 'product_additionals': '(85.1p/100ml)'}, {'shop': 'asda', 'url': 'https://groceries.asda.com/product/1000194225936', 'product_name': 'Garnier Ultimate Blends Nourishing Banana Conditioner for Dry Hair', 'product_price': '£2.98', 'product_additionals': '(85.1p/100ml)'}, {'shop': 'asda', 'url': 'https://groceries.asda.com/product/1000109748224', 'product_name': 'Garnier Ultimate Blends Hair Food Banana 3-in-1 Dry Hair Mask Treatment', 'product_price': '£3.48', 'product_additionals': '(89.2p/100ml)'}, {'shop': 'tesco', 'url': 'https://www.tesco.com/groceries/en-GB/products/275280804', 'product_name': 'Bananas Loose', 'product_price': '£ 0.13', 'product_additionals': '£0.73/kg'}, {'shop': 'tesco', 'url': 'https://www.tesco.com/groceries/en-GB/products/297609638', 'product_name': 'Ambrosia Devon Custard Banana 150G', 'product_price': '£ 0.50', 'product_additionals': '£0.33/100g'}, {'shop': 'tesco', 'url': 'https://www.tesco.com/groceries/en-GB/products/299234140', 'product_name': 'Heinz Banana Custard 4X100g', 'product_price': '£ 1.60', 'product_additionals': '£4.00/kg'}, {'shop': 'asda', 'url': 'https://groceries.asda.com/product/910001929275', 'product_name': 'ASDA Banana Chips', 'product_price': '£1.00', 'product_additionals': '(£6.67/kg)'}, {'shop': 'tesco', 'url': 'https://www.tesco.com/groceries/en-GB/products/296091582', 'product_name': 'Yeo Valley Banana & Custard Style Yogurt 450G', 'product_price': '£ 1.50', 'product_additionals': '£0.33/100g'}, {'shop': 'tesco', 'url': 'https://www.tesco.com/groceries/en-GB/products/303668126', 'product_name': 'Muller Light Banana Custard Yogurt 160G', 'product_price': '£ 0.60', 'product_additionals': '£0.38/100g'}, {'shop': 'tesco', 'url': 'https://www.tesco.com/groceries/en-GB/products/280823888', 'product_name': 'Kubus Apple & Banana Mousse 100G', 'product_price': '£ 0.55', 'product_additionals': '£0.55/100g'}, {'shop': 'tesco', 'url': 'https://www.tesco.com/groceries/en-GB/products/303694859', 'product_name': 'Muller Corner Yogurt Vanilla Chocolate Balls Banana Flakes 6X130g', 'product_price': '£ 2.00', 'product_additionals': '£0.26/100g'}, {'shop': 'tesco', 'url': 'https://www.tesco.com/groceries/en-GB/products/266225413', 'product_name': 'Pronto Porridge Mix Banana 120G', 'product_price': '£ 0.60', 'product_additionals': '£0.50/100g'}, {'shop': 'tesco', 'url': 'https://www.tesco.com/groceries/en-GB/products/275049199', 'product_name': 'Tesco Banana Milkshake Bottle 80G', 'product_price': '£ 0.40', 'product_additionals': '£0.50/100g'}, {'shop': 'tesco', 'url': 'https://www.tesco.com/groceries/en-GB/products/307758709', 'product_name': 'Alpro No Bits Strawberry Banana Yogurt Alternative 4X125g', 'product_price': '£ 1.90', 'product_additionals': '£3.80/kg'}, {'shop': 'tesco', 'url': 'https://www.tesco.com/groceries/en-GB/products/253052928', 'product_name': 'Cow & Gate Apple & Banana Fruit Pot 4X100g 4 Mth+', 'product_price': '£ 1.45', 'product_additionals': '£3.63/kg'}, {'shop': 'tesco', 'url': 'https://www.tesco.com/groceries/en-GB/products/271113227', 'product_name': 'Dunns River Nurishment Original Banana Flavoured 400G', 'product_price': '£ 1.40', 'product_additionals': '£0.35/100g'}, {'shop': 'tesco', 'url': 'https://www.tesco.com/groceries/en-GB/products/304379766', 'product_name': 'Heinz By Nature Apple Banana Apricot 4 Month Plus 4 X 100G', 'product_price': '£ 1.35', 'product_additionals': '£3.38/kg'}, {'shop': 'tesco', 'url': 'https://www.tesco.com/groceries/en-GB/products/304786029', 'product_name': 'Fruit Bowl Banana Wheat Biscuit 24 450G', 'product_price': '£ 2.30', 'product_additionals': '£0.51/100g'}, {'shop': 'tesco', 'url': 'https://www.tesco.com/groceries/en-GB/products/302328986', 'product_name': 'Frubes Banana & Strawberry Yogurts 9X37g', 'product_price': '£ 2.00', 'product_additionals': '£0.60/100g'}, {'shop': 'tesco', 'url': 'https://www.tesco.com/groceries/en-GB/products/295445707', 'product_name': 'Tesco Free From Apricot & Banana Soya Yogurt 4X90g', 'product_price': '£ 1.50', 'product_additionals': '£0.42/100g'}, {'shop': 'tesco', 'url': 'https://www.tesco.com/groceries/en-GB/products/268776736', 'product_name': 'Munch Bunch Double Up Strawberry Banana Fromage Frais 4X85g', 'product_price': '£ 1.50', 'product_additionals': '£0.44/100g'}, {'shop': 'tesco', 'url': 'https://www.tesco.com/groceries/en-GB/products/292943740', 'product_name': 'Cow & Gate Yummy Banana Yogurt 6Mth+ 125G Jar', 'product_price': '£ 0.60', 'product_additionals': '£4.80/kg'}, {'shop': 'tesco', 'url': 'https://www.tesco.com/groceries/en-GB/products/253117588', 'product_name': 'Nesquik Banana Powder 300G', 'product_price': '£ 2.30', 'product_additionals': '£0.77/100g'}, {'shop': 'tesco', 'url': 'https://www.tesco.com/groceries/en-GB/products/303672529', 'product_name': 'Muller Corner Banana Yogurt Chocolate Flakes 130G', 'product_price': '£ 0.60', 'product_additionals': '£0.46/100g'}, {'shop': 'tesco', 'url': 'https://www.tesco.com/groceries/en-GB/products/254903706', 'product_name': 'Angel Delight Banana 59G', 'product_price': '£ 0.50', 'product_additionals': '£0.85/100g'}, {'shop': 'tesco', 'url': 'https://www.tesco.com/groceries/en-GB/products/279842342', 'product_name': 'Kubus Apple Banana Carrot & Strawberry Mousse 100G', 'product_price': '£ 0.55', 'product_additionals': '£0.55/100g'}, {'shop': 'tesco', 'url': 'https://www.tesco.com/groceries/en-GB/products/303806004', 'product_name': 'The Collective Banana & Butterscotch Yogurt 450G', 'product_price': '£ 2.20', 'product_additionals': '£0.49/100g'}, {'shop': 'asda', 'url': 'https://groceries.asda.com/product/910000225341', 'product_name': 'Whitworths Banana Chips', 'product_price': '£1.60', 'product_additionals': '(£9.14/kg)'}, {'shop': 'tesco', 'url': 'https://www.tesco.com/groceries/en-GB/products/305250248', 'product_name': 'Danone Kids Organic Raspberry & Banana Yogurt 4 X 70G', 'product_price': '£ 1.50', 'product_additionals': '£0.54/100g'}, {'shop': 'tesco', 'url': 'https://www.tesco.com/groceries/en-GB/products/305255675', 'product_name': 'Danone Kids Organic Strawberry & Banana Yogurt 4 X 70G', 'product_price': '£ 1.50', 'product_additionals': '£0.54/100g'}, {'shop': 'tesco', 'url': 'https://www.tesco.com/groceries/en-GB/products/294069371', 'product_name': 'The Collective Banana Suckie 100G', 'product_price': '£ 0.70', 'product_additionals': '£0.70/100g'}, {'shop': 'tesco', 'url': 'https://www.tesco.com/groceries/en-GB/products/292759370', 'product_name': "Ella's Kitchen Banana & Vanilla Bread Pudding 4X80g", 'product_price': '£ 1.75', 'product_additionals': '£4.87/kg'}, {'shop': 'tesco', 'url': 'https://www.tesco.com/groceries/en-GB/products/262346986', 'product_name': 'Tesco Chewy Banana 300G', 'product_price': '£ 3.00', 'product_additionals': '£10.00/kg'}, {'shop': 'tesco', 'url': 'https://www.tesco.com/groceries/en-GB/products/304375298', 'product_name': 'Petits Filous No Added Sugar Strawberry Banana Fromage Frais 6 X 47G', 'product_price': '£ 1.50', 'product_additionals': '£0.53/100g'}, {'shop': 'tesco', 'url': 'https://www.tesco.com/groceries/en-GB/products/307366212', 'product_name': 'Quaker Oat So Simple Banana Porridge 10 Sachets 348G', 'product_price': '£ 2.00', 'product_additionals': '£0.58/100g'}, {'shop': 'tesco', 'url': 'https://www.tesco.com/groceries/en-GB/products/296715393', 'product_name': 'Cow & Gate Fruit Pouch Apple & Banana 4 X 100G', 'product_price': '£ 2.60', 'product_additionals': '£0.65/100g'}, {'shop': 'tesco', 'url': 'https://www.tesco.com/groceries/en-GB/products/267999318', 'product_name': 'Heinz Banana Biscotti 60G', 'product_price': '£ 0.70', 'product_additionals': '£11.67/kg'}, {'shop': 'tesco', 'url': 'https://www.tesco.com/groceries/en-GB/products/271028720', 'product_name': "Ella's Kitchen Bananas 70G", 'product_price': '£ 0.80', 'product_additionals': '£11.43/kg'}, {'shop': 'tesco', 'url': 'https://www.tesco.com/groceries/en-GB/products/305248540', 'product_name': 'Cow & Gate Apple Banana & Strawberry Pouches 4 X 100G', 'product_price': '£ 2.60', 'product_additionals': '£0.65/100g'}, {'shop': 'tesco', 'url': 'https://www.tesco.com/groceries/en-GB/products/267718819', 'product_name': 'Whitworths Banana Chips 175G', 'product_price': '£ 2.00', 'product_additionals': '£11.43/kg'}, {'shop': 'asda', 'url': 'https://groceries.asda.com/product/910000481254', 'product_name': 'Grace Salted Green Banana Chips', 'product_price': '£0.90', 'product_additionals': '(£1.06/100g)'}, {'shop': 'tesco', 'url': 'https://www.tesco.com/groceries/en-GB/products/304398714', 'product_name': 'Petits Filous No Added Sugar Apple Pear & Banana Fromage Frais 6 X 47G', 'product_price': '£ 1.50', 'product_additionals': '£0.53/100g'}, {'shop': 'tesco', 'url': 'https://www.tesco.com/groceries/en-GB/products/306662393', 'product_name': 'Oykos Signature Gooey Caramel Banana & Almond 2X105g', 'product_price': '£ 1.50', 'product_additionals': '£0.72/100g'}, {'shop': 'asda', 'url': 'https://groceries.asda.com/product/1000024154439', 'product_name': 'Wagg Cookies with Peanut Butter & Banana Dog Treats', 'product_price': '£1.00', 'product_additionals': '(£8.00/kg)'}, {'shop': 'tesco', 'url': 'https://www.tesco.com/groceries/en-GB/products/304868602', 'product_name': 'Goodbelly Oat Flakes With Banana & Blueberry 350G', 'product_price': '£ 3.50', 'product_additionals': '£1.00/100g'}, {'shop': 'tesco', 'url': 'https://www.tesco.com/groceries/en-GB/products/257416909', 'product_name': 'Banana Boat Aloe Vera Gel 230G', 'product_price': '£ 3.00', 'product_additionals': '£1.31/100g'}, {'shop': 'tesco', 'url': 'https://www.tesco.com/groceries/en-GB/products/271646345', 'product_name': "Ella's Kitchen Banana & Apricot Baby Rice 120G", 'product_price': '£ 1.10', 'product_additionals': '£9.17/kg'}, {'shop': 'tesco', 'url': 'https://www.tesco.com/groceries/en-GB/products/276867761', 'product_name': 'Heinz Fruit Pouch Peach Mango & Banana 100G', 'product_price': '£ 1.00', 'product_additionals': '£1.00/100g'}, {'shop': 'tesco', 'url': 'https://www.tesco.com/groceries/en-GB/products/282266392', 'product_name': 'Organix Banana & Plum Porridge 200G', 'product_price': '£ 2.50', 'product_additionals': '£1.25/100g'}, {'shop': 'tesco', 'url': 'https://www.tesco.com/groceries/en-GB/products/302329328', 'product_name': 'Little Coco Nutters Strawberry & Banana Puree 90G', 'product_price': '£ 1.00', 'product_additionals': '£1.12/100g'}, {'shop': 'tesco', 'url': 'https://www.tesco.com/groceries/en-GB/products/291314691', 'product_name': "Ella's Kitchen Banana & Cinnamon Muesli 215G", 'product_price': '£ 2.45', 'product_additionals': '£1.14/100g'}, {'shop': 'tesco', 'url': 'https://www.tesco.com/groceries/en-GB/products/305435733', 'product_name': "Ella's Kitchen Organic Banana Apple Blueberry Baby Rice 120G", 'product_price': '£ 1.10', 'product_additionals': '£0.92/100g'}, {'shop': 'tesco', 'url': 'https://www.tesco.com/groceries/en-GB/products/302932230', 'product_name': 'Tesco Slim Banana Mealrepl. Shake 10X29g', 'product_price': '£ 4.00', 'product_additionals': '£1.38/100g'}, {'shop': 'tesco', 'url': 'https://www.tesco.com/groceries/en-GB/products/283608321', 'product_name': 'Organix Goodies Banana Oaty Bars 6 X 30G', 'product_price': '£ 2.50', 'product_additionals': '£13.89/kg'}, {'shop': 'tesco', 'url': 'https://www.tesco.com/groceries/en-GB/products/299583859', 'product_name': 'Piccolo Organic Banana Blueberry & Apple Baby Food 100G', 'product_price': '£ 1.10', 'product_additionals': '£11.00/kg'}, {'shop': 'tesco', 'url': 'https://www.tesco.com/groceries/en-GB/products/278215142', 'product_name': 'Organix Banana & Raspberry Stage3 Muesli 200G', 'product_price': '£ 2.70', 'product_additionals': '£1.35/100g'}, {'shop': 'tesco', 'url': 'https://www.tesco.com/groceries/en-GB/products/287001289', 'product_name': 'Organix Banana & Date 6 X 17G', 'product_price': '£ 2.00', 'product_additionals': '£1.97/100g'}, {'shop': 'tesco', 'url': 'https://www.tesco.com/groceries/en-GB/products/305435877', 'product_name': 'Creative Nature W.Grain Banana Bread Baking Mix 250G', 'product_price': '£ 2.99', 'product_additionals': '£11.96/kg'}, {'shop': 'tesco', 'url': 'https://www.tesco.com/groceries/en-GB/products/285845451', 'product_name': 'Complan Nutritional Drink Banana 4X55g', 'product_price': '£ 3.50', 'product_additionals': '£1.60/100g'}, {'shop': 'asda', 'url': 'https://groceries.asda.com/product/910002945424', 'product_name': 'Banana Boat After Sun Aloe Vera Gel', 'product_price': '£4.00', 'product_additionals': '(£1.74/100g)'}, {'shop': 'tesco', 'url': 'https://www.tesco.com/groceries/en-GB/products/306942488', 'product_name': 'Sweetpea Banana & Chocolate Gluten Free Muffin Mix 220G', 'product_price': '£ 2.75', 'product_additionals': '£12.50/kg'}, {'shop': 'tesco', 'url': 'https://www.tesco.com/groceries/en-GB/products/276778019', 'product_name': 'Organix Banana Rice Cake 50G', 'product_price': '£ 1.20', 'product_additionals': '£2.40/100g'}, {'shop': 'tesco', 'url': 'https://www.tesco.com/groceries/en-GB/products/301892721', 'product_name': 'Kiddylicious Banana Soft Biscotti 6X20g', 'product_price': '£ 2.20', 'product_additionals': '£18.34/kg'}, {'shop': 'tesco', 'url': 'https://www.tesco.com/groceries/en-GB/products/305255669', 'product_name': 'Aptamil Creamed Banana Porridge 125G', 'product_price': '£ 2.50', 'product_additionals': '£2.00/100g'}, {'shop': 'tesco', 'url': 'https://www.tesco.com/groceries/en-GB/products/306812493', 'product_name': 'Tesco Free From 4 Banana & Chocolate Oat Bar 4X25g', 'product_price': '£ 1.60', 'product_additionals': '£1.60/100g'}, {'shop': 'asda', 'url': 'https://groceries.asda.com/product/1000016028172', 'product_name': 'Graze Protein Bites Banana Oat Squares', 'product_price': '£2.49', 'product_additionals': '(£2.08/100g)'}, {'shop': 'asda', 'url': 'https://groceries.asda.com/product/1000191935967', 'product_name': 'FUEL10K Banana & Chocolate High Protein Oat Muffin Pot', 'product_price': '£1.00', 'product_additionals': '(£1.67/100g)'}, {'shop': 'tesco', 'url': 'https://www.tesco.com/groceries/en-GB/products/267473556', 'product_name': 'Sis. Go Energy Bar Banana 40G', 'product_price': '£ 1.15', 'product_additionals': '£2.88/100g'}, {'shop': 'tesco', 'url': 'https://www.tesco.com/groceries/en-GB/products/271413039', 'product_name': "Ella's Banana & Raisin Nibbly Fingers 5 X 25G", 'product_price': '£ 2.50', 'product_additionals': '£20.00/kg'}, {'shop': 'tesco', 'url': 'https://www.tesco.com/groceries/en-GB/products/305255053', 'product_name': 'Kiddylicious Banana & Strawberry Juicy Fruit Bar5x20g', 'product_price': '£ 2.35', 'product_additionals': '£23.50/kg'}, {'shop': 'tesco', 'url': 'https://www.tesco.com/groceries/en-GB/products/286348001', 'product_name': "Ella's Kitchen Melty Puffs Strawberry Banana 20G", 'product_price': '£ 0.70', 'product_additionals': '£3.50/100g'}, {'shop': 'tesco', 'url': 'https://www.tesco.com/groceries/en-GB/products/307144779', 'product_name': 'Funktional Foods Vegan Protein Blend Banana 100G', 'product_price': '£ 3.00', 'product_additionals': '£30.00/kg'}, {'shop': 'tesco', 'url': 'https://www.tesco.com/groceries/en-GB/products/286671458', 'product_name': 'Kiddylicious Wafers Banana 40G', 'product_price': '£ 2.10', 'product_additionals': '£5.25/100g'}, {'shop': 'asda', 'url': 'https://groceries.asda.com/product/1000145216099', 'product_name': 'Yes! Dark Chocolate, Banana & Pecan Fruit & Nut Snack Bars 3 Pack', 'product_price': '£3.00', 'product_additionals': '(£2.86/100g)'}, {'shop': 'tesco', 'url': 'https://www.tesco.com/groceries/en-GB/products/295460337', 'product_name': 'Organix Goodies Banana Puffcorn 4 X 10G', 'product_price': '£ 1.95', 'product_additionals': '£4.88/100g'}, {'shop': 'tesco', 'url': 'https://www.tesco.com/groceries/en-GB/products/305039619', 'product_name': 'Cerelac Farmers Selection Wheat Snack Raspberry Banana 35G', 'product_price': '£ 1.70', 'product_additionals': '£48.58/kg'}, {'shop': 'asda', 'url': 'https://groceries.asda.com/product/1000145216149', 'product_name': 'Yes! Delicious Dark Choc, Banana & Pecan Fruit & Nut Bar', 'product_price': '£1.50', 'product_additionals': '(£4.29/100g)'}, {'shop': 'tesco', 'url': 'https://www.tesco.com/groceries/en-GB/products/305432108', 'product_name': "Ella's Kitchen Organic Strawberry & Banana Mini Puffs 4X8g", 'product_price': '£ 2.00', 'product_additionals': '£62.50/kg'}, {'shop': 'tesco', 'url': 'https://www.tesco.com/groceries/en-GB/products/305437161', 'product_name': "Ella's Kitchen Organic Peach & Banana Melty Sticks 16G", 'product_price': '£ 1.00', 'product_additionals': '£62.50/kg'}, {'shop': 'tesco', 'url': 'https://www.tesco.com/groceries/en-GB/products/305252407', 'product_name': 'Kiddylicious Buttons Banana & Pumpkin 30G', 'product_price': '£ 2.50', 'product_additionals': '£83.34/kg'}, {'shop': 'tesco', 'url': 'https://www.tesco.com/groceries/en-GB/products/273925110', 'product_name': 'Kiddylicious Strawberry & Banana Smoothie Melts 6G', 'product_price': '£ 0.55', 'product_additionals': '£91.67/kg'}, {'shop': 'asda', 'url': 'https://groceries.asda.com/product/910002979301', 'product_name': 'ASDA 6 Low Fat Smooth Vanilla & Banana Yogurts', 'product_price': '£0.85', 'product_additionals': '(11.3p/100g)'}, {'shop': 'tesco', 'url': 'https://www.tesco.com/groceries/en-GB/products/282185337', 'product_name': 'Bonjela Junior Banana Gel 15G', 'product_price': '£ 4.00', 'product_additionals': '£26.67/100g'}, {'shop': 'asda', 'url': 'https://groceries.asda.com/product/1000186791345', 'product_name': 'Frubes Strawberry and Banana Flavour Yogurt', 'product_price': '£1.00', 'product_additionals': '(30.0p/100g)'}, {'shop': 'asda', 'url': 'https://groceries.asda.com/product/910003201284', 'product_name': 'Ambrosia Banana Devon Custard Pot', 'product_price': '£0.59', 'product_additionals': '(39.3p/100g)'}, {'shop': 'asda', 'url': 'https://groceries.asda.com/product/910000446282', 'product_name': 'Munch Bunch Double Up Strawberry & Banana Yogurts', 'product_price': '£1.00', 'product_additionals': '(29.4p/100g)'}, {'shop': 'asda', 'url': 'https://groceries.asda.com/product/1000111446539', 'product_name': 'ASDA Banana Flakes Split Pot Yogurt', 'product_price': '£0.45', 'product_additionals': '(33.3p/100g)'}, {'shop': 'asda', 'url': 'https://groceries.asda.com/product/910001429819', 'product_name': 'Weetabix Crispy Minis Banana', 'product_price': '£2.89', 'product_additionals': '(48.2p/100g)'}, {'shop': 'asda', 'url': 'https://groceries.asda.com/product/1000220971543', 'product_name': 'Tropical Sun Banana Blossom in Water', 'product_price': '£1.39', 'product_additionals': '(34.8p/100g)'}, {'shop': 'asda', 'url': 'https://groceries.asda.com/product/18232503', 'product_name': 'Nesquik Banana Milkshake Mix', 'product_price': '£1.50', 'product_additionals': '(50.0p/100g)'}, {'shop': 'asda', 'url': 'https://groceries.asda.com/product/1000116808339', 'product_name': 'Muller Light Fat Free Banana and Custard Yogurt', 'product_price': '£0.55', 'product_additionals': '(34.4p/100g)'}, {'shop': 'asda', 'url': 'https://groceries.asda.com/product/910002046737', 'product_name': "Dunn's River Original Banana Flavour Milk Drink", 'product_price': '£1.40', 'product_additionals': '(35.0p/100g)'}, {'shop': 'asda', 'url': 'https://groceries.asda.com/product/1000120228326', 'product_name': 'Muller Corner Vanilla Chocolate Balls & Banana Chocolate Flakes Yogurt', 'product_price': '£1.99', 'product_additionals': '(25.5p/100g)'}, {'shop': 'asda', 'url': 'https://groceries.asda.com/product/910001598288', 'product_name': 'ASDA Banana Flavoured Milkshake Mix', 'product_price': '£1.49', 'product_additionals': '(49.7p/100g)'}, {'shop': 'asda', 'url': 'https://groceries.asda.com/product/1000128213080', 'product_name': 'ASDA Banana Blossom in Water', 'product_price': '£1.50', 'product_additionals': '(60.0p/100g)'}, {'shop': 'asda', 'url': 'https://groceries.asda.com/product/910002523074', 'product_name': 'Del Monte Squeezie Apple Strawberry & Banana', 'product_price': '£0.50', 'product_additionals': '(50.0p/100g)'}, {'shop': 'asda', 'url': 'https://groceries.asda.com/product/1000120228335', 'product_name': 'Muller Corner Banana Yogurt with Chocolate Flakes', 'product_price': '£0.55', 'product_additionals': '(42.3p/100g)'}, {'shop': 'asda', 'url': 'https://groceries.asda.com/product/1000115100492', 'product_name': 'ASDA Shrimps & Bananas Foam Sweets', 'product_price': '£0.25', 'product_additionals': '(62.5p/100g)'}, {'shop': 'asda', 'url': 'https://groceries.asda.com/product/910003080762', 'product_name': 'ASDA Giant Shrimps & Bananas Foam Sweets', 'product_price': '£0.90', 'product_additionals': '(56.2p/100g)'}, {'shop': 'asda', 'url': 'https://groceries.asda.com/product/910001457934', 'product_name': 'Petits Filous Banana & Strawberry Yogurt', 'product_price': '£1.70', 'product_additionals': '(60.3p/100g)'}, {'shop': 'asda', 'url': 'https://groceries.asda.com/product/78769040', 'product_name': 'Pronto Pre-Cooked Cornmeal Porridge Mix Banana', 'product_price': '£0.65', 'product_additionals': '(54.2p/100g)'}, {'shop': 'asda', 'url': 'https://groceries.asda.com/product/910001087561', 'product_name': 'Angel Delight Banana Flavour', 'product_price': '£0.50', 'product_additionals': '(84.8p/100g)'}, {'shop': 'asda', 'url': 'https://groceries.asda.com/product/1000161871336', 'product_name': 'Petits Filous No Added Sugar Strawberry & Banana Yogurts', 'product_price': '£1.70', 'product_additionals': '(60.3p/100g)'}, {'shop': 'asda', 'url': 'https://groceries.asda.com/product/1000206330944', 'product_name': 'Muller Corner Skyr Banana & Almond Granola Yogurt', 'product_price': '£1.20', 'product_additionals': '(66.7p/100g)'}]


bestFromShops[[{'shop': 'asda', 'url': 'https://groceries.asda.com/product/1000189834728', 'product_name': 'Bananas Crushie Characters (4+ Years)', 'product_price': '£4.00', 'product_additionals': '(£4.00/each)'}], [], [{'shop': 'tesco', 'url': 'https://www.tesco.com/groceries/en-GB/products/285157326', 'product_name': 'Tesco Small Bananas 6 Pack', 'product_price': '£ 0.64', 'product_additionals': '£0.11/each'}], [], []]


