bread

Prod_checked
[{'shop': 'aldi', 'url': 'https://www.aldi.co.uk/4-breaded-cod-fish-fillets/p/041949410422602', 'product_name': '4 Breaded Cod Fish Fillets', 'product_price': '2.39', 'product_additionals': '£4.78 per kg'}, {'shop': 'asda', 'url': 'https://groceries.asda.com/product/1000236170261', 'product_name': '4 Wholegrain Pitta Breads', 'product_price': '£2.50', 'product_additionals': 'No weight data'}, {'shop': 'aldi', 'url': 'https://www.aldi.co.uk/6-white-folded-flatbreads/p/010790255115100', 'product_name': '6 White Folded Flatbreads', 'product_price': '0.69', 'product_additionals': '33p per 100g'}, {'shop': 'asda', 'url': 'https://groceries.asda.com/product/910000047437', 'product_name': "Aisha's Pre Cooked Breaded Chicken Goujons", 'product_price': '£2.50', 'product_additionals': 'No weight data'}, {'shop': 'aldi', 'url': 'https://www.aldi.co.uk/all-butter-shortbread-fingers/p/046072003630600', 'product_name': 'All Butter Shortbread Fingers', 'product_price': '0.39', 'product_additionals': '18.6p per 100g'}, {'shop': 'asda', 'url': 'https://groceries.asda.com/product/465547', 'product_name': 'Allinson Strong White Bread Flour', 'product_price': '£2.00', 'product_additionals': 'No weight data'}, {'shop': 'tesco', 'url': 'https://www.tesco.com/groceries/en-GB/products/256783233', 'product_name': 'Allinson Strong White Bread Flour 1.5Kg', 'product_price': '£ 2.00', 'product_additionals': '£1.34/kg'}, {'shop': 'tesco', 'url': 'https://www.tesco.com/groceries/en-GB/products/307138172', 'product_name': 'Allinson Strong White Bread Flour 1Kg', 'product_price': '£ 1.80', 'product_additionals': '£1.80/kg'}, {'shop': 'asda', 'url': 'https://groceries.asda.com/product/77326875', 'product_name': 'Allinson Very Strong Bread Flour', 'product_price': '£1.97', 'product_additionals': '(£1.31/kg)'}, {'shop': 'tesco', 'url': 'https://www.tesco.com/groceries/en-GB/products/271273388', 'product_name': 'Allinson Wholemeal Bread 1.5Kg', 'product_price': '£ 2.00', 'product_additionals': '£1.34/kg'}, {'shop': 'asda', 'url': 'https://groceries.asda.com/product/77326876', 'product_name': 'Allinson Wholemeal Very Strong Bread Flour', 'product_price': '£1.97', 'product_additionals': '(£1.31/kg)'}, {'shop': 'tesco', 'url': 'https://www.tesco.com/groceries/en-GB/products/306822170', 'product_name': "Allinson's Country Grain Bread Flour 1Kg", 'product_price': '£ 1.50', 'product_additionals': '£1.50/kg'}, {'shop': 'asda', 'url': 'https://groceries.asda.com/product/910002961674', 'product_name': "Allinson's The Champion Wholemeal Bread", 'product_price': '£1.40', 'product_additionals': '(21.5p/100g)'}, {'shop': 'asda', 'url': 'https://groceries.asda.com/product/1000232966973', 'product_name': 'Arise Bakery White Bread Mix', 'product_price': '£1.50', 'product_additionals': '(30.0p/100g)'}, {'shop': 'asda', 'url': 'https://groceries.asda.com/product/1000232966998', 'product_name': 'ASDA 10 Gingerbread Festive Friends', 'product_price': '£0.80', 'product_additionals': '(80.0p/100g)'}, {'shop': 'asda', 'url': 'https://groceries.asda.com/product/910000834601', 'product_name': 'ASDA 18 Breaded Chicken Breast Chunks', 'product_price': '£2.15', 'product_additionals': 'No weight data'}, {'shop': 'asda', 'url': 'https://groceries.asda.com/product/1000140301674', 'product_name': 'ASDA 2 Breaded Golden Chicken Breasts', 'product_price': '£1.00', 'product_additionals': 'No weight data'}, {'shop': 'asda', 'url': 'https://groceries.asda.com/product/1000254237184', 'product_name': 'ASDA 2 Garlic & Parsley Flatbreads', 'product_price': '£1.26', 'product_additionals': '(63.0p/each)'}, {'shop': 'asda', 'url': 'https://groceries.asda.com/product/1000197281015', 'product_name': 'ASDA 2 Kebab Breads', 'product_price': '£1.00', 'product_additionals': '(30.3p/100g)'}, {'shop': 'asda', 'url': 'https://groceries.asda.com/product/1000140301830', 'product_name': 'ASDA 2 Southern Fried Chicken in Breadcrumbs', 'product_price': '£1.00', 'product_additionals': 'No weight data'}, {'shop': 'asda', 'url': 'https://groceries.asda.com/product/1000133564339', 'product_name': 'ASDA 38 Breaded Chicken Nuggets', 'product_price': '£2.00', 'product_additionals': 'No weight data'}, {'shop': 'asda', 'url': 'https://groceries.asda.com/product/1000140301677', 'product_name': 'ASDA 4 Breaded Chicken Burgers', 'product_price': '£1.00', 'product_additionals': 'No weight data'}, {'shop': 'asda', 'url': 'https://groceries.asda.com/product/910002489303', 'product_name': 'ASDA 4 Breaded Chicken Steaks', 'product_price': '£1.97', 'product_additionals': 'No weight data'}, {'shop': 'asda', 'url': 'https://groceries.asda.com/product/910000543637', 'product_name': 'ASDA 4 Breaded Cod Fillets', 'product_price': '£2.78', 'product_additionals': 'No weight data'}, {'shop': 'asda', 'url': 'https://groceries.asda.com/product/910000543264', 'product_name': 'ASDA 4 Breaded Haddock Fillets', 'product_price': '£2.78', 'product_additionals': 'No weight data'}, {'shop': 'asda', 'url': 'https://groceries.asda.com/product/910003185883', 'product_name': 'ASDA 4 Mini Garlic & Coriander Naan Bread', 'product_price': '£1.00', 'product_additionals': '(25.0p/each)'}, {'shop': 'asda', 'url': 'https://groceries.asda.com/product/910002946003', 'product_name': 'ASDA 6 Breaded Chicken Steaks', 'product_price': '£4.00', 'product_additionals': 'No weight data'}, {'shop': 'asda', 'url': 'https://groceries.asda.com/product/910003069687', 'product_name': 'ASDA 6 Breaded White Fish Fillets', 'product_price': '£2.67', 'product_additionals': 'No weight data'}, {'shop': 'asda', 'url': 'https://groceries.asda.com/product/910001043224', 'product_name': 'ASDA 8 Breaded Cod Fishcakes', 'product_price': '£1.95', 'product_additionals': 'No weight data'}, {'shop': 'asda', 'url': 'https://groceries.asda.com/product/1000162824659', 'product_name': 'ASDA All-Butter Shortbread Biscuits Tin', 'product_price': '£3.50', 'product_additionals': '(70.0p/100g)'}, {'shop': 'asda', 'url': 'https://groceries.asda.com/product/1000162824589', 'product_name': 'ASDA All-Butter Shortbread Petticoat Tails', 'product_price': '£2.50', 'product_additionals': '(55.6p/100g)'}, {'shop': 'asda', 'url': 'https://groceries.asda.com/product/1000056262134', 'product_name': "ASDA Baker's Selection 20 Mini Shortbread Bites", 'product_price': '£2.00', 'product_additionals': '(10.0p/each)'}, {'shop': 'asda', 'url': 'https://groceries.asda.com/product/38577', 'product_name': "ASDA Baker's Selection Tiger Chest Bread", 'product_price': '£1.15', 'product_additionals': '(14.4p/100g)'}, {'shop': 'asda', 'url': 'https://groceries.asda.com/product/38578', 'product_name': "ASDA Baker's Selection Tiger Chest Bread", 'product_price': '£0.85', 'product_additionals': '(21.2p/100g)'}, {'shop': 'asda', 'url': 'https://groceries.asda.com/product/910000063300', 'product_name': "ASDA Baker's Selection Tiger Tin Bread", 'product_price': '£1.10', 'product_additionals': '(13.8p/100g)'}, {'shop': 'asda', 'url': 'https://groceries.asda.com/product/910000063295', 'product_name': "ASDA Baker's Selection Tiger Tin Bread", 'product_price': '£0.85', 'product_additionals': '(21.2p/100g)'}, {'shop': 'asda', 'url': 'https://groceries.asda.com/product/21028', 'product_name': "ASDA Baker's Selection White Bloomer Bread", 'product_price': '£1.10', 'product_additionals': '(13.8p/100g)'}, {'shop': 'asda', 'url': 'https://groceries.asda.com/product/35245', 'product_name': "ASDA Baker's Selection White Bloomer Bread", 'product_price': '£0.85', 'product_additionals': '(21.2p/100g)'}, {'shop': 'asda', 'url': 'https://groceries.asda.com/product/32725', 'product_name': "ASDA Baker's Selection White Bread", 'product_price': '£0.79', 'product_additionals': '(19.8p/100g)'}, {'shop': 'asda', 'url': 'https://groceries.asda.com/product/44257365', 'product_name': "ASDA Baker's Selection White Farmhouse Bread", 'product_price': '£0.79', 'product_additionals': '(19.8p/100g)'}, {'shop': 'asda', 'url': 'https://groceries.asda.com/product/44257364', 'product_name': "ASDA Baker's Selection White Farmhouse Bread", 'product_price': '£1.15', 'product_additionals': '(14.4p/100g)'}, {'shop': 'asda', 'url': 'https://groceries.asda.com/product/394921', 'product_name': "ASDA Baker's Selection White Tin Bread", 'product_price': '£1.15', 'product_additionals': '(14.4p/100g)'}, {'shop': 'asda', 'url': 'https://groceries.asda.com/product/910000037999', 'product_name': "ASDA Baker's Selection White Tin Bread", 'product_price': '£1.15', 'product_additionals': '(14.4p/100g)'}, {'shop': 'asda', 'url': 'https://groceries.asda.com/product/1000217307826', 'product_name': "ASDA Baker's Selection Wholemeal Tin Bread Loaf ", 'product_price': '£1.15', 'product_additionals': '(14.4p/100g)'}, {'shop': 'asda', 'url': 'https://groceries.asda.com/product/1000217307822', 'product_name': "ASDA Baker's Selection Wholemeal Tin Bread Loaf ", 'product_price': '£0.85', 'product_additionals': '(21.2p/100g)'}, {'shop': 'asda', 'url': 'https://groceries.asda.com/product/910000543337', 'product_name': 'ASDA Bread Sauce Mix', 'product_price': '£0.39', 'product_additionals': '(97.5p/100g)'}, {'shop': 'asda', 'url': 'https://groceries.asda.com/product/910002490281', 'product_name': 'ASDA Breaded 100% Chicken Breast Mini Fillets', 'product_price': '£2.50', 'product_additionals': 'No weight data'}, {'shop': 'asda', 'url': 'https://groceries.asda.com/product/910001460963', 'product_name': 'ASDA Breaded 2 Chunky Cod Fillets', 'product_price': '£3.20', 'product_additionals': '(£9.14/kg)'}, {'shop': 'asda', 'url': 'https://groceries.asda.com/product/910000450649', 'product_name': 'ASDA Breaded 2 Haddock Fillets', 'product_price': '£2.40', 'product_additionals': '(£8.45/kg)'}, {'shop': 'asda', 'url': 'https://groceries.asda.com/product/910002489907', 'product_name': 'ASDA Breaded Boneless Chicken Platter', 'product_price': '£4.00', 'product_additionals': 'No weight data'}, {'shop': 'asda', 'url': 'https://groceries.asda.com/product/1000003407964', 'product_name': 'ASDA Breaded Ham on the Bone', 'product_price': '£1.65', 'product_additionals': '(£1.24/100g)'}, {'shop': 'asda', 'url': 'https://groceries.asda.com/product/910003011020', 'product_name': 'ASDA Breaded Ham Slices', 'product_price': '£1.65', 'product_additionals': '(55.0p/100g)'}, {'shop': 'asda', 'url': 'https://groceries.asda.com/product/1000160202743', 'product_name': 'ASDA Breaded Honey & Chilli Cod Fillet Goujons', 'product_price': '£2.70', 'product_additionals': 'No weight data'}, {'shop': 'asda', 'url': 'https://groceries.asda.com/product/910001508155', 'product_name': 'ASDA Breaded Onion Rings', 'product_price': '£0.97', 'product_additionals': 'No weight data'}, {'shop': 'asda', 'url': 'https://groceries.asda.com/product/1000141000016', 'product_name': 'ASDA Breaded Scampi', 'product_price': '£2.00', 'product_additionals': 'No weight data'}, {'shop': 'asda', 'url': 'https://groceries.asda.com/product/1000038368667', 'product_name': 'ASDA Breaded Wholetail Scampi', 'product_price': '£2.74', 'product_additionals': 'No weight data'}, {'shop': 'asda', 'url': 'https://groceries.asda.com/product/1000038106579', 'product_name': 'ASDA British Chicken Breaded Goujons', 'product_price': '£1.75', 'product_additionals': 'No weight data'}, {'shop': 'asda', 'url': 'https://groceries.asda.com/product/1000123160971', 'product_name': 'ASDA Chicken Breaded Goujons', 'product_price': '£4.00', 'product_additionals': 'No weight data'}, {'shop': 'asda', 'url': 'https://groceries.asda.com/product/1000230163870', 'product_name': 'ASDA Christmas Shortbread Baking Kit', 'product_price': '£2.00', 'product_additionals': '(92.2p/100g)'}, {'shop': 'asda', 'url': 'https://groceries.asda.com/product/910000284816', 'product_name': 'ASDA Crispbread', 'product_price': '£0.76', 'product_additionals': '(60.8p/100g)'}, {'shop': 'asda', 'url': 'https://groceries.asda.com/product/1000210453329', 'product_name': 'ASDA Extra Special 2 West Country Cheddar & Roasted Garlic Flatbreads', 'product_price': '£2.50', 'product_additionals': 'No weight data'}, {'shop': 'asda', 'url': 'https://groceries.asda.com/product/910003016267', 'product_name': 'ASDA Extra Special 4 Garlic & Parsley Ciabatta Breadsticks', 'product_price': '£1.38', 'product_additionals': 'No weight data'}, {'shop': 'asda', 'url': 'https://groceries.asda.com/product/1000136816427', 'product_name': 'ASDA Extra Special 9 All-Butter Shortbread Rounds', 'product_price': '£1.52', 'product_additionals': '(84.4p/100g)'}, {'shop': 'asda', 'url': 'https://groceries.asda.com/product/1000001431175', 'product_name': "ASDA Extra Special Bake in the Box Belgian Chocolate Millionaires' Shortbread", 'product_price': '£1.30', 'product_additionals': '(34.2p/100g)'}, {'shop': 'asda', 'url': 'https://groceries.asda.com/product/910003015061', 'product_name': 'ASDA Extra Special Caramelised Red Onion & Mozzarella Flatbreads', 'product_price': '£1.50', 'product_additionals': 'No weight data'}, {'shop': 'asda', 'url': 'https://groceries.asda.com/product/910003041519', 'product_name': 'ASDA Extra Special Farmhouse White Bread', 'product_price': '£1.10', 'product_additionals': '(13.8p/100g)'}, {'shop': 'asda', 'url': 'https://groceries.asda.com/product/910003041844', 'product_name': 'ASDA Extra Special Farmhouse Wholemeal & Rye Bread', 'product_price': '£1.10', 'product_additionals': '(13.8p/100g)'}, {'shop': 'asda', 'url': 'https://groceries.asda.com/product/1000005036092', 'product_name': 'ASDA Extra Special Free From 9 Salted Caramel Shortbread Biscuits', 'product_price': '£1.80', 'product_additionals': 'No weight data'}, {'shop': 'asda', 'url': 'https://groceries.asda.com/product/1000200155932', 'product_name': 'ASDA Extra Special Hand Breaded Wiltshire Ham', 'product_price': '£1.98', 'product_additionals': 'No weight data'}, {'shop': 'asda', 'url': 'https://groceries.asda.com/product/910003015723', 'product_name': 'ASDA Extra Special Hand-Stretched Mozzarella & Basil Flatbread', 'product_price': '£1.50', 'product_additionals': 'No weight data'}, {'shop': 'asda', 'url': 'https://groceries.asda.com/product/910000325010', 'product_name': 'ASDA Extra Special Italian Black Olive Breadsticks', 'product_price': '£1.55', 'product_additionals': '(£1.19/100g)'}, {'shop': 'asda', 'url': 'https://groceries.asda.com/product/910000325058', 'product_name': 'ASDA Extra Special Italian Breadsticks', 'product_price': '£1.55', 'product_additionals': '(£1.19/100g)'}, {'shop': 'asda', 'url': 'https://groceries.asda.com/product/910003090815', 'product_name': 'ASDA Extra Special Parisian Bread', 'product_price': '£1.50', 'product_additionals': '(37.5p/100g)'}, {'shop': 'asda', 'url': 'https://groceries.asda.com/product/910000028999', 'product_name': 'ASDA Extra Special Scottish Shortbread Fingers', 'product_price': '£1.65', 'product_additionals': '(82.5p/100g)'}, {'shop': 'asda', 'url': 'https://groceries.asda.com/product/1000233167238', 'product_name': 'ASDA Extra Special Shortbread Biscuits Selection', 'product_price': '£4.00', 'product_additionals': '(71.4p/100g)'}, {'shop': 'asda', 'url': 'https://groceries.asda.com/product/910003042066', 'product_name': 'ASDA Extra Special Super Seeded Bread', 'product_price': '£0.75', 'product_additionals': '(9.4p/100g)'}, {'shop': 'asda', 'url': 'https://groceries.asda.com/product/1000238578345', 'product_name': 'ASDA Free From 11 Chocolate Dipped Shortbread People', 'product_price': '£2.50', 'product_additionals': 'No weight data'}, {'shop': 'asda', 'url': 'https://groceries.asda.com/product/910002597135', 'product_name': 'ASDA Free From 6 Gingerbread Men', 'product_price': '£1.46', 'product_additionals': 'No weight data'}, {'shop': 'asda', 'url': 'https://groceries.asda.com/product/1000051196388', 'product_name': 'ASDA Free From Breadcrumbs', 'product_price': '£1.30', 'product_additionals': 'No weight data'}, {'shop': 'asda', 'url': 'https://groceries.asda.com/product/910002322540', 'product_name': 'ASDA Free From Shortbread', 'product_price': '£1.50', 'product_additionals': 'No weight data'}, {'shop': 'asda', 'url': 'https://groceries.asda.com/product/910002092926', 'product_name': 'ASDA Garlic & Herb Flatbread', 'product_price': '£1.00', 'product_additionals': 'No weight data'}, {'shop': 'asda', 'url': 'https://groceries.asda.com/product/1000166634777', 'product_name': 'ASDA Garlic Bread Cheesy Pizza', 'product_price': '£0.90', 'product_additionals': 'No weight data'}, {'shop': 'asda', 'url': 'https://groceries.asda.com/product/1000230163929', 'product_name': 'ASDA Gingerbread Cheesecake', 'product_price': '£3.00', 'product_additionals': 'No weight data'}, {'shop': 'asda', 'url': 'https://groceries.asda.com/product/910002521969', 'product_name': 'ASDA Golden Breadcrumbs', 'product_price': '£0.80', 'product_additionals': '(45.7p/100g)'}, {'shop': 'asda', 'url': 'https://groceries.asda.com/product/1000199196780', 'product_name': 'ASDA Hot & Spicy Breaded Chicken Wings ', 'product_price': '£1.97', 'product_additionals': 'No weight data'}, {'shop': 'asda', 'url': 'https://groceries.asda.com/product/910002989489', 'product_name': 'ASDA Medium Wholemeal Bread', 'product_price': '£0.58', 'product_additionals': 'No weight data'}, {'shop': 'asda', 'url': 'https://groceries.asda.com/product/910001400838', 'product_name': 'ASDA Mini Breadsticks', 'product_price': '£1.40', 'product_additionals': '(£1.06/100g)'}, {'shop': 'asda', 'url': 'https://groceries.asda.com/product/910001396772', 'product_name': 'ASDA Mixed Grain & Seed Bread Mix', 'product_price': '£0.69', 'product_additionals': '(13.8p/100g)'}, {'shop': 'asda', 'url': 'https://groceries.asda.com/product/1000001822245', 'product_name': 'ASDA Multi Seeded Folded Flatbreads', 'product_price': '£0.79', 'product_additionals': '(37.6p/100g)'}, {'shop': 'asda', 'url': 'https://groceries.asda.com/product/80190762', 'product_name': 'ASDA Organic White Bread Flour', 'product_price': '£1.29', 'product_additionals': '(£1.29/kg)'}, {'shop': 'asda', 'url': 'https://groceries.asda.com/product/910002369651', 'product_name': 'ASDA Panko Breadcrumbs', 'product_price': '£1.25', 'product_additionals': '(£17.86/kg)'}, {'shop': 'asda', 'url': 'https://groceries.asda.com/product/910001504983', 'product_name': 'ASDA Party Breaded Garlic Mushrooms', 'product_price': '£1.25', 'product_additionals': 'No weight data'}, {'shop': 'asda', 'url': 'https://groceries.asda.com/product/910002521575', 'product_name': 'ASDA Plain Breadcrumbs', 'product_price': '£0.80', 'product_additionals': '(45.7p/100g)'}, {'shop': 'asda', 'url': 'https://groceries.asda.com/product/1000001820108', 'product_name': 'ASDA Plain Folded Flatbreads', 'product_price': '£0.79', 'product_additionals': '(37.6p/100g)'}, {'shop': 'asda', 'url': 'https://groceries.asda.com/product/1000185650143', 'product_name': 'ASDA Plant Based Vegan Chargrilled Veg Flatbread Pizza', 'product_price': '£1.75', 'product_additionals': 'No weight data'}, {'shop': 'asda', 'url': 'https://groceries.asda.com/product/1000186981261', 'product_name': 'ASDA Plant Based Vegan Tomato & Pesto Flatbread Pizza', 'product_price': '£1.75', 'product_additionals': 'No weight data'}, {'shop': 'asda', 'url': 'https://groceries.asda.com/product/1000156387282', 'product_name': 'ASDA Red Onion & Cheese Flatbread', 'product_price': '£1.25', 'product_additionals': 'No weight data'}, {'shop': 'asda', 'url': 'https://groceries.asda.com/product/910001400485', 'product_name': 'ASDA Sesame Italian Breadsticks', 'product_price': '£0.84', 'product_additionals': '(67.2p/100g)'}, {'shop': 'asda', 'url': 'https://groceries.asda.com/product/6706160', 'product_name': 'ASDA Smart Price 20 Breaded Chicken Nuggets', 'product_price': '£0.82', 'product_additionals': 'No weight data'}, {'shop': 'asda', 'url': 'https://groceries.asda.com/product/12218423', 'product_name': 'ASDA Smart Price 8 Breaded Chicken Burgers', 'product_price': '£0.97', 'product_additionals': 'No weight data'}, {'shop': 'asda', 'url': 'https://groceries.asda.com/product/35451', 'product_name': 'ASDA Smart Price Garlic Bread Baguette', 'product_price': '£0.32', 'product_additionals': 'No weight data'}, {'shop': 'asda', 'url': 'https://groceries.asda.com/product/910002989320', 'product_name': 'ASDA Square Cut Medium White Bread', 'product_price': '£0.49', 'product_additionals': '(6.1p/100g)'}, {'shop': 'asda', 'url': 'https://groceries.asda.com/product/910000226861', 'product_name': 'ASDA Thick Sliced Breaded Dry Cured Ham Slices', 'product_price': '£3.00', 'product_additionals': '(£1.00/100g)'}, {'shop': 'asda', 'url': 'https://groceries.asda.com/product/1000218728680', 'product_name': 'ASDA Thin Stonebaked Cheesy Garlic Pizza Bread', 'product_price': '£1.80', 'product_additionals': 'No weight data'}, {'shop': 'asda', 'url': 'https://groceries.asda.com/product/910002093229', 'product_name': 'ASDA Three Cheese & Garlic Flatbread', 'product_price': '£1.00', 'product_additionals': 'No weight data'}, {'shop': 'asda', 'url': 'https://groceries.asda.com/product/910002102325', 'product_name': 'ASDA Tomato & Garlic Flatbread', 'product_price': '£1.25', 'product_additionals': 'No weight data'}, {'shop': 'asda', 'url': 'https://groceries.asda.com/product/80190767', 'product_name': 'ASDA White Bread Mix', 'product_price': '£0.64', 'product_additionals': '(12.8p/100g)'}, {'shop': 'asda', 'url': 'https://groceries.asda.com/product/910001960493', 'product_name': 'ASDA White Pitta Breads', 'product_price': '£0.45', 'product_additionals': '(7.5p/each)'}, {'shop': 'asda', 'url': 'https://groceries.asda.com/product/910002082693', 'product_name': 'Benus Sliced Four Whole Grain Bread', 'product_price': '£1.25', 'product_additionals': '(25.0p/100g)'}, {'shop': 'asda', 'url': 'https://groceries.asda.com/product/1000000986358', 'product_name': 'Bernard Matthews Golden Breaded Turkey Escalopes', 'product_price': '£2.00', 'product_additionals': '(£7.69/kg)'}, {'shop': 'tesco', 'url': 'https://www.tesco.com/groceries/en-GB/products/307753917', 'product_name': 'Betty Crocker Salted Caramel Shortbread Mix 345G', 'product_price': '£ 2.00', 'product_additionals': '£5.80/kg'}, {'shop': 'tesco', 'url': 'https://www.tesco.com/groceries/en-GB/products/303617798', 'product_name': 'Bfree 7 Grain Pitta Bread 220G', 'product_price': '£ 2.50', 'product_additionals': '£1.14/100g'}, {'shop': 'sains', 'url': 'https://www.sainsburys.co.uk/shop/gb/groceries/product/details/all-vegan-products/bfree-pitta-breads-stone-baked-4x55g-220g-', 'product_name': 'BFree Pitta Breads Stone Baked 4x55g (220g)', 'product_price': '£2.50', 'product_additionals': '£1.14 / 100g'}, {'shop': 'tesco', 'url': 'https://www.tesco.com/groceries/en-GB/products/297373973', 'product_name': 'Bfree Stone Bake Gluten Free Pitta Bread 6X32g', 'product_price': '£ 2.50', 'product_additionals': '£1.31/100g'}, {'shop': 'tesco', 'url': 'https://www.tesco.com/groceries/en-GB/products/291243774', 'product_name': 'Bfree Stone Baked Pitta Bread 220G', 'product_price': '£ 2.35', 'product_additionals': '£10.69/kg'}, {'shop': 'asda', 'url': 'https://groceries.asda.com/product/910002101686', 'product_name': 'BFree Stone Baked Pitta Breads', 'product_price': '£2.50', 'product_additionals': 'No weight data'}, {'shop': 'sains', 'url': 'https://www.sainsburys.co.uk/shop/gb/groceries/product/details/all-dairy-free-food-and-drink/bfree-wholegrain-pitta-breads-4-x-55g', 'product_name': 'BFree Wholegrain Pitta Breads 4 x 55g', 'product_price': '£2.75', 'product_additionals': '£1.25 / 100g'}, {'shop': 'asda', 'url': 'https://groceries.asda.com/product/1000140301774', 'product_name': 'Birds Eye 2 Gluten Free Fish Fillets in Breadcrumbs', 'product_price': '£2.94', 'product_additionals': 'No weight data'}, {'shop': 'asda', 'url': 'https://groceries.asda.com/product/1000125109385', 'product_name': 'Birds Eye 4 Breaded Cod Large Fillets', 'product_price': '£3.50', 'product_additionals': 'No weight data'}, {'shop': 'asda', 'url': 'https://groceries.asda.com/product/1000125109454', 'product_name': 'Birds Eye 4 Breaded Haddock Large Fillets', 'product_price': '£3.50', 'product_additionals': 'No weight data'}, {'shop': 'tesco', 'url': 'https://www.tesco.com/groceries/en-GB/products/303334245', 'product_name': 'Birds Eye 4 Large Breaded Cod Fillets 440G', 'product_price': '£ 4.80', 'product_additionals': '£10.91/kg'}, {'shop': 'tesco', 'url': 'https://www.tesco.com/groceries/en-GB/products/303334280', 'product_name': 'Birds Eye 4 Large Breaded Haddock 440G', 'product_price': '£ 4.80', 'product_additionals': '£10.91/kg'}, {'shop': 'asda', 'url': 'https://groceries.asda.com/product/1000169694831', 'product_name': 'Birds Eye 6 Southern Fried Chicken in Breadcrumbs', 'product_price': '£2.75', 'product_additionals': 'No weight data'}, {'shop': 'sains', 'url': 'https://www.sainsburys.co.uk/shop/gb/groceries/product/details/easter-special-offers/birds-eye-breaded-haddock-large-fillets-x4-440g', 'product_name': 'Birds Eye Breaded Haddock Large Fillets x4 440g', 'product_price': '£3.50', 'product_additionals': '£7.96 / kg'}, {'shop': 'asda', 'url': 'https://groceries.asda.com/product/1000125109515', 'product_name': 'Birds Eye Inspirations Chicken Mini Fillets in Golden Breadcrumbs', 'product_price': '£2.00', 'product_additionals': 'No weight data'}, {'shop': 'asda', 'url': 'https://groceries.asda.com/product/1000125109461', 'product_name': 'Birds Eye Inspirations Chicken Mini Fillets in Sesame Seed Breadcrumbs', 'product_price': '£2.00', 'product_additionals': 'No weight data'}, {'shop': 'asda', 'url': 'https://groceries.asda.com/product/1000218525296', 'product_name': 'BOSH! Vegan Spiced Panko Breadcrumbs', 'product_price': '£2.49', 'product_additionals': '(£1.25/100g)'}, {'shop': 'aldi', 'url': 'https://www.aldi.co.uk/breaded-chicken-mini-fillets/p/016060276702000', 'product_name': 'Breaded Chicken Mini Fillets', 'product_price': '2.15', 'product_additionals': '£7.05 per kg'}, {'shop': 'aldi', 'url': 'https://www.aldi.co.uk/breaded-ham/p/706315410178601', 'product_name': 'Breaded Ham', 'product_price': '1.59', 'product_additionals': '39.8p per 100g'}, {'shop': 'aldi', 'url': 'https://www.aldi.co.uk/breaded-hot-%26-spicy-chicken-strips/p/016802278453400', 'product_name': 'Breaded Hot & Spicy Chicken Strips', 'product_price': '2.15', 'product_additionals': '£7.05 per kg'}, {'shop': 'asda', 'url': 'https://groceries.asda.com/product/537337', 'product_name': 'Burgen Soya & Linseed Bread', 'product_price': '£1.25', 'product_additionals': '(15.6p/100g)'}, {'shop': 'asda', 'url': 'https://groceries.asda.com/product/1000169694811', 'product_name': 'Cadbury Dairy Milk Gingerbread Chocolate Bar', 'product_price': '£1.00', 'product_additionals': '(83.3p/100g)'}, {'shop': 'asda', 'url': 'https://groceries.asda.com/product/1000244026790', 'product_name': 'Cadbury Winter Gingerbread Chocolate Cake Bars', 'product_price': '£1.00', 'product_additionals': '(20.0p/each)'}, {'shop': 'asda', 'url': 'https://groceries.asda.com/product/1000136352489', 'product_name': 'Caffe Amalfi Rustic Breadsticks with Sea Salt and Olive Oil', 'product_price': '£1.50', 'product_additionals': '(£1.20/100g)'}, {'shop': 'asda', 'url': 'https://groceries.asda.com/product/1000136352492', 'product_name': 'Caffe Amalfi Thin Italian Breadsticks with Olive Oil', 'product_price': '£1.00', 'product_additionals': '(83.3p/100g)'}, {'shop': 'asda', 'url': 'https://groceries.asda.com/product/80353893', 'product_name': 'Charles Wells Banana Bread Beer', 'product_price': '£1.83', 'product_additionals': '(£3.66/lt)'}, {'shop': 'aldi', 'url': 'https://www.aldi.co.uk/cheddar-cheese-%26-red-onion-flatbread/p/701013314550000', 'product_name': 'Cheddar Cheese & Red Onion Flatbread', 'product_price': '1.69', 'product_additionals': '£6.76 per kg'}, {'shop': 'aldi', 'url': 'https://www.aldi.co.uk/chocolate-chunk-shortbread-rounds/p/062612247688101', 'product_name': 'Chocolate Chunk Shortbread Rounds', 'product_price': '1.09', 'product_additionals': '68.1p per 100g'}, {'shop': 'aldi', 'url': 'https://www.aldi.co.uk/chunky-breaded-haddock-fish-fillets/p/004132092084200', 'product_name': 'Chunky Breaded Haddock Fish Fillets', 'product_price': '2.59', 'product_additionals': '£5.18 per kg'}, {'shop': 'tesco', 'url': 'https://www.tesco.com/groceries/en-GB/products/305733449', 'product_name': 'Clay Oven Bakery 2 Large Stretched Naan Bread 360G', 'product_price': '£ 1.50', 'product_additionals': '£0.42/100g'}, {'shop': 'tesco', 'url': 'https://www.tesco.com/groceries/en-GB/products/306798939', 'product_name': 'Clay Oven Bakery 2 Plain Naan Breads 360G', 'product_price': '£ 1.50', 'product_additionals': '£0.42/100g'}, {'shop': 'coop', 'url': 'https://www.coop.co.uk/products/co-op-rhubarb-and-custard-shortbread-mini-bites', 'product_name': 'Co-op 8 Rhubarb & Custard Shortbread Mini Bites', 'product_price': '£1', 'product_additionals': '8 pack'}, {'shop': 'coop', 'url': 'https://www.coop.co.uk/products/co-op-breaded-ham-220g', 'product_name': 'Co-op Breaded Ham 220g', 'product_price': '£4', 'product_additionals': '220g (90.0p per 100g)'}, {'shop': 'coop', 'url': 'https://www.coop.co.uk/products/co-op-american-style-cheese-and-tomato-sharing-bread-245g', 'product_name': "Co-op Cheesy Nacho Tear 'N' Share Bread 245g", 'product_price': '£2.75', 'product_additionals': '245g (£1.12 per 100g)'}, {'shop': 'coop', 'url': 'https://www.coop.co.uk/products/co-op-irresistible-breaded-cornish-camemberts-with-redcurrant-dip-200g', 'product_name': "Co-op Irresistible Breaded Cornish Camembert's with Redcurrant Dip 200g", 'product_price': '£3.50', 'product_additionals': '200g (£1.75 per 100g)\nServes 2'}, {'shop': 'coop', 'url': 'https://www.coop.co.uk/products/co-op-irresistible-mature-cheddar-and-balsamic-onion-flatbread-220g', 'product_name': 'Co-op Irresistible Mature Cheddar and Balsamic Onion Flatbread 220g', 'product_price': '£2.40', 'product_additionals': '220g (£1.09 per 100g)\nServes 2'}, {'shop': 'asda', 'url': 'https://groceries.asda.com/product/910001537650', 'product_name': "Colman's Bread Sauce Mix", 'product_price': '£0.80', 'product_additionals': '(£2.00/100g)'}, {'shop': 'tesco', 'url': 'https://www.tesco.com/groceries/en-GB/products/300954322', 'product_name': 'Counter The Artisan Bread Company Tomato Sal Brus 70G', 'product_price': '£ 1.60', 'product_additionals': '£2.29/100g'}, {'shop': 'tesco', 'url': 'https://www.tesco.com/groceries/en-GB/products/305435877', 'product_name': 'Creative Nature W.Grain Banana Bread Baking Mix 250G', 'product_price': '£ 2.99', 'product_additionals': '£11.96/kg'}, {'shop': 'asda', 'url': 'https://groceries.asda.com/product/1000182959725', 'product_name': 'Creative Nature Wholegrain Banana Bread Baking Mix', 'product_price': '£2.99', 'product_additionals': 'No weight data'}, {'shop': 'sains', 'url': 'https://www.sainsburys.co.uk/shop/gb/groceries/product/details/new-trending-special-offers/crosta-mollica-black-olive-grissini-breadsticks-140g', 'product_name': 'Crosta & Mollica Black Olive Grissini Breadsticks 140g', 'product_price': '£1.95', 'product_additionals': '£1.39 / 100g'}, {'shop': 'tesco', 'url': 'https://www.tesco.com/groceries/en-GB/products/277731954', 'product_name': 'Crosta & Mollica Torines Breadsticks 120G', 'product_price': '£ 1.09', 'product_additionals': '£0.91/100g'}, {'shop': 'sains', 'url': 'https://www.sainsburys.co.uk/shop/gb/groceries/product/details/aldi-price-match/sainsburys-white-sliced-bread--basics-800g', 'product_name': "Daily's Medium Sliced White Bread 800g", 'product_price': '36p', 'product_additionals': '5p / 100g'}, {'shop': 'sains', 'url': 'https://www.sainsburys.co.uk/shop/gb/groceries/product/details/aldi-price-match/sainsburys-medium-wholemeal-bread--basics-800g', 'product_name': "Daily's Medium Sliced Wholemeal Bread 800g", 'product_price': '36p', 'product_additionals': '5p / 100g'}, {'shop': 'tesco', 'url': 'https://www.tesco.com/groceries/en-GB/products/251015495', 'product_name': 'Dairylea Dunkers Breadsticks 4 X 47G', 'product_price': '£ 2.25', 'product_additionals': '£11.97/kg'}, {'shop': 'sains', 'url': 'https://www.sainsburys.co.uk/shop/gb/groceries/product/details/snacking-and-lunchbox-cheeses/dairylea-dunkers-breadsticks-4x47g', 'product_name': 'Dairylea Dunkers Breadsticks with Cheese 4x47g', 'product_price': '£2.25', 'product_additionals': '£11.97 / kg'}, {'shop': 'asda', 'url': 'https://groceries.asda.com/product/1226074', 'product_name': 'Dairylea Dunkers Breadsticks with Cheese x4', 'product_price': '£1.50', 'product_additionals': '(£7.98/kg)'}, {'shop': 'asda', 'url': 'https://groceries.asda.com/product/1000002934208', 'product_name': "Dean's Shortbread Assortment", 'product_price': '£4.00', 'product_additionals': 'No weight data'}, {'shop': 'asda', 'url': 'https://groceries.asda.com/product/391635', 'product_name': "Dean's Shortbread Fingers", 'product_price': '£1.00', 'product_additionals': 'No weight data'}, {'shop': 'sains', 'url': 'https://www.sainsburys.co.uk/shop/gb/groceries/product/details/chilled-cooked-meats/sainsburys-breaded-ham-150g', 'product_name': 'Deli Express British Breaded Ham 150g', 'product_price': '£2.25', 'product_additionals': '£1.50 / 100g'}, {'shop': 'tesco', 'url': 'https://www.tesco.com/groceries/en-GB/products/305530793', 'product_name': 'Deli Kitchen 4 Greek Style Flatbreads 320G', 'product_price': '£ 1.35', 'product_additionals': '£0.42/100g'}, {'shop': 'asda', 'url': 'https://groceries.asda.com/product/1000188692325', 'product_name': 'Deli Kitchen Brioche Folded Flatbreads', 'product_price': '£1.35', 'product_additionals': '(64.3p/100g)'}, {'shop': 'asda', 'url': 'https://groceries.asda.com/product/1000188692416', 'product_name': 'Deli Kitchen Greek Style Flatbreads', 'product_price': '£1.35', 'product_additionals': '(33.8p/each)'}, {'shop': 'asda', 'url': 'https://groceries.asda.com/product/910000388154', 'product_name': 'Dina Large White Bread Wraps', 'product_price': '£0.90', 'product_additionals': '(16.4p/100g)'}, {'shop': 'asda', 'url': 'https://groceries.asda.com/product/910000387572', 'product_name': 'Dina Paninette White Bread Wraps', 'product_price': '£0.90', 'product_additionals': '(32.7p/100g)'}, {'shop': 'asda', 'url': 'https://groceries.asda.com/product/910000388107', 'product_name': 'Dina Paninette Wholemeal Bread Wraps', 'product_price': '£0.90', 'product_additionals': '(32.7p/100g)'}, {'shop': 'asda', 'url': 'https://groceries.asda.com/product/910000388173', 'product_name': 'Dina White Mini Pitta Bread', 'product_price': '£0.55', 'product_additionals': '(15.3p/100g)'}, {'shop': 'asda', 'url': 'https://groceries.asda.com/product/910001184127', 'product_name': 'Dina Wholemeal Mini Pitta Breads', 'product_price': '£0.55', 'product_additionals': '(15.3p/100g)'}, {'shop': 'tesco', 'url': 'https://www.tesco.com/groceries/en-GB/products/257123599', 'product_name': 'Doves Farm Gluten Free White Bread Flour 1Kg', 'product_price': '£ 1.70', 'product_additionals': '£1.70/kg'}, {'shop': 'tesco', 'url': 'https://www.tesco.com/groceries/en-GB/products/290564310', 'product_name': 'Dr Karg 3 Seeds Crisp Bread Slices 200G', 'product_price': '£ 2.00', 'product_additionals': '£1.00/100g'}, {'shop': 'tesco', 'url': 'https://www.tesco.com/groceries/en-GB/products/260391973', 'product_name': 'Dr Karg Organic Cheese & Pumpkin Seed Crisp Bread 200G', 'product_price': '£ 2.00', 'product_additionals': '£1.00/100g'}, {'shop': 'asda', 'url': 'https://groceries.asda.com/product/1000135191500', 'product_name': "Dr. Karg's Organic Crispbread Emmental Cheese & Pumpkin Seed", 'product_price': '£1.89', 'product_additionals': '(94.5p/100g)'}, {'shop': 'asda', 'url': 'https://groceries.asda.com/product/1000227127175', 'product_name': 'Eco Wix Gingerbread Small Candle', 'product_price': '£5.00', 'product_additionals': '(£5.00/each)'}, {'shop': 'tesco', 'url': 'https://www.tesco.com/groceries/en-GB/products/292759370', 'product_name': "Ella's Kitchen Banana & Vanilla Bread Pudding 4X80g", 'product_price': '£ 1.75', 'product_additionals': '£4.87/kg'}, {'shop': 'asda', 'url': 'https://groceries.asda.com/product/910002650221', 'product_name': "Ella's Kitchen Organic Banana and Vanilla Bread Pudding Baby Dessert Pot Multipack 7+ Months", 'product_price': '£1.70', 'product_additionals': 'No weight data'}, {'shop': 'tesco', 'url': 'https://www.tesco.com/groceries/en-GB/products/279844604', 'product_name': 'Fedon Breadsticks With Sesame Seeds250g', 'product_price': '£ 1.50', 'product_additionals': '£0.60/100g'}, {'shop': 'aldi', 'url': 'https://www.aldi.co.uk/finely-sliced-breaded-ham/p/010021285889300', 'product_name': 'Finely Sliced Breaded Ham', 'product_price': '1.49', 'product_additionals': '£1.49 per 100g'}, {'shop': 'tesco', 'url': 'https://www.tesco.com/groceries/en-GB/products/257800909', 'product_name': 'Finest Triple Chocolate Shortbread 4 Pack', 'product_price': '£ 1.50', 'product_additionals': '£0.38/each'}, {'shop': 'aldi', 'url': 'https://www.aldi.co.uk/flat-bread-thins-cheese-%26-pepper/p/074900259327501', 'product_name': 'Flat Bread Thins Cheese & Pepper', 'product_price': '0.49', 'product_additionals': '98p per 100g'}, {'shop': 'aldi', 'url': 'https://www.aldi.co.uk/flatbread-thin-bites-sweet-chilli/p/074900259327702', 'product_name': 'Flatbread Thin Bites Sweet Chilli', 'product_price': '0.49', 'product_additionals': '98p per 100g'}, {'shop': 'asda', 'url': 'https://groceries.asda.com/product/26342781', 'product_name': 'FREEE by Doves Farm Gluten Free White Bread Flour', 'product_price': '£1.68', 'product_additionals': 'No weight data'}, {'shop': 'tesco', 'url': 'https://www.tesco.com/groceries/en-GB/products/302181582', 'product_name': 'Fro Oat & Sunflower Seed Crisp Bread 200G', 'product_price': '£ 1.95', 'product_additionals': '£0.98/100g'}, {'shop': 'tesco', 'url': 'https://www.tesco.com/groceries/en-GB/products/302181609', 'product_name': 'Fro Thyme & Sea Salt Crisp Bread 200G', 'product_price': '£ 1.95', 'product_additionals': '£0.98/100g'}, {'shop': 'sains', 'url': 'https://www.sainsburys.co.uk/shop/gb/groceries/product/details/egg-free-food/genius-pitta-bread-272g', 'product_name': 'Genius Gluten Free Pitta Breads x3', 'product_price': '£2.00', 'product_additionals': '£1.08 / 100g'}, {'shop': 'asda', 'url': 'https://groceries.asda.com/product/910002935415', 'product_name': 'Genius Gluten Free Toastie White Bread', 'product_price': '£2.25', 'product_additionals': 'No weight data'}, {'shop': 'asda', 'url': 'https://groceries.asda.com/product/1000150186004', 'product_name': 'Genius Gluten-Free Carb Cutter 5 Bread Crisps', 'product_price': '£2.09', 'product_additionals': 'No weight data'}, {'shop': 'asda', 'url': 'https://groceries.asda.com/product/1000150185967', 'product_name': 'Genius Gluten-Free Protein Punch 5 Bread Crisps', 'product_price': '£2.09', 'product_additionals': 'No weight data'}, {'shop': 'asda', 'url': 'https://groceries.asda.com/product/1000229362744', 'product_name': 'George Home Cream Bread Bin', 'product_price': '£10.00', 'product_additionals': '(£10.00/each)'}, {'shop': 'asda', 'url': 'https://groceries.asda.com/product/1000224243232', 'product_name': 'George Home Gingerbread Cappucino Mug', 'product_price': '£2.50', 'product_additionals': '(£2.50/each)'}, {'shop': 'asda', 'url': 'https://groceries.asda.com/product/1000229362801', 'product_name': 'George Home Gingerbread House Plate', 'product_price': '£5.00', 'product_additionals': '(£5.00/each)'}, {'shop': 'asda', 'url': 'https://groceries.asda.com/product/1000159725341', 'product_name': 'George Home Gingerbread Man Cookie Cutters', 'product_price': '£2.00', 'product_additionals': '(£2.00/each)'}, {'shop': 'asda', 'url': 'https://groceries.asda.com/product/1000150186101', 'product_name': 'George Home Gingerbread Napkins', 'product_price': '£1.00', 'product_additionals': '(5.0p/each)'}, {'shop': 'asda', 'url': 'https://groceries.asda.com/product/1000229362679', 'product_name': 'George Home Grey Bread Bin', 'product_price': '£10.00', 'product_additionals': '(£10.00/each)'}, {'shop': 'asda', 'url': 'https://groceries.asda.com/product/1000229362793', 'product_name': 'George Home Multi Christmas Gingerbread House Cookie Jar', 'product_price': '£12.00', 'product_additionals': '(£12.00/each)'}, {'shop': 'asda', 'url': 'https://groceries.asda.com/product/1000229362652', 'product_name': 'George Home Multi Christmas Gingerbread House Mug', 'product_price': '£3.00', 'product_additionals': '(£3.00/each)'}, {'shop': 'asda', 'url': 'https://groceries.asda.com/product/1000229362594', 'product_name': 'George Home White Marble Bread Bin', 'product_price': '£10.00', 'product_additionals': '(£10.00/each)'}, {'shop': 'aldi', 'url': 'https://www.aldi.co.uk/golden-breadcrumbs/p/015497306817301', 'product_name': 'Golden Breadcrumbs', 'product_price': '0.65', 'product_additionals': '37.1p per 100g'}, {'shop': 'coop', 'url': 'https://www.coop.co.uk/products/goodfellas-garlic-bread-218-g', 'product_name': "Goodfella's Garlic Bread 218g", 'product_price': '£2', 'product_additionals': '218g (97.1p per 100g)'}, {'shop': 'asda', 'url': 'https://groceries.asda.com/product/910000042143', 'product_name': 'Grissini Plain Breadsticks', 'product_price': '£0.80', 'product_additionals': '(64.0p/100g)'}, {'shop': 'tesco', 'url': 'https://www.tesco.com/groceries/en-GB/products/299045570', 'product_name': "H W Nevill's White Bread 800G", 'product_price': '£ 0.36', 'product_additionals': '£0.04/100g'}, {'shop': 'tesco', 'url': 'https://www.tesco.com/groceries/en-GB/products/299045558', 'product_name': "H W Nevill's Wholemeal Bread 800G", 'product_price': '£ 0.36', 'product_additionals': '£0.04/100g'}, {'shop': 'tesco', 'url': 'https://www.tesco.com/groceries/en-GB/products/299587469', 'product_name': 'Hearty Food Co 20 Breaded Chicken Nuggets 320G', 'product_price': '£ 0.85', 'product_additionals': '£2.66/kg'}, {'shop': 'tesco', 'url': 'https://www.tesco.com/groceries/en-GB/products/299596458', 'product_name': 'Hearty Food Co 8 Breaded Chicken Burgers 456G', 'product_price': '£ 0.97', 'product_additionals': '£2.13/kg'}, {'shop': 'tesco', 'url': 'https://www.tesco.com/groceries/en-GB/products/306945888', 'product_name': 'Hearty Food Co. 4 Breaded Chicken Steaks 505G', 'product_price': '£ 1.69', 'product_additionals': '£3.35/kg'}, {'shop': 'tesco', 'url': 'https://www.tesco.com/groceries/en-GB/products/298865009', 'product_name': 'Hearty Food Co. Breaded Chicken Goujons 270G', 'product_price': '£ 1.05', 'product_additionals': '£3.89/kg'}, {'shop': 'tesco', 'url': 'https://www.tesco.com/groceries/en-GB/products/307348073', 'product_name': 'Heat & Enjoy Garlic Bread 200G', 'product_price': '£ 3.00', 'product_additionals': '£15.00/kg'}, {'shop': 'tesco', 'url': 'https://www.tesco.com/groceries/en-GB/products/274811254', 'product_name': 'Hovis 7 Seeds Wholemeal Bread 800G', 'product_price': '£ 1.50', 'product_additionals': '£0.19/100g'}, {'shop': 'asda', 'url': 'https://groceries.asda.com/product/22642144', 'product_name': 'Hovis Authentic Granary Bread', 'product_price': '£0.95', 'product_additionals': '(23.8p/100g)'}, {'shop': 'tesco', 'url': 'https://www.tesco.com/groceries/en-GB/products/279505857', 'product_name': 'Hovis Best Of Both Medium White Bread 750G', 'product_price': '£ 1.10', 'product_additionals': '£0.15/100g'}, {'shop': 'tesco', 'url': 'https://www.tesco.com/groceries/en-GB/products/279505707', 'product_name': 'Hovis Best Of Both Thick White Bread 750G', 'product_price': '£ 1.10', 'product_additionals': '£0.15/100g'}, {'shop': 'asda', 'url': 'https://groceries.asda.com/product/1000001429981', 'product_name': 'Hovis Granary Bread Flour', 'product_price': '£1.79', 'product_additionals': '(£1.79/kg)'}, {'shop': 'tesco', 'url': 'https://www.tesco.com/groceries/en-GB/products/250871708', 'product_name': 'Hovis Granary Thick Bread 800G', 'product_price': '£ 1.45', 'product_additionals': '£0.18/100g'}, {'shop': 'asda', 'url': 'https://groceries.asda.com/product/1670454', 'product_name': 'Hovis Granary Wholemeal Bread', 'product_price': '£1.65', 'product_additionals': '(20.6p/100g)'}, {'shop': 'tesco', 'url': 'https://www.tesco.com/groceries/en-GB/products/254944133', 'product_name': 'Hovis Granary Wholemeal Bread 800G', 'product_price': '£ 1.45', 'product_additionals': '£0.18/100g'}, {'shop': 'asda', 'url': 'https://groceries.asda.com/product/1000001205348', 'product_name': 'Hovis Lower Carb Deliciously Seeded Bread', 'product_price': '£1.10', 'product_additionals': '(27.5p/100g)'}, {'shop': 'sains', 'url': 'https://www.sainsburys.co.uk/shop/gb/groceries/product/details/rednoseday-/hovis-best-of-both-medium-750g', 'product_name': 'Hovis Medium Sliced Best of Both Bread 750g', 'product_price': '£1.15', 'product_additionals': '15p / 100g'}, {'shop': 'asda', 'url': 'https://groceries.asda.com/product/24742', 'product_name': 'Hovis Medium Wholemeal Bread', 'product_price': '£1.10', 'product_additionals': '(13.8p/100g)'}, {'shop': 'asda', 'url': 'https://groceries.asda.com/product/82185114', 'product_name': 'Hovis Nimble Wholemeal Bread', 'product_price': '£0.90', 'product_additionals': '(22.5p/100g)'}, {'shop': 'tesco', 'url': 'https://www.tesco.com/groceries/en-GB/products/274811214', 'product_name': 'Hovis Original 7 Seeds Bread 800G', 'product_price': '£ 1.50', 'product_additionals': '£0.19/100g'}, {'shop': 'tesco', 'url': 'https://www.tesco.com/groceries/en-GB/products/259747508', 'product_name': 'Hovis Original Granary Bread 400G', 'product_price': '£ 0.95', 'product_additionals': '£0.24/100g'}, {'shop': 'asda', 'url': 'https://groceries.asda.com/product/9277509', 'product_name': 'Hovis Original Wheatgerm Bread', 'product_price': '£0.95', 'product_additionals': '(23.8p/100g)'}, {'shop': 'asda', 'url': 'https://groceries.asda.com/product/910000876228', 'product_name': 'Hovis Seed Sensations Seven Seeds Bread', 'product_price': '£1.05', 'product_additionals': '(26.2p/100g)'}, {'shop': 'asda', 'url': 'https://groceries.asda.com/product/910000875750', 'product_name': 'Hovis Seed Sensations Seven Seeds Bread', 'product_price': '£1.64', 'product_additionals': '(20.5p/100g)'}, {'shop': 'asda', 'url': 'https://groceries.asda.com/product/910000876519', 'product_name': 'Hovis Seed Sensations Wholemeal Bread', 'product_price': '£1.65', 'product_additionals': '(20.6p/100g)'}, {'shop': 'sains', 'url': 'https://www.sainsburys.co.uk/shop/gb/groceries/product/details/aldi-price-match/hovis-soft-white-bread--thick-sliced-800g', 'product_name': 'Hovis Soft Thick Sliced White Bread 800g', 'product_price': '£1.10', 'product_additionals': '14p / 100g'}, {'shop': 'tesco', 'url': 'https://www.tesco.com/groceries/en-GB/products/267363266', 'product_name': 'Hovis Soft White Extra Thick Bread 800G', 'product_price': '£ 1.10', 'product_additionals': '£0.14/100g'}, {'shop': 'tesco', 'url': 'https://www.tesco.com/groceries/en-GB/products/256174499', 'product_name': 'Hovis Soft White Medium Bread 800G', 'product_price': '£ 1.09', 'product_additionals': '£0.14/100g'}, {'shop': 'tesco', 'url': 'https://www.tesco.com/groceries/en-GB/products/254550817', 'product_name': 'Hovis Soft White Thick Bread 800G', 'product_price': '£ 1.10', 'product_additionals': '£0.14/100g'}, {'shop': 'asda', 'url': 'https://groceries.asda.com/product/66006934', 'product_name': 'Hovis Tasty Wholemeal Bread', 'product_price': '£0.85', 'product_additionals': '(21.2p/100g)'}, {'shop': 'asda', 'url': 'https://groceries.asda.com/product/22642143', 'product_name': 'Hovis Thick Granary Bread', 'product_price': '£1.45', 'product_additionals': '(18.1p/100g)'}, {'shop': 'asda', 'url': 'https://groceries.asda.com/product/36493', 'product_name': 'Hovis Thick Wholemeal Bread', 'product_price': '£1.10', 'product_additionals': '(13.8p/100g)'}, {'shop': 'tesco', 'url': 'https://www.tesco.com/groceries/en-GB/products/250829858', 'product_name': 'Hovis Wholemeal Medium Bread 400G', 'product_price': '£ 0.85', 'product_additionals': '£0.21/100g'}, {'shop': 'tesco', 'url': 'https://www.tesco.com/groceries/en-GB/products/255000362', 'product_name': 'Hovis Wholemeal Medium Bread 800G', 'product_price': '£ 1.10', 'product_additionals': '£0.14/100g'}, {'shop': 'tesco', 'url': 'https://www.tesco.com/groceries/en-GB/products/263518014', 'product_name': 'Hovis Wholemeal Thick Bread 800G', 'product_price': '£ 1.10', 'product_additionals': '£0.14/100g'}, {'shop': 'asda', 'url': 'https://groceries.asda.com/product/910000463804', 'product_name': "Irwin's Plain Batch White Bread", 'product_price': '£1.19', 'product_additionals': 'No weight data'}, {'shop': 'tesco', 'url': 'https://www.tesco.com/groceries/en-GB/products/308093498', 'product_name': "Irwin's Traditional Wheaten Bread", 'product_price': '£ 1.20', 'product_additionals': '£1.20/each'}, {'shop': 'sains', 'url': 'https://www.sainsburys.co.uk/shop/gb/groceries/product/details/bigger-packs-/jjames-family-12-breaded-british-ham-slices-300g', 'product_name': 'J,James & Family British Breaded Ham 300g, x12 Slices', 'product_price': '£1.37', 'product_additionals': '46p / 100g'}, {'shop': 'sains', 'url': 'https://www.sainsburys.co.uk/shop/gb/groceries/product/details/aldi-price-match/jjames-family-12-breaded-british-ham-slices-300g', 'product_name': 'J,James & Family British Breaded Ham 300g, x12 Slices', 'product_price': '£1.37', 'product_additionals': '46p / 100g'}, {'shop': 'asda', 'url': 'https://groceries.asda.com/product/910001258151', 'product_name': "Jacob's Mixed Grain Crispbread", 'product_price': '£1.50', 'product_additionals': '(79.0p/100g)'}, {'shop': 'asda', 'url': 'https://groceries.asda.com/product/910001257536', 'product_name': "Jacob's Mixed Seed Crispbread", 'product_price': '£1.50', 'product_additionals': '(79.0p/100g)'}, {'shop': 'asda', 'url': 'https://groceries.asda.com/product/910000331114', 'product_name': "Jacob's Salt & Black Pepper Flatbreads", 'product_price': '£1.50', 'product_additionals': '(£1.00/100g)'}, {'shop': 'asda', 'url': 'https://groceries.asda.com/product/910001258488', 'product_name': "Jacob's Simply Baked Chive Crispbread", 'product_price': '£1.50', 'product_additionals': '(79.0p/100g)'}, {'shop': 'tesco', 'url': 'https://www.tesco.com/groceries/en-GB/products/281840917', 'product_name': 'Jacobs Chive Crisp Bread 190G', 'product_price': '£ 1.49', 'product_additionals': '£0.78/100g'}, {'shop': 'tesco', 'url': 'https://www.tesco.com/groceries/en-GB/products/267077511', 'product_name': 'Jacobs Flatbread Salt & Cracked Black Pepper 150G', 'product_price': '£ 1.79', 'product_additionals': '£1.20/100g'}, {'shop': 'tesco', 'url': 'https://www.tesco.com/groceries/en-GB/products/281841254', 'product_name': 'Jacobs Mixed Grain Crisp Bread 190G', 'product_price': '£ 1.49', 'product_additionals': '£0.78/100g'}, {'shop': 'asda', 'url': 'https://groceries.asda.com/product/1000218322073', 'product_name': 'Jahan 4 Breaded Chicken Steaks', 'product_price': '£3.00', 'product_additionals': 'No weight data'}, {'shop': 'asda', 'url': 'https://groceries.asda.com/product/1000232366957', 'product_name': 'Jahan Hot & Spicy Breaded Wings', 'product_price': '£2.50', 'product_additionals': 'No weight data'}, {'shop': 'tesco', 'url': 'https://www.tesco.com/groceries/en-GB/products/261738730', 'product_name': 'Kingsmill 50/50 Medium Bread 800G', 'product_price': '£ 0.85', 'product_additionals': '£0.11/100g'}, {'shop': 'tesco', 'url': 'https://www.tesco.com/groceries/en-GB/products/260630288', 'product_name': 'Kingsmill 50/50 No Crusts Bread 400G', 'product_price': '£ 1.40', 'product_additionals': '£0.35/100g'}, {'shop': 'tesco', 'url': 'https://www.tesco.com/groceries/en-GB/products/252065992', 'product_name': 'Kingsmill 50/50 Thick Bread 800G', 'product_price': '£ 0.85', 'product_additionals': '£0.11/100g'}, {'shop': 'asda', 'url': 'https://groceries.asda.com/product/42747407', 'product_name': 'Kingsmill Medium 50/50 Bread', 'product_price': '£0.85', 'product_additionals': '(10.6p/100g)'}, {'shop': 'asda', 'url': 'https://groceries.asda.com/product/42747415', 'product_name': 'Kingsmill Medium Soft White Bread', 'product_price': '£0.89', 'product_additionals': '(11.1p/100g)'}, {'shop': 'asda', 'url': 'https://groceries.asda.com/product/42747403', 'product_name': 'Kingsmill Medium Tasty Wholemeal Bread', 'product_price': '£0.94', 'product_additionals': '(11.8p/100g)'}, {'shop': 'asda', 'url': 'https://groceries.asda.com/product/31248811', 'product_name': 'Kingsmill No Crusts 50/50 Bread', 'product_price': '£1.50', 'product_additionals': '(37.5p/100g)'}, {'shop': 'asda', 'url': 'https://groceries.asda.com/product/31248810', 'product_name': 'Kingsmill No Crusts Soft White Bread', 'product_price': '£1.40', 'product_additionals': '(35.0p/100g)'}, {'shop': 'asda', 'url': 'https://groceries.asda.com/product/910002327657', 'product_name': 'Kingsmill No Crusts Wholemeal Bread', 'product_price': '£1.40', 'product_additionals': '(35.0p/100g)'}, {'shop': 'tesco', 'url': 'https://www.tesco.com/groceries/en-GB/products/259804954', 'product_name': 'Kingsmill Soft White Medium Bread 800G', 'product_price': '£ 0.95', 'product_additionals': '£0.12/100g'}, {'shop': 'tesco', 'url': 'https://www.tesco.com/groceries/en-GB/products/259804983', 'product_name': 'Kingsmill Soft White Thick Bread 800G', 'product_price': '£ 0.95', 'product_additionals': '£0.12/100g'}, {'shop': 'tesco', 'url': 'https://www.tesco.com/groceries/en-GB/products/252990345', 'product_name': 'Kingsmill Tasty Wholemeal Medium Bread 800G', 'product_price': '£ 0.95', 'product_additionals': '£0.12/100g'}, {'shop': 'asda', 'url': 'https://groceries.asda.com/product/42747409', 'product_name': 'Kingsmill Thick 50/50 Bread', 'product_price': '£0.85', 'product_additionals': '(10.6p/100g)'}, {'shop': 'asda', 'url': 'https://groceries.asda.com/product/42747401', 'product_name': 'Kingsmill Thick Soft White Bread', 'product_price': '£0.89', 'product_additionals': '(11.1p/100g)'}, {'shop': 'asda', 'url': 'https://groceries.asda.com/product/42747405', 'product_name': 'Kingsmill Thick Tasty Wholemeal Bread', 'product_price': '£0.95', 'product_additionals': '(11.9p/100g)'}, {'shop': 'asda', 'url': 'https://groceries.asda.com/product/1000211461112', 'product_name': "Kirsty's Vegan Mediterranean Vegetable Flatbread Pizza", 'product_price': '£2.50', 'product_additionals': 'No weight data'}, {'shop': 'sains', 'url': 'https://www.sainsburys.co.uk/shop/gb/groceries/product/details/milk-free-chocolate-and-biscuits/lazy-day-foods-millionaires-shortbread-150g', 'product_name': "Lazy Day Foods Millionaire's Shortbread 150g", 'product_price': '£2.00', 'product_additionals': '£1.33 / 100g'}, {'shop': 'sains', 'url': 'https://www.sainsburys.co.uk/shop/gb/groceries/product/details/all-dairy-free-food-and-drink/lazy-day-foods-millionaires-shortbread-150g', 'product_name': "Lazy Day Foods Millionaire's Shortbread 150g", 'product_price': '£2.00', 'product_additionals': '£1.33 / 100g'}, {'shop': 'sains', 'url': 'https://www.sainsburys.co.uk/shop/gb/groceries/product/details/gluten-free-biscuits-and-chocolates/lazy-day-foods-millionaires-shortbread-150g', 'product_name': "Lazy Day Foods Millionaire's Shortbread 150g", 'product_price': '£2.00', 'product_additionals': '£1.33 / 100g'}, {'shop': 'asda', 'url': 'https://groceries.asda.com/product/1000002936267', 'product_name': 'Loch Ness Bakery Salted Caramel Shortbread Bites', 'product_price': '£1.65', 'product_additionals': 'No weight data'}, {'shop': 'asda', 'url': 'https://groceries.asda.com/product/1000204779153', 'product_name': 'Lovemore Crispbreads', 'product_price': '£1.20', 'product_additionals': 'No weight data'}, {'shop': 'tesco', 'url': 'https://www.tesco.com/groceries/en-GB/products/293417975', 'product_name': 'Marmite Flatbreads 140G', 'product_price': '£ 2.45', 'product_additionals': '£1.75/100g'}, {'shop': 'asda', 'url': 'https://groceries.asda.com/product/1000013420369', 'product_name': 'Marmite Yeast Extract Flatbreads', 'product_price': '£2.45', 'product_additionals': '(£1.75/100g)'}, {'shop': 'sains', 'url': 'https://www.sainsburys.co.uk/shop/gb/groceries/product/details/protein-food-and-bars/maximuscle-promax-restore-millionnaire-shortbread-flavour-60g', 'product_name': 'Maximuscle Promax Protein Bar Millionaires Shortbread 60g', 'product_price': '£2.00', 'product_additionals': '£3.33 / 100g'}, {'shop': 'sains', 'url': 'https://www.sainsburys.co.uk/shop/gb/groceries/product/details/protein-food-and-bars/maximuscle-protein-bar-millionaires-shortbread-flavour-55g', 'product_name': 'MaxiMuscle Protein Bar Millionaires Shortbread Flavour 55g', 'product_price': '£2.50', 'product_additionals': '£4.55 / 100g'}, {'shop': 'sains', 'url': 'https://www.sainsburys.co.uk/shop/gb/groceries/product/details/all-sports-nutrition-/maximuscle-protein-bites-millionaires-shortbread-flavour-110g', 'product_name': 'MaxiMuscle Protein Bites Millionaires Shortbread Flavour 110g', 'product_price': '£4.50', 'product_additionals': '£4.09 / 100g'}, {'shop': 'asda', 'url': 'https://groceries.asda.com/product/1000242811762', 'product_name': "McVitie's Digestives Gingerbread Milk Chocolate Biscuits", 'product_price': '£1.50', 'product_additionals': '(60.0p/100g)'}, {'shop': 'asda', 'url': 'https://groceries.asda.com/product/1000113394406', 'product_name': "McVitie's Mini Gingerbread Men 6 Packs", 'product_price': '£1.00', 'product_additionals': '(87.7p/100g)'}, {'shop': 'sains', 'url': 'https://www.sainsburys.co.uk/shop/gb/groceries/product/details/all-organic-/mestemacher-organic-sunflower-seed-bread', 'product_name': 'Mestemacher Organic Sunflower Seed Bread', 'product_price': '£1.60', 'product_additionals': '32p / 100g'}, {'shop': 'tesco', 'url': 'https://www.tesco.com/groceries/en-GB/products/308094029', 'product_name': 'Mission 6 Plain Pitta Breads', 'product_price': '£ 0.80', 'product_additionals': '£0.13/each'}, {'shop': 'tesco', 'url': 'https://www.tesco.com/groceries/en-GB/products/306932886', 'product_name': 'Molino Pasini Pizza & Focaccia Bread Mix 1000G', 'product_price': '£ 1.70', 'product_additionals': '£1.70/kg'}, {'shop': 'sains', 'url': 'https://www.sainsburys.co.uk/shop/gb/groceries/product/details/all-chicken-44/moy-park-deliciously-dippable-breaded-chicken-nuggets-425g', 'product_name': 'Moy Park Deliciously Dippable Breaded Chicken Nuggets 425g', 'product_price': '£3.00', 'product_additionals': '£7.06 / kg'}, {'shop': 'sains', 'url': 'https://www.sainsburys.co.uk/shop/gb/groceries/product/details/all-chicken-44/moy-park-incredibly-crunchy-breaded-chicken-goujons-430g', 'product_name': 'Moy Park Incredibly Crunchy Breaded Chicken Goujons 430g', 'product_price': '£3.00', 'product_additionals': '£6.98 / kg'}, {'shop': 'asda', 'url': 'https://groceries.asda.com/product/1000052456652', 'product_name': "Nairn's Gluten Free Flatbread Original", 'product_price': '£1.75', 'product_additionals': 'No weight data'}, {'shop': 'asda', 'url': 'https://groceries.asda.com/product/1000052456286', 'product_name': "Nairn's Gluten Free Flatbread Rosemary & Sea Salt", 'product_price': '£1.75', 'product_additionals': 'No weight data'}, {'shop': 'sains', 'url': 'https://www.sainsburys.co.uk/shop/gb/groceries/product/details/gluten-free-crisps-and-savoury-snacks/nairns-gluten-free-flatbread-rosemary---sea-salt-150g', 'product_name': "Nairn's Gluten Free Flatbread Rosemary & Sea Salt 150g", 'product_price': '£1.50', 'product_additionals': '£1.00 / 100g'}, {'shop': 'sains', 'url': 'https://www.sainsburys.co.uk/shop/gb/groceries/product/details/all-gluten-free-food-and-drink/nairns-gluten-free-flatbread-rosemary---sea-salt-150g', 'product_name': "Nairn's Gluten Free Flatbread Rosemary & Sea Salt 150g", 'product_price': '£1.50', 'product_additionals': '£1.00 / 100g'}, {'shop': 'asda', 'url': 'https://groceries.asda.com/product/1000124381797', 'product_name': "Nairn's Gluten Free Flatbreads Caramelised Onion", 'product_price': '£1.75', 'product_additionals': 'No weight data'}, {'shop': 'tesco', 'url': 'https://www.tesco.com/groceries/en-GB/products/301804113', 'product_name': 'Nairns Gluten Free Rosemary & Sea Salt Flatbreads 150G', 'product_price': '£ 1.75', 'product_additionals': '£1.17/100g'}, {'shop': 'tesco', 'url': 'https://www.tesco.com/groceries/en-GB/products/302289949', 'product_name': 'Nishaan Plain Mini Naan Breads 6 Pack 300G', 'product_price': '£ 1.20', 'product_additionals': '£0.40/100g'}, {'shop': 'tesco', 'url': 'https://www.tesco.com/groceries/en-GB/products/307145249', 'product_name': 'Northern Dough Co. Sourdough Bread Dough 440G', 'product_price': '£ 2.50', 'product_additionals': '£0.57/100g'}, {'shop': 'asda', 'url': 'https://groceries.asda.com/product/910001454708', 'product_name': 'Nutella & Go! Hazelnut Spread with Cocoa and Breadsticks Single', 'product_price': '£1.00', 'product_additionals': '(£2.08/100g)'}, {'shop': 'tesco', 'url': 'https://www.tesco.com/groceries/en-GB/products/255335829', 'product_name': 'Organix Gingerbread Men 135G', 'product_price': '£ 2.00', 'product_additionals': '£1.49/100g'}, {'shop': 'asda', 'url': 'https://groceries.asda.com/product/910003258154', 'product_name': 'Organix Goodies Mini Gingerbread Men Biscuits 12+ Months', 'product_price': '£2.20', 'product_additionals': 'No weight data'}, {'shop': 'tesco', 'url': 'https://www.tesco.com/groceries/en-GB/products/266197791', 'product_name': 'Organix Mini Gingerbread Men 5 X 25G', 'product_price': '£ 2.30', 'product_additionals': '£18.40/kg'}, {'shop': 'sains', 'url': 'https://www.sainsburys.co.uk/shop/gb/groceries/product/details/top-rated-44/organix-12m-goodies-mini-gingerbread-men-5x25g', 'product_name': 'Organix Mini Gingerbread Men Biscuits 5x25g', 'product_price': '£2.30', 'product_additionals': '£1.84 / 100g'}, {'shop': 'aldi', 'url': 'https://www.aldi.co.uk/original-rye-crispbread/p/705395401383800', 'product_name': 'Original Rye Crispbread', 'product_price': '0.59', 'product_additionals': '23.6p per 100g'}, {'shop': 'tesco', 'url': 'https://www.tesco.com/groceries/en-GB/products/250523085', 'product_name': 'Pataks Garlic & Coriander Naan Bread 2 Pack', 'product_price': '£ 1.25', 'product_additionals': '£0.62/each'}, {'shop': 'tesco', 'url': 'https://www.tesco.com/groceries/en-GB/products/259170533', 'product_name': 'Pataks Peshwari Naan Bread 2Pack', 'product_price': '£ 1.25', 'product_additionals': '£0.62/each'}, {'shop': 'tesco', 'url': 'https://www.tesco.com/groceries/en-GB/products/250506912', 'product_name': 'Pataks Plain Naan Bread 2 Pack', 'product_price': '£ 1.25', 'product_additionals': '£0.62/each'}, {'shop': 'asda', 'url': 'https://groceries.asda.com/product/910001074965', 'product_name': "Paterson's Clotted Cream Shortbread Fingers", 'product_price': '£1.00', 'product_additionals': 'No weight data'}, {'shop': 'asda', 'url': 'https://groceries.asda.com/product/910000379020', 'product_name': "Paterson's Delicious Shortbread & Biscuit Assortment", 'product_price': '£2.50', 'product_additionals': 'No weight data'}, {'shop': 'asda', 'url': 'https://groceries.asda.com/product/910001075604', 'product_name': "Paterson's Delicious Shortbread & Biscuit Sharing Assortment in a Tray", 'product_price': '£1.00', 'product_additionals': 'No weight data'}, {'shop': 'asda', 'url': 'https://groceries.asda.com/product/910000336274', 'product_name': "Paterson's Shortbread Fingers", 'product_price': '£1.00', 'product_additionals': 'No weight data'}, {'shop': 'tesco', 'url': 'https://www.tesco.com/groceries/en-GB/products/258199403', 'product_name': "Paterson's Shortbread Fingers 380G", 'product_price': '£ 1.00', 'product_additionals': '£0.26/100g'}, {'shop': 'asda', 'url': 'https://groceries.asda.com/product/80785008', 'product_name': 'Paxo Golden Breadcrumbs', 'product_price': '£1.09', 'product_additionals': '(£4.80/kg)'}, {'shop': 'tesco', 'url': 'https://www.tesco.com/groceries/en-GB/products/262106716', 'product_name': 'Paxo Golden Breadcrumbs 227G', 'product_price': '£ 1.10', 'product_additionals': '£4.85/kg'}, {'shop': 'tesco', 'url': 'https://www.tesco.com/groceries/en-GB/products/262106739', 'product_name': 'Paxo Natural Breadcrumbs 227G', 'product_price': '£ 1.10', 'product_additionals': '£4.85/kg'}, {'shop': 'asda', 'url': 'https://groceries.asda.com/product/1000201691532', 'product_name': 'Paxo Southern Fried Breadcrumbs', 'product_price': '£1.00', 'product_additionals': '(50.0p/100g)'}, {'shop': 'tesco', 'url': 'https://www.tesco.com/groceries/en-GB/products/306805663', 'product_name': 'Paxo Southern Fried Breadcrumbs 200G', 'product_price': '£ 1.30', 'product_additionals': '£6.50/kg'}, {'shop': 'sains', 'url': 'https://www.sainsburys.co.uk/shop/gb/groceries/product/details/watch-the-sport/peters-yard-original-sourdough-crispbread-140g', 'product_name': "Peter's Yard Original Sourdough Crispbread 140g", 'product_price': '£2.40', 'product_additionals': '£1.71 / 100g'}, {'shop': 'sains', 'url': 'https://www.sainsburys.co.uk/shop/gb/groceries/product/details/watch-the-sport/peters-yard-sourdough-seeded-flatbreads-135g', 'product_name': "Peter's Yard Seeded Sourdough Flatbreads 135g", 'product_price': '£2.40', 'product_additionals': '£1.92 / 100g'}, {'shop': 'tesco', 'url': 'https://www.tesco.com/groceries/en-GB/products/296844942', 'product_name': 'Polish Bakery Highlander Bread Sourdough 800G', 'product_price': '£ 1.35', 'product_additionals': '£0.17/100g'}, {'shop': 'tesco', 'url': 'https://www.tesco.com/groceries/en-GB/products/263190209', 'product_name': 'Prymat Breadcrumbs 400G', 'product_price': '£ 1.00', 'product_additionals': '£2.50/kg'}, {'shop': 'asda', 'url': 'https://groceries.asda.com/product/910002531302', 'product_name': 'Prymat Breadcumbs', 'product_price': '£1.00', 'product_additionals': '(25.0p/100g)'}, {'shop': 'asda', 'url': 'https://groceries.asda.com/product/1000157579205', 'product_name': 'Quality Street Limited Edition Matchmakers Gingerbread Flavour', 'product_price': '£1.00', 'product_additionals': '(83.3p/100g)'}, {'shop': 'asda', 'url': 'https://groceries.asda.com/product/910000869886', 'product_name': 'Quorn Meat Free Mini Breaded Fillets', 'product_price': '£2.50', 'product_additionals': 'No weight data'}, {'shop': 'asda', 'url': 'https://groceries.asda.com/product/910002299993', 'product_name': "Riya's Lavash Bread", 'product_price': '£1.25', 'product_additionals': 'No weight data'}, {'shop': 'asda', 'url': 'https://groceries.asda.com/product/910002370521', 'product_name': "Riya's Original Recipe 3 Garlic & Coriander Naan Bread", 'product_price': '£1.20', 'product_additionals': '(30.8p/100g)'}, {'shop': 'asda', 'url': 'https://groceries.asda.com/product/910002370522', 'product_name': "Riya's Original Recipe 3 Plain Naan Bread", 'product_price': '£1.20', 'product_additionals': '(30.8p/100g)'}, {'shop': 'asda', 'url': 'https://groceries.asda.com/product/1000128213075', 'product_name': "Riya's Original Recipe Garlic & Coriander Naan Bread", 'product_price': '£1.30', 'product_additionals': 'No weight data'}, {'shop': 'asda', 'url': 'https://groceries.asda.com/product/1000128213084', 'product_name': "Riya's Original Recipe Plain Naan Bread", 'product_price': '£1.30', 'product_additionals': 'No weight data'}, {'shop': 'asda', 'url': 'https://groceries.asda.com/product/1000128213089', 'product_name': "Riya's Original Recipe Spicy Naan Bread", 'product_price': '£1.30', 'product_additionals': 'No weight data'}, {'shop': 'asda', 'url': 'https://groceries.asda.com/product/1483913', 'product_name': 'Roberts Bakery Medium White Bread', 'product_price': '£1.00', 'product_additionals': '(12.5p/100g)'}, {'shop': 'asda', 'url': 'https://groceries.asda.com/product/77752150', 'product_name': 'Roberts Bakery Mega Thick White Bread', 'product_price': '£1.00', 'product_additionals': '(12.5p/100g)'}, {'shop': 'asda', 'url': 'https://groceries.asda.com/product/1483914', 'product_name': 'Roberts Bakery Thick White Bread', 'product_price': '£1.00', 'product_additionals': '(12.5p/100g)'}, {'shop': 'tesco', 'url': 'https://www.tesco.com/groceries/en-GB/products/301012347', 'product_name': 'Ryvita Chia Seed & Buckwheat Protein Crisp Bread 200G', 'product_price': '£ 1.60', 'product_additionals': '£0.80/100g'}, {'shop': 'tesco', 'url': 'https://www.tesco.com/groceries/en-GB/products/266319153', 'product_name': 'Ryvita Cracked Black Pepper Crisp Bread 5X40g', 'product_price': '£ 0.99', 'product_additionals': '£0.50/100g'}, {'shop': 'tesco', 'url': 'https://www.tesco.com/groceries/en-GB/products/254926368', 'product_name': 'Ryvita Crackerbread 200G', 'product_price': '£ 1.19', 'product_additionals': '£0.60/100g'}, {'shop': 'sains', 'url': 'https://www.sainsburys.co.uk/shop/gb/groceries/product/details/200-calories-or-less/ryvita-black-pepper-crispbread-200g', 'product_name': 'Ryvita Crunchy Rye Bread Cracked Black Pepper 5x40g', 'product_price': '£1.60', 'product_additionals': '80p / 100g'}, {'shop': 'sains', 'url': 'https://www.sainsburys.co.uk/shop/gb/groceries/product/details/all-price-lock/ryvita-dark-rye-250g', 'product_name': 'Ryvita Crunchy Rye Bread Dark Rye 250g', 'product_price': '£1.00', 'product_additionals': '40p / 100g'}, {'shop': 'sains', 'url': 'https://www.sainsburys.co.uk/shop/gb/groceries/product/details/200-calories-or-less/ryvita-crispbread--multigrain-250g', 'product_name': 'Ryvita Crunchy Rye Bread Multigrain 6 x40g', 'product_price': '£1.00', 'product_additionals': '40p / 100g'}, {'shop': 'sains', 'url': 'https://www.sainsburys.co.uk/shop/gb/groceries/product/details/new-trending-special-offers/ryvita-crispbread--multigrain-250g', 'product_name': 'Ryvita Crunchy Rye Bread Multigrain 6 x40g', 'product_price': '£1.00', 'product_additionals': '40p / 100g'}, {'shop': 'sains', 'url': 'https://www.sainsburys.co.uk/shop/gb/groceries/product/details/200-calories-or-less/ryvita-crispbread--sesame-seed-250g', 'product_name': 'Ryvita Crunchy Rye Bread Sesame 6x40g', 'product_price': '£1.00', 'product_additionals': '40p / 100g'}, {'shop': 'tesco', 'url': 'https://www.tesco.com/groceries/en-GB/products/256001031', 'product_name': 'Ryvita Dark Rye Crisp Bread 250G', 'product_price': '£ 1.19', 'product_additionals': '£0.48/100g'}, {'shop': 'asda', 'url': 'https://groceries.asda.com/product/8667410', 'product_name': 'Ryvita Dark Rye Crispbread', 'product_price': '£1.19', 'product_additionals': '(47.6p/100g)'}, {'shop': 'asda', 'url': 'https://groceries.asda.com/product/910002492963', 'product_name': 'Ryvita Deli Cracked Black Pepper Rye Crispbread', 'product_price': '£1.59', 'product_additionals': '(79.5p/100g)'}, {'shop': 'asda', 'url': 'https://groceries.asda.com/product/910002492316', 'product_name': 'Ryvita Deli Pumpkin Seeds & Oats Rye Crispbread', 'product_price': '£1.59', 'product_additionals': '(79.5p/100g)'}, {'shop': 'asda', 'url': 'https://groceries.asda.com/product/910002493093', 'product_name': 'Ryvita Deli Sweet Onion Rye Crispbread 5 Packs of 4 Crispbreads', 'product_price': '£1.59', 'product_additionals': '(79.5p/100g)'}, {'shop': 'tesco', 'url': 'https://www.tesco.com/groceries/en-GB/products/261212413', 'product_name': 'Ryvita Fruit Crunch Crisp Bread 200G', 'product_price': '£ 0.99', 'product_additionals': '£0.50/100g'}, {'shop': 'asda', 'url': 'https://groceries.asda.com/product/910000471904', 'product_name': 'Ryvita Fruit Crunch Crispbread', 'product_price': '£1.59', 'product_additionals': '(79.5p/100g)'}, {'shop': 'asda', 'url': 'https://groceries.asda.com/product/1000065970538', 'product_name': 'Ryvita Multigrain Crunchy Rye Breads', 'product_price': '£1.25', 'product_additionals': '(50.0p/100g)'}, {'shop': 'tesco', 'url': 'https://www.tesco.com/groceries/en-GB/products/251107559', 'product_name': 'Ryvita Multigrain Rye Bread 250G', 'product_price': '£ 1.25', 'product_additionals': '£0.50/100g'}, {'shop': 'asda', 'url': 'https://groceries.asda.com/product/19839', 'product_name': 'Ryvita Original Crackerbread', 'product_price': '£1.19', 'product_additionals': '(59.5p/100g)'}, {'shop': 'tesco', 'url': 'https://www.tesco.com/groceries/en-GB/products/256001296', 'product_name': 'Ryvita Original Crisp Bread 250G', 'product_price': '£ 1.19', 'product_additionals': '£0.48/100g'}, {'shop': 'asda', 'url': 'https://groceries.asda.com/product/8667409', 'product_name': 'Ryvita Original Crispbread', 'product_price': '£1.19', 'product_additionals': '(47.6p/100g)'}, {'shop': 'asda', 'url': 'https://groceries.asda.com/product/1000134959119', 'product_name': 'Ryvita Protein Chia Seed & Buckwheat Crispbreads', 'product_price': '£1.59', 'product_additionals': '(79.5p/100g)'}, {'shop': 'tesco', 'url': 'https://www.tesco.com/groceries/en-GB/products/255269055', 'product_name': 'Ryvita Pumpkin & Oats Crisp Bread 4X50g', 'product_price': '£ 0.99', 'product_additionals': '£0.50/100g'}, {'shop': 'tesco', 'url': 'https://www.tesco.com/groceries/en-GB/products/254926420', 'product_name': 'Ryvita Sesame Crisp Bread 250G', 'product_price': '£ 1.25', 'product_additionals': '£0.50/100g'}, {'shop': 'asda', 'url': 'https://groceries.asda.com/product/1000065970374', 'product_name': 'Ryvita Simply Sesame Crunchy Rye Breads', 'product_price': '£1.25', 'product_additionals': '(50.0p/100g)'}, {'shop': 'asda', 'url': 'https://groceries.asda.com/product/910002492675', 'product_name': 'Ryvita Thins Caramelised Onion Flatbreads', 'product_price': '£1.00', 'product_additionals': '(80.0p/100g)'}, {'shop': 'asda', 'url': 'https://groceries.asda.com/product/910000421309', 'product_name': 'Ryvita Thins Cheddar and Cracked Black Pepper Flatbread', 'product_price': '£1.00', 'product_additionals': '(80.0p/100g)'}, {'shop': 'asda', 'url': 'https://groceries.asda.com/product/78840573', 'product_name': 'Ryvita Thins Multi-Seed Flatbreads', 'product_price': '£1.00', 'product_additionals': '(80.0p/100g)'}, {'shop': 'asda', 'url': 'https://groceries.asda.com/product/1000134959115', 'product_name': 'Ryvita Thins Rosemary & Sea Salt Flatbreads', 'product_price': '£1.00', 'product_additionals': '(80.0p/100g)'}, {'shop': 'asda', 'url': 'https://groceries.asda.com/product/910000254290', 'product_name': 'Ryvita Thins Sweet Chilli Flatbreads', 'product_price': '£1.00', 'product_additionals': '(80.0p/100g)'}, {'shop': 'asda', 'url': 'https://groceries.asda.com/product/910003108937', 'product_name': 'Ryvita Thins Three Cheese Flatbreads', 'product_price': '£1.00', 'product_additionals': '(80.0p/100g)'}, {'shop': 'tesco', 'url': 'https://www.tesco.com/groceries/en-GB/products/263232582', 'product_name': 'Ryvita Whole- Grain Cracker- Bread 125G', 'product_price': '£ 1.19', 'product_additionals': '£0.95/100g'}, {'shop': 'asda', 'url': 'https://groceries.asda.com/product/910000033515', 'product_name': 'Ryvita Wholegrain Crackerbread', 'product_price': '£1.19', 'product_additionals': '(95.2p/100g)'}, {'shop': 'sains', 'url': 'https://www.sainsburys.co.uk/shop/gb/groceries/product/details/taste-the-difference-meat-fish/sainsburys-breaded-air-dried-ham-finely-sliced--taste-the-difference-120g', 'product_name': "Sainsbury's Air Dried Breaded Finely Sliced Ham, Taste the Difference 120g", 'product_price': '£2.75', 'product_additionals': '£2.29 / 100g'}, {'shop': 'sains', 'url': 'https://www.sainsburys.co.uk/shop/gb/groceries/product/details/all-ham--deli-meats---dips/sainsburys-breaded-air-dried-ham-finely-sliced--taste-the-difference-120g', 'product_name': "Sainsbury's Air Dried Breaded Finely Sliced Ham, Taste the Difference 120g", 'product_price': '£2.75', 'product_additionals': '£2.29 / 100g'}, {'shop': 'sains', 'url': 'https://www.sainsburys.co.uk/shop/gb/groceries/product/details/all-gifting/sainsburys-all-butter-shortbread-assortment-tin-240g', 'product_name': "Sainsbury's All Butter Shortbread Assortment Tin 240g", 'product_price': '£4.50', 'product_additionals': '£1.88 / 100g'}, {'shop': 'sains', 'url': 'https://www.sainsburys.co.uk/shop/gb/groceries/product/details/all-chicken-44/sainsburys-breaded-british-chicken-burgers-x2-230g', 'product_name': "Sainsbury's Breaded British Chicken Burgers x2 230g", 'product_price': '£2.00', 'product_additionals': '£8.70 / kg'}, {'shop': 'sains', 'url': 'https://www.sainsburys.co.uk/shop/gb/groceries/product/details/snacking-and-lunchbox-cheeses/sainsburys-breaded-camembert--taste-the-difference-x2-200g', 'product_name': "Sainsbury's Breaded Camembert Cheese, Taste the Difference x2 200g", 'product_price': '£2.50', 'product_additionals': '£12.50 / kg'}, {'shop': 'sains', 'url': 'https://www.sainsburys.co.uk/shop/gb/groceries/product/details/speciality-and-continental-cheeses/sainsburys-breaded-camembert--taste-the-difference-x2-200g', 'product_name': "Sainsbury's Breaded Camembert Cheese, Taste the Difference x2 200g", 'product_price': '£2.50', 'product_additionals': '£12.50 / kg'}, {'shop': 'sains', 'url': 'https://www.sainsburys.co.uk/shop/gb/groceries/product/details/meatandfish-essentials/sainsburys-breaded-chicken-fillets-x2-350g', 'product_name': "Sainsbury's Breaded Chicken Breast Fillets x2 350g", 'product_price': '£2.50', 'product_additionals': '£7.14 / kg'}, {'shop': 'sains', 'url': 'https://www.sainsburys.co.uk/shop/gb/groceries/product/details/all-chicken-44/sainsburys-breaded-chicken-fillets-x2-350g', 'product_name': "Sainsbury's Breaded Chicken Breast Fillets x2 350g", 'product_price': '£2.50', 'product_additionals': '£7.14 / kg'}, {'shop': 'sains', 'url': 'https://www.sainsburys.co.uk/shop/gb/groceries/product/details/taste-the-difference-meat-fish/sainsburys-breaded-chunky-cod--taste-the-difference-x2-350g', 'product_name': "Sainsbury's Breaded Chunky Cod, Taste the Difference x2 350g", 'product_price': '£3.50', 'product_additionals': '£10.00 / kg'}, {'shop': 'sains', 'url': 'https://www.sainsburys.co.uk/shop/gb/groceries/product/details/sustainable-seafood/sainsburys-breaded-cod-fillets-x2-300g', 'product_name': "Sainsbury's Breaded Cod Whole Fillets x2 300g", 'product_price': '£3.00', 'product_additionals': '£10.00 / kg'}, {'shop': 'sains', 'url': 'https://www.sainsburys.co.uk/shop/gb/groceries/product/details/sustainable-seafood/sainsburys-breaded-haddock-fillets-x2-300g', 'product_name': "Sainsbury's Breaded Haddock Whole Fillets x2 300g", 'product_price': '£3.00', 'product_additionals': '£10.00 / kg'}, {'shop': 'sains', 'url': 'https://www.sainsburys.co.uk/shop/gb/groceries/product/details/fresh-pizza-and-pasta-and-garlic-bread/sainsburys-breaded-mushrooms-350g-8032606-p-44', 'product_name': "Sainsbury's Breaded Mushrooms 350g", 'product_price': '£2.50', 'product_additionals': '£7.14 / kg'}, {'shop': 'sains', 'url': 'https://www.sainsburys.co.uk/shop/gb/groceries/product/details/big-night-in/sainsburys-breaded-mushrooms-350g', 'product_name': "Sainsbury's Breaded Mushrooms Takeaway Sides 350g", 'product_price': '£2.50', 'product_additionals': '£7.14 / kg'}, {'shop': 'sains', 'url': 'https://www.sainsburys.co.uk/shop/gb/groceries/product/details/fresh-pizza-and-pasta-and-garlic-bread/sainsburys-breaded-mushrooms-350g', 'product_name': "Sainsbury's Breaded Mushrooms Takeaway Sides 350g", 'product_price': '£2.50', 'product_additionals': '£7.14 / kg'}, {'shop': 'sains', 'url': 'https://www.sainsburys.co.uk/shop/gb/groceries/product/details/easter-special-offers/sainsburys-breaded-plaice-fillets-x2-260g', 'product_name': "Sainsbury's Breaded Plaice Fillets x2 260g", 'product_price': '£2.50', 'product_additionals': '£9.62 / kg'}, {'shop': 'sains', 'url': 'https://www.sainsburys.co.uk/shop/gb/groceries/product/details/cod---white-fish/sainsburys-breaded-plaice-fillets-x2-300g', 'product_name': "Sainsbury's Breaded Plaice Fillets x2 300g", 'product_price': '£3.00', 'product_additionals': '£10.00 / kg'}, {'shop': 'sains', 'url': 'https://www.sainsburys.co.uk/shop/gb/groceries/product/details/all-price-lock/sainsburys-breaded-plaice-fillets-x2-300g', 'product_name': "Sainsbury's Breaded Plaice Fillets x2 300g", 'product_price': '£3.00', 'product_additionals': '£10.00 / kg'}, {'shop': 'sains', 'url': 'https://www.sainsburys.co.uk/shop/gb/groceries/product/details/all-ham--deli-meats---dips/sainsburys-breaded-yorkshire-ham--taste-the-difference-120g-7732081-p-44', 'product_name': "Sainsbury's Breaded Yorkshire Ham, Taste the Difference 120g", 'product_price': '£2.75', 'product_additionals': '£2.29 / 100g'}, {'shop': 'sains', 'url': 'https://www.sainsburys.co.uk/shop/gb/groceries/product/details/meatandfish-essentials/sainsburys-breaded-yorkshire-ham--taste-the-difference-120g-7732081-p-44', 'product_name': "Sainsbury's Breaded Yorkshire Ham, Taste the Difference 120g", 'product_price': '£2.75', 'product_additionals': '£2.29 / 100g'}, {'shop': 'sains', 'url': 'https://www.sainsburys.co.uk/shop/gb/groceries/product/details/ham/sainsburys-breaded-yorkshire-ham--taste-the-difference-120g-7732081-p-44', 'product_name': "Sainsbury's Breaded Yorkshire Ham, Taste the Difference 120g", 'product_price': '£2.75', 'product_additionals': '£2.29 / 100g'}, {'shop': 'sains', 'url': 'https://www.sainsburys.co.uk/shop/gb/groceries/product/details/sunday-lunch/sainsburys-brioche-bread---butter-pud--taste-the-difference-535g', 'product_name': "Sainsbury's Brioche Bread & Butter Pudding Dessert, Taste the Difference 535g", 'product_price': '£4.00', 'product_additionals': '75p / 100g'}, {'shop': 'sains', 'url': 'https://www.sainsburys.co.uk/shop/gb/groceries/product/details/top-rated-44/sainsburys-brioche-bread---butter-pud--taste-the-difference-535g', 'product_name': "Sainsbury's Brioche Bread & Butter Pudding Dessert, Taste the Difference 535g", 'product_price': '£4.00', 'product_additionals': '75p / 100g'}, {'shop': 'sains', 'url': 'https://www.sainsburys.co.uk/shop/gb/groceries/product/details/all-mothers-day/sainsburys-brioche-bread---butter-pud--taste-the-difference-535g', 'product_name': "Sainsbury's Brioche Bread & Butter Pudding Dessert, Taste the Difference 535g", 'product_price': '£4.00', 'product_additionals': '75p / 100g'}, {'shop': 'sains', 'url': 'https://www.sainsburys.co.uk/shop/gb/groceries/product/details/special-offers-/sainsburys-brioche-bread---butter-pud--taste-the-difference-535g', 'product_name': "Sainsbury's Brioche Bread & Butter Pudding Dessert, Taste the Difference 535g", 'product_price': '£4.00', 'product_additionals': '75p / 100g'}, {'shop': 'sains', 'url': 'https://www.sainsburys.co.uk/shop/gb/groceries/product/details/meat-fish-bigger-packs/sainsburys-breaded-ham-family-size-375g', 'product_name': "Sainsbury's British Breaded Carvery Ham 375g, x12 Slices", 'product_price': '£3.50', 'product_additionals': '93p / 100g'}, {'shop': 'sains', 'url': 'https://www.sainsburys.co.uk/shop/gb/groceries/product/details/dairy-and-chilled-essentials/sainsburys-british-breaded-ham-120g', 'product_name': "Sainsbury's British Breaded Ham 120g x7, Slices", 'product_price': '£1.75', 'product_additionals': '£1.46 / 100g'}, {'shop': 'sains', 'url': 'https://www.sainsburys.co.uk/shop/gb/groceries/product/details/first-shop-essentials/sainsburys-breaded-ham-240g', 'product_name': "Sainsbury's British Breaded Ham 240g, x14 Slices", 'product_price': '£2.25', 'product_additionals': '94p / 100g'}, {'shop': 'sains', 'url': 'https://www.sainsburys.co.uk/shop/gb/groceries/product/details/all-ham--deli-meats---dips/sainsburys-breaded-ham-240g', 'product_name': "Sainsbury's British Breaded Ham 240g, x14 Slices", 'product_price': '£2.25', 'product_additionals': '94p / 100g'}, {'shop': 'sains', 'url': 'https://www.sainsburys.co.uk/shop/gb/groceries/product/details/meatandfish-essentials/sainsburys-breaded-ham-240g', 'product_name': "Sainsbury's British Breaded Ham 240g, x14 Slices", 'product_price': '£2.25', 'product_additionals': '94p / 100g'}, {'shop': 'sains', 'url': 'https://www.sainsburys.co.uk/shop/gb/groceries/product/details/ham/sainsburys-breaded-ham-240g', 'product_name': "Sainsbury's British Breaded Ham 240g, x14 Slices", 'product_price': '£2.25', 'product_additionals': '94p / 100g'}, {'shop': 'sains', 'url': 'https://www.sainsburys.co.uk/shop/gb/groceries/product/details/ham/sainsburys-british-breaded-ham--be-good-to-yourself-100g', 'product_name': "Sainsbury's British Breaded Ham, Be Good To Yourself 100g, x5 Slices", 'product_price': '£1.75', 'product_additionals': '£1.75 / 100g'}, {'shop': 'sains', 'url': 'https://www.sainsburys.co.uk/shop/gb/groceries/product/details/ham/sainsburys-breaded-thick-cut-ham-120g', 'product_name': "Sainsbury's British Breaded Thick Cut Ham 120g, x4 Slices", 'product_price': '£1.50', 'product_additionals': '£1.25 / 100g'}, {'shop': 'sains', 'url': 'https://www.sainsburys.co.uk/shop/gb/groceries/product/details/all-ham--deli-meats---dips/sainsburys-breaded-thick-cut-ham-120g', 'product_name': "Sainsbury's British Breaded Thick Cut Ham 120g, x4 Slices", 'product_price': '£1.50', 'product_additionals': '£1.25 / 100g'}, {'shop': 'sains', 'url': 'https://www.sainsburys.co.uk/shop/gb/groceries/product/details/meatandfish-essentials/sainsburys-breaded-wiltshire-cured-ham--taste-the-difference-120g', 'product_name': "Sainsbury's British Breaded Wiltshire Cured Ham, Taste the Difference 120g", 'product_price': '£2.00', 'product_additionals': '£1.67 / 100g'}, {'shop': 'sains', 'url': 'https://www.sainsburys.co.uk/shop/gb/groceries/product/details/cooked-meats-deli-and-dips-special-offers/sainsburys-breaded-wiltshire-cured-ham--taste-the-difference-120g', 'product_name': "Sainsbury's British Breaded Wiltshire Cured Ham, Taste the Difference 120g", 'product_price': '£2.00', 'product_additionals': '£1.67 / 100g'}, {'shop': 'sains', 'url': 'https://www.sainsburys.co.uk/shop/gb/groceries/product/details/pizza-pasta-garlic-bread-special-offers/sainsburys-cheese-garlic-flatbread-224g', 'product_name': "Sainsbury's Cheese & Garlic Flatbread 224g", 'product_price': '£1.20', 'product_additionals': '53p / 100g'}, {'shop': 'sains', 'url': 'https://www.sainsburys.co.uk/shop/gb/groceries/product/details/meals-for-tonight/sainsburys-cheese-garlic-flatbread-224g', 'product_name': "Sainsbury's Cheese & Garlic Flatbread 224g", 'product_price': '£1.20', 'product_additionals': '53p / 100g'}, {'shop': 'sains', 'url': 'https://www.sainsburys.co.uk/shop/gb/groceries/product/details/all-price-lock/sainsburys-ciabatta-bread-mix--taste-the-difference-500g', 'product_name': "Sainsbury's Ciabatta Bread Mix, Taste the Difference 500g", 'product_price': '£1.00', 'product_additionals': '£2.00 / kg'}, {'shop': 'sains', 'url': 'https://www.sainsburys.co.uk/shop/gb/groceries/product/details/all-fish-seafood/sainsburys-freefrom-breaded-cod-300g', 'product_name': "Sainsbury's Deliciously Free From Breaded Cod 300g", 'product_price': '£3.50', 'product_additionals': '£1.17 / 100g'}, {'shop': 'sains', 'url': 'https://www.sainsburys.co.uk/shop/gb/groceries/product/details/cod---white-fish/sainsburys-freefrom-breaded-cod-300g', 'product_name': "Sainsbury's Deliciously Free From Breaded Cod 300g", 'product_price': '£3.50', 'product_additionals': '£1.17 / 100g'}, {'shop': 'sains', 'url': 'https://www.sainsburys.co.uk/shop/gb/groceries/product/details/gluten-free-biscuits-and-chocolates/sainsburys-freefrom-gingerbread-man-32g', 'product_name': "Sainsbury's Deliciously Free From Gingerbread Man 32g", 'product_price': '£1.00', 'product_additionals': '£3.13 / 100g'}, {'shop': 'sains', 'url': 'https://www.sainsburys.co.uk/shop/gb/groceries/product/details/all-gluten-free-food-and-drink/sainsburys-freefrom-white-loaf-535g', 'product_name': "Sainsbury's Deliciously Free From Gluten Free White Bread 535g", 'product_price': '£1.80', 'product_additionals': '34p / 100g'}, {'shop': 'sains', 'url': 'https://www.sainsburys.co.uk/shop/gb/groceries/product/details/all-gluten-free-food-and-drink/sainsburys-freefrom-shortbread-200g', 'product_name': "Sainsbury's Deliciously Free From Shortbread 200g", 'product_price': '£1.50', 'product_additionals': '75p / 100g'}, {'shop': 'sains', 'url': 'https://www.sainsburys.co.uk/shop/gb/groceries/product/details/price-lock-bakery/sainsburys-farmhouse-loaf-white-bread-800g-6504660-p', 'product_name': "Sainsbury's Farmhouse Loaf White Bread 800g", 'product_price': '£1.10', 'product_additionals': '14p / 100g'}, {'shop': 'sains', 'url': 'https://www.sainsburys.co.uk/shop/gb/groceries/product/details/sustainable-seafood/sainsburys-formed-breaded-haddock-300g', 'product_name': "Sainsbury's Formed Breaded Haddock 300g", 'product_price': '£1.95', 'product_additionals': '£6.50 / kg'}, {'shop': 'sains', 'url': 'https://www.sainsburys.co.uk/shop/gb/groceries/product/details/pizza-pasta-garlic-bread-special-offers/sainsburys-garlic-flatbread-210g', 'product_name': "Sainsbury's Garlic Flatbread 210g", 'product_price': '£1.20', 'product_additionals': '57p / 100g'}, {'shop': 'sains', 'url': 'https://www.sainsburys.co.uk/shop/gb/groceries/product/details/all-ready-meals-/sainsburys-garlic-flatbread--taste-the-difference-195g', 'product_name': "Sainsbury's Garlic Flatbread, Taste the Difference 195g", 'product_price': '£2.25', 'product_additionals': '£1.15 / 100g'}, {'shop': 'sains', 'url': 'https://www.sainsburys.co.uk/shop/gb/groceries/product/details/price-lock-bakery/sainsburys-giraffe-bread-tiger-800g', 'product_name': "Sainsbury's Giraffe Bread (Tiger) 800g", 'product_price': '£1.10', 'product_additionals': '14p / 100g'}, {'shop': 'sains', 'url': 'https://www.sainsburys.co.uk/shop/gb/groceries/product/details/new-355373-44/sainsburys-home-gingerbread-silicone-cookie-cutter-x3-125365951-p', 'product_name': "Sainsbury's Home Gingerbread Silicone Cookie Cutter x3", 'product_price': '£4.50', 'product_additionals': '£4.50 / ea'}, {'shop': 'sains', 'url': 'https://www.sainsburys.co.uk/shop/gb/groceries/product/details/special-offers-/sainsburys-kalamata-olive-bread-taste-the-difference-400g-6767562-p', 'product_name': "Sainsbury's Kalamata Olive Bread Taste the Difference 400g", 'product_price': '£1.70', 'product_additionals': '43p / 100g'}, {'shop': 'sains', 'url': 'https://www.sainsburys.co.uk/shop/gb/groceries/product/details/price-lock-bakery/sainsburys-mini-gingerbread-men-x30', 'product_name': "Sainsbury's Mini Gingerbread Men x30", 'product_price': '£1.50', 'product_additionals': '5p / ea'}, {'shop': 'sains', 'url': 'https://www.sainsburys.co.uk/shop/gb/groceries/product/details/all-chicken-44/sainsburys-plain-breaded-british-chicken-pop-selection-300g', 'product_name': "Sainsbury's Plain Breaded British Chicken Pop Selection 300g", 'product_price': '£2.75', 'product_additionals': '£9.17 / kg'}, {'shop': 'sains', 'url': 'https://www.sainsburys.co.uk/shop/gb/groceries/product/details/all-price-lock/sainsburys-sandwich-loaf-white-bread-800g-6539298-p', 'product_name': "Sainsbury's Sandwich Loaf White Bread 800g", 'product_price': '£1.10', 'product_additionals': '14p / 100g'}, {'shop': 'sains', 'url': 'https://www.sainsburys.co.uk/shop/gb/groceries/product/details/all-fish-seafood/sainsburys-smoked-haddock-with-cheese---chive-400g', 'product_name': "Sainsbury's Smoked Haddock Fillets with Cheese & Breadcrumb Topping x2 400g", 'product_price': '£3.75', 'product_additionals': '£9.87 / kg'}, {'shop': 'sains', 'url': 'https://www.sainsburys.co.uk/shop/gb/groceries/product/details/special-offers-/sainsburys-multi-seeded-wholemeal-bread--taste-the-difference-800g', 'product_name': "Sainsbury's Soft Multiseed Farmhouse Thick Sliced Wholemeal Bread, Taste the Difference 800g", 'product_price': '£1.10', 'product_additionals': '14p / 100g'}, {'shop': 'sains', 'url': 'https://www.sainsburys.co.uk/shop/gb/groceries/product/details/breakfastbrunch/sainsburys-sourdough-bread--taste-the-difference-400g', 'product_name': "Sainsbury's Sourdough Medium Sliced White Bread, Taste the Difference 400g", 'product_price': '£1.50', 'product_additionals': '38p / 100g'}, {'shop': 'sains', 'url': 'https://www.sainsburys.co.uk/shop/gb/groceries/product/details/special-offers-/sainsburys-sourdough-bread--taste-the-difference-400g', 'product_name': "Sainsbury's Sourdough Medium Sliced White Bread, Taste the Difference 400g", 'product_price': '£1.50', 'product_additionals': '38p / 100g'}, {'shop': 'sains', 'url': 'https://www.sainsburys.co.uk/shop/gb/groceries/product/details/breakfast-in-bed/sainsburys-sourdough-bread--taste-the-difference-400g', 'product_name': "Sainsbury's Sourdough Medium Sliced White Bread, Taste the Difference 400g", 'product_price': '£1.50', 'product_additionals': '38p / 100g'}, {'shop': 'sains', 'url': 'https://www.sainsburys.co.uk/shop/gb/groceries/product/details/all-chicken-44/sainsburys-southern-fried-breast-fillet-320g', 'product_name': "Sainsbury's Southern Fried Breaded Chicken Breast Fillets x2 315g", 'product_price': '£3.00', 'product_additionals': '£9.52 / kg'}, {'shop': 'sains', 'url': 'https://www.sainsburys.co.uk/shop/gb/groceries/product/details/meatandfish-essentials/sainsburys-southern-fried-breast-fillet-320g', 'product_name': "Sainsbury's Southern Fried Breaded Chicken Breast Fillets x2 315g", 'product_price': '£3.00', 'product_additionals': '£9.52 / kg'}, {'shop': 'sains', 'url': 'https://www.sainsburys.co.uk/shop/gb/groceries/product/details/all-chicken-44/sainsburys-southern-fried-breaded-goujons-350g', 'product_name': "Sainsbury's Southern Fried Breaded Chicken Goujons 325g", 'product_price': '£2.05', 'product_additionals': '£6.31 / kg'}, {'shop': 'sains', 'url': 'https://www.sainsburys.co.uk/shop/gb/groceries/product/details/price-lock-bakery/sainsburys-split-tin-white-bread-800g-6539339-p', 'product_name': "Sainsbury's Split Tin White Bread 800g", 'product_price': '£1.10', 'product_additionals': '14p / 100g'}, {'shop': 'sains', 'url': 'https://www.sainsburys.co.uk/shop/gb/groceries/product/details/all-easter-/sainsburys-strong-white-bread-flour--unbleached-15kg', 'product_name': "Sainsbury's Strong White Unbleached Bread Flour 1.5kg", 'product_price': '£1.05', 'product_additionals': '70p / kg'}, {'shop': 'sains', 'url': 'https://www.sainsburys.co.uk/shop/gb/groceries/product/details/easter-special-offers/sainsburys-strong-white-bread-flour--unbleached-15kg', 'product_name': "Sainsbury's Strong White Unbleached Bread Flour 1.5kg", 'product_price': '£1.05', 'product_additionals': '70p / kg'}, {'shop': 'sains', 'url': 'https://www.sainsburys.co.uk/shop/gb/groceries/product/details/first-shop-essentials/sainsburys-strong-white-bread-flour--unbleached-15kg', 'product_name': "Sainsbury's Strong White Unbleached Bread Flour 1.5kg", 'product_price': '£1.05', 'product_additionals': '70p / kg'}, {'shop': 'sains', 'url': 'https://www.sainsburys.co.uk/shop/gb/groceries/product/details/all-fish-seafood/sainsburys-sweet-chilli-breaded-prawns-180g', 'product_name': "Sainsbury's Sweet Chilli Breaded Prawns 180g", 'product_price': '£2.75', 'product_additionals': '£1.53 / 100g'}, {'shop': 'sains', 'url': 'https://www.sainsburys.co.uk/shop/gb/groceries/product/details/all-price-lock/sainsburys-thick-sliced-wholemeal-bread-800g', 'product_name': "Sainsbury's Thick Sliced Wholemeal Bread 800g", 'product_price': '55p', 'product_additionals': '7p / 100g'}, {'shop': 'sains', 'url': 'https://www.sainsburys.co.uk/shop/gb/groceries/product/details/vegan-food/sainsburys-toastie-sliced-white-bread-400g', 'product_name': "Sainsbury's Toastie Sliced White Bread 400g", 'product_price': '50p', 'product_additionals': '13p / 100g'}, {'shop': 'sains', 'url': 'https://www.sainsburys.co.uk/shop/gb/groceries/product/details/vegan-food/sainsburys-toastie-extra-thick-sliced-white-bread-800g', 'product_name': "Sainsbury's Toastie Thick Sliced White Bread 800g", 'product_price': '55p', 'product_additionals': '7p / 100g'}, {'shop': 'sains', 'url': 'https://www.sainsburys.co.uk/shop/gb/groceries/product/details/all-organic-/sainsburys-white-bread-so-organic-400g-7559875-p', 'product_name': "Sainsbury's White Bread SO Organic 400g", 'product_price': '95p', 'product_additionals': '24p / 100g'}, {'shop': 'tesco', 'url': 'https://www.tesco.com/groceries/en-GB/products/268890894', 'product_name': 'Schar Crisp Bread 150G', 'product_price': '£ 1.30', 'product_additionals': '£0.87/100g'}, {'shop': 'asda', 'url': 'https://groceries.asda.com/product/1000051700154', 'product_name': 'Schar Gluten Free Fibre Crispbread', 'product_price': '£1.50', 'product_additionals': 'No weight data'}, {'shop': 'sains', 'url': 'https://www.sainsburys.co.uk/shop/gb/groceries/product/details/vegetarian-food/ds-breadsticks--gluten-free-150g', 'product_name': 'Schar Gluten Free Grissini Breadsticks 3x50g', 'product_price': '£2.50', 'product_additionals': '£1.67 / 100g'}, {'shop': 'asda', 'url': 'https://groceries.asda.com/product/1000240388819', 'product_name': 'Schar Gluten Free Super White Sandwich Bread', 'product_price': '£2.00', 'product_additionals': 'No weight data'}, {'shop': 'asda', 'url': 'https://groceries.asda.com/product/1548932', 'product_name': 'Scheider Bro Organic Rye Bread With Sunflower Seeds', 'product_price': '£1.58', 'product_additionals': 'No weight data'}, {'shop': 'asda', 'url': 'https://groceries.asda.com/product/910003058887', 'product_name': 'Schneider Brot Protein Bread', 'product_price': '£1.56', 'product_additionals': '(62.4p/100g)'}, {'shop': 'asda', 'url': 'https://groceries.asda.com/product/1000121694555', 'product_name': 'Schneider Brot Rye Bread', 'product_price': '£1.30', 'product_additionals': '(26.0p/100g)'}, {'shop': 'asda', 'url': 'https://groceries.asda.com/product/39588', 'product_name': 'Schwartz Luxury Bread Sauce Mix', 'product_price': '£0.85', 'product_additionals': '(£2.12/100g)'}, {'shop': 'aldi', 'url': 'https://www.aldi.co.uk/sesame-crispbread/p/705396401384000', 'product_name': 'Sesame Crispbread', 'product_price': '0.59', 'product_additionals': '23.6p per 100g'}, {'shop': 'asda', 'url': 'https://groceries.asda.com/product/19567', 'product_name': "Sharwood's 2 Flame Baked Plain Naan Bread", 'product_price': '£1.00', 'product_additionals': '(38.5p/100g)'}, {'shop': 'tesco', 'url': 'https://www.tesco.com/groceries/en-GB/products/308482988', 'product_name': 'Simplycook Lamb Kofta Flatbread Recipe Kit 65G', 'product_price': '£ 2.50', 'product_additionals': '£3.85/100g'}, {'shop': 'aldi', 'url': 'https://www.aldi.co.uk/soft-white-thick-bread/p/701827332875700', 'product_name': 'Soft White Thick Bread', 'product_price': '1.10', 'product_additionals': '13.8p per 100g'}, {'shop': 'aldi', 'url': 'https://www.aldi.co.uk/stonebaked-flatbread-chicken-%26-mango/p/705761383096600', 'product_name': 'Stonebaked Flatbread Chicken & Mango', 'product_price': '1.75', 'product_additionals': '44.9p per 100g'}, {'shop': 'tesco', 'url': 'https://www.tesco.com/groceries/en-GB/products/286242984', 'product_name': 'T.Sunblush Tomato Tomato & Garlic Flatbread 235G', 'product_price': '£ 1.60', 'product_additionals': '£0.68/100g'}, {'shop': 'asda', 'url': 'https://groceries.asda.com/product/1000078311469', 'product_name': 'Tassimo 8 Costa Gingerbread Latte Coffee Pods', 'product_price': '£3.99', 'product_additionals': '(£1.47/100g)'}, {'shop': 'tesco', 'url': 'https://www.tesco.com/groceries/en-GB/products/308110957', 'product_name': 'Tesco 10 Mini Easter Gingerbread Men', 'product_price': '£ 1.00', 'product_additionals': '£0.10/each'}, {'shop': 'tesco', 'url': 'https://www.tesco.com/groceries/en-GB/products/281260313', 'product_name': 'Tesco 2 Breaded Chicken Breast Fillets 350', 'product_price': '£ 3.00', 'product_additionals': '£8.58/kg'}, {'shop': 'tesco', 'url': 'https://www.tesco.com/groceries/en-GB/products/271523387', 'product_name': 'Tesco 2 Breaded Chunky Cod Fillets 350G', 'product_price': '£ 3.50', 'product_additionals': '£10.00/kg'}, {'shop': 'tesco', 'url': 'https://www.tesco.com/groceries/en-GB/products/271529162', 'product_name': 'Tesco 2 Breaded Chunky Haddock Fillets 350G', 'product_price': '£ 3.50', 'product_additionals': '£10.00/kg'}, {'shop': 'tesco', 'url': 'https://www.tesco.com/groceries/en-GB/products/304381123', 'product_name': 'Tesco 2 Breaded Cod Fillets 300G', 'product_price': '£ 2.75', 'product_additionals': '£9.17/kg'}, {'shop': 'tesco', 'url': 'https://www.tesco.com/groceries/en-GB/products/259208151', 'product_name': 'Tesco 2 Pack Bread & Butter Pudding 2 X 120G', 'product_price': '£ 2.00', 'product_additionals': '£0.83/100g'}, {'shop': 'tesco', 'url': 'https://www.tesco.com/groceries/en-GB/products/304377590', 'product_name': 'Tesco 2 Pack Breaded Garlic Chicken Kievs 260G', 'product_price': '£ 2.00', 'product_additionals': '£7.70/kg'}, {'shop': 'tesco', 'url': 'https://www.tesco.com/groceries/en-GB/products/303315815', 'product_name': 'Tesco 2 Plain Naan Breads', 'product_price': '£ 0.75', 'product_additionals': '£0.38/each'}, {'shop': 'tesco', 'url': 'https://www.tesco.com/groceries/en-GB/products/281260768', 'product_name': 'Tesco 2 Southern Fried Breaded Chicken Fillets 300G', 'product_price': '£ 3.00', 'product_additionals': '£10.00/kg'}, {'shop': 'tesco', 'url': 'https://www.tesco.com/groceries/en-GB/products/271023178', 'product_name': 'Tesco 30 Breaded Chicken Breast Nuggets 450G', 'product_price': '£ 1.50', 'product_additionals': '£3.34/kg'}, {'shop': 'tesco', 'url': 'https://www.tesco.com/groceries/en-GB/products/286932070', 'product_name': 'Tesco 30 Mini Gingerbread 330G', 'product_price': '£ 1.80', 'product_additionals': '£0.55/100g'}, {'shop': 'tesco', 'url': 'https://www.tesco.com/groceries/en-GB/products/274730488', 'product_name': 'Tesco 30 Mini Gingerbread Men 270G', 'product_price': '£ 1.80', 'product_additionals': '£0.67/100g'}, {'shop': 'tesco', 'url': 'https://www.tesco.com/groceries/en-GB/products/297683100', 'product_name': 'Tesco 4 Breaded Chicken Steaks 380G', 'product_price': '£ 1.65', 'product_additionals': '£4.35/kg'}, {'shop': 'tesco', 'url': 'https://www.tesco.com/groceries/en-GB/products/264567506', 'product_name': 'Tesco 4 Breaded Chicken Steaks 505G', 'product_price': '£ 2.50', 'product_additionals': '£4.96/kg'}, {'shop': 'tesco', 'url': 'https://www.tesco.com/groceries/en-GB/products/258609605', 'product_name': 'Tesco 4 Breaded Chunky Prime Cod Fillets 500G', 'product_price': '£ 3.60', 'product_additionals': '£7.20/kg'}, {'shop': 'tesco', 'url': 'https://www.tesco.com/groceries/en-GB/products/266195171', 'product_name': 'Tesco 4 Breaded Cod Fillets 500G', 'product_price': '£ 3.00', 'product_additionals': '£6.00/kg'}, {'shop': 'tesco', 'url': 'https://www.tesco.com/groceries/en-GB/products/290017687', 'product_name': 'Tesco 4 Breaded Cod Fishcakes 340G', 'product_price': '£ 2.00', 'product_additionals': '£5.89/kg'}, {'shop': 'tesco', 'url': 'https://www.tesco.com/groceries/en-GB/products/305731289', 'product_name': 'Tesco 4 Breaded Plaice Fillets 500G', 'product_price': '£ 4.00', 'product_additionals': '£8.00/kg'}, {'shop': 'tesco', 'url': 'https://www.tesco.com/groceries/en-GB/products/293535996', 'product_name': 'Tesco 4 Cheese & Bacon Breaded Chicken Kievs 500G', 'product_price': '£ 2.50', 'product_additionals': '£0.50/100g'}, {'shop': 'tesco', 'url': 'https://www.tesco.com/groceries/en-GB/products/264322746', 'product_name': 'Tesco 4 Garlic Butter Breaded Chicken Kievs 500G', 'product_price': '£ 2.50', 'product_additionals': '£5.00/kg'}, {'shop': 'tesco', 'url': 'https://www.tesco.com/groceries/en-GB/products/264567593', 'product_name': 'Tesco 4 Southern Fried Breaded Chicken Steaks 505G', 'product_price': '£ 2.50', 'product_additionals': '£4.96/kg'}, {'shop': 'tesco', 'url': 'https://www.tesco.com/groceries/en-GB/products/305527187', 'product_name': 'Tesco 5 Decorate Your Own Gingerbread Easter Egg Kit', 'product_price': '£ 1.80', 'product_additionals': '£0.36/each'}, {'shop': 'tesco', 'url': 'https://www.tesco.com/groceries/en-GB/products/274684882', 'product_name': 'Tesco 5 Gingerbread Men Kit 174G', 'product_price': '£ 1.80', 'product_additionals': '£0.36/each'}, {'shop': 'tesco', 'url': 'https://www.tesco.com/groceries/en-GB/products/291376265', 'product_name': 'Tesco 6 Multiseed Folded Flatbreads', 'product_price': '£ 0.79', 'product_additionals': '£0.13/each'}, {'shop': 'tesco', 'url': 'https://www.tesco.com/groceries/en-GB/products/272651665', 'product_name': 'Tesco 6 Pack Mini Breadsticks 120G', 'product_price': '£ 1.30', 'product_additionals': '£1.09/100g'}, {'shop': 'tesco', 'url': 'https://www.tesco.com/groceries/en-GB/products/254945564', 'product_name': 'Tesco 6 White Pitta Bread', 'product_price': '£ 0.45', 'product_additionals': '£0.08/each'}, {'shop': 'tesco', 'url': 'https://www.tesco.com/groceries/en-GB/products/254945610', 'product_name': 'Tesco 6 Wholemeal Pitta Bread', 'product_price': '£ 0.45', 'product_additionals': '£0.08/each'}, {'shop': 'tesco', 'url': 'https://www.tesco.com/groceries/en-GB/products/289806238', 'product_name': 'Tesco 72 Breaded Chicken Nuggets 1Kg', 'product_price': '£ 3.15', 'product_additionals': '£3.15/kg'}, {'shop': 'tesco', 'url': 'https://www.tesco.com/groceries/en-GB/products/307353826', 'product_name': 'Tesco All Butter Chocolate Chip Shortbread 180G', 'product_price': '£ 1.00', 'product_additionals': '£0.56/100g'}, {'shop': 'tesco', 'url': 'https://www.tesco.com/groceries/en-GB/products/307342027', 'product_name': 'Tesco All Butter Shortbread Fingers 250G', 'product_price': '£ 0.69', 'product_additionals': '£0.28/100g'}, {'shop': 'tesco', 'url': 'https://www.tesco.com/groceries/en-GB/products/303629513', 'product_name': 'Tesco Both Together Bread 800G', 'product_price': '£ 0.59', 'product_additionals': '£0.07/100g'}, {'shop': 'tesco', 'url': 'https://www.tesco.com/groceries/en-GB/products/254482788', 'product_name': 'Tesco Bread & Butter Pudding 500G', 'product_price': '£ 2.80', 'product_additionals': '£0.56/100g'}, {'shop': 'tesco', 'url': 'https://www.tesco.com/groceries/en-GB/products/279935929', 'product_name': 'Tesco Breaded Chicken Goujons 270G', 'product_price': '£ 2.00', 'product_additionals': '£7.41/kg'}, {'shop': 'tesco', 'url': 'https://www.tesco.com/groceries/en-GB/products/285091909', 'product_name': 'Tesco Breaded Chicken Goujons 540G', 'product_price': '£ 3.75', 'product_additionals': '£6.95/kg'}, {'shop': 'tesco', 'url': 'https://www.tesco.com/groceries/en-GB/products/264566899', 'product_name': 'Tesco Breaded Chicken Mini Fillets 305G', 'product_price': '£ 2.50', 'product_additionals': '£8.20/kg'}, {'shop': 'tesco', 'url': 'https://www.tesco.com/groceries/en-GB/products/293507310', 'product_name': 'Tesco Breaded Chicken Strips 300G', 'product_price': '£ 2.00', 'product_additionals': '£0.67/100g'}, {'shop': 'tesco', 'url': 'https://www.tesco.com/groceries/en-GB/products/262083592', 'product_name': 'Tesco Breaded Mini Chicken Fillets 300G', 'product_price': '£ 2.00', 'product_additionals': '£6.67/kg'}, {'shop': 'tesco', 'url': 'https://www.tesco.com/groceries/en-GB/products/257218318', 'product_name': 'Tesco Breaded Onion Rings 750G', 'product_price': '£ 1.25', 'product_additionals': '£1.67/kg'}, {'shop': 'tesco', 'url': 'https://www.tesco.com/groceries/en-GB/products/299054069', 'product_name': 'Tesco Breaded Wholetail Scampi 200G', 'product_price': '£ 3.00', 'product_additionals': '£15.00/kg'}, {'shop': 'tesco', 'url': 'https://www.tesco.com/groceries/en-GB/products/286265277', 'product_name': 'Tesco Cheese & Garlic Flatbread 230G', 'product_price': '£ 1.60', 'product_additionals': '£0.70/100g'}, {'shop': 'tesco', 'url': 'https://www.tesco.com/groceries/en-GB/products/299557298', 'product_name': 'Tesco Cheese & Garlic Pizza Bread 210G', 'product_price': '£ 1.00', 'product_additionals': '£4.77/kg'}, {'shop': 'tesco', 'url': 'https://www.tesco.com/groceries/en-GB/products/252109642', 'product_name': 'Tesco Cheese & Tomato Flatbread 225G', 'product_price': '£ 1.25', 'product_additionals': '£0.56/100g'}, {'shop': 'tesco', 'url': 'https://www.tesco.com/groceries/en-GB/products/285498135', 'product_name': 'Tesco Corn Bread', 'product_price': '£ 1.60', 'product_additionals': '£1.60/each'}, {'shop': 'tesco', 'url': 'https://www.tesco.com/groceries/en-GB/products/305834981', 'product_name': 'Tesco Finest 4 Millionaire Shortbread Slices', 'product_price': '£ 2.25', 'product_additionals': '£2.25/each'}, {'shop': 'tesco', 'url': 'https://www.tesco.com/groceries/en-GB/products/299936610', 'product_name': 'Tesco Finest Basil Pesto & Tomato Flatbread 245G', 'product_price': '£ 2.45', 'product_additionals': '£1.00/100g'}, {'shop': 'tesco', 'url': 'https://www.tesco.com/groceries/en-GB/products/286266161', 'product_name': 'Tesco Finest Cheddar Red Onion Mini Flatbreads 295G', 'product_price': '£ 2.45', 'product_additionals': '£0.83/100g'}, {'shop': 'tesco', 'url': 'https://www.tesco.com/groceries/en-GB/products/307137419', 'product_name': 'Tesco Finest Free From Seeded Bread 400G', 'product_price': '£ 2.50', 'product_additionals': '£0.62/100g'}, {'shop': 'tesco', 'url': 'https://www.tesco.com/groceries/en-GB/products/307152724', 'product_name': 'Tesco Finest Free From Tiger Bread 400G', 'product_price': '£ 2.50', 'product_additionals': '£0.62/100g'}, {'shop': 'tesco', 'url': 'https://www.tesco.com/groceries/en-GB/products/306818969', 'product_name': 'Tesco Finest Fruited Sourdough Bread 400G', 'product_price': '£ 1.60', 'product_additionals': '£0.40/100g'}, {'shop': 'tesco', 'url': 'https://www.tesco.com/groceries/en-GB/products/304797553', 'product_name': 'Tesco Finest Garlic & Extra Virgin Olive Oil Flatbread 200G', 'product_price': '£ 2.45', 'product_additionals': '£1.23/100g'}, {'shop': 'tesco', 'url': 'https://www.tesco.com/groceries/en-GB/products/306824605', 'product_name': 'Tesco Finest Gingerbread Latte Cream Liqueur 70Cl', 'product_price': '£ 10.00', 'product_additionals': '£14.29/litre'}, {'shop': 'tesco', 'url': 'https://www.tesco.com/groceries/en-GB/products/256089410', 'product_name': 'Tesco Finest Scottish Shortbread Fingers 165G', 'product_price': '£ 1.35', 'product_additionals': '£0.82/100g'}, {'shop': 'tesco', 'url': 'https://www.tesco.com/groceries/en-GB/products/257911663', 'product_name': 'Tesco Finest Shortbread Assortment 400G', 'product_price': '£ 3.00', 'product_additionals': '£0.75/100g'}, {'shop': 'tesco', 'url': 'https://www.tesco.com/groceries/en-GB/products/305836218', 'product_name': 'Tesco Finest Wholemeal Seeds And Grains Bread 400G', 'product_price': '£ 0.79', 'product_additionals': '£0.20/100g'}, {'shop': 'tesco', 'url': 'https://www.tesco.com/groceries/en-GB/products/305737088', 'product_name': 'Tesco Finest Wholemeal Seeds And Grains Bread 800G', 'product_price': '£ 1.10', 'product_additionals': '£0.14/100g'}, {'shop': 'tesco', 'url': 'https://www.tesco.com/groceries/en-GB/products/291376220', 'product_name': 'Tesco Folded Flatbreads Plain 6 Pack', 'product_price': '£ 0.79', 'product_additionals': '£0.13/each'}, {'shop': 'tesco', 'url': 'https://www.tesco.com/groceries/en-GB/products/281865600', 'product_name': 'Tesco Free From 4 Breaded Chicken Steaks 380G', 'product_price': '£ 3.75', 'product_additionals': '£9.87/kg'}, {'shop': 'tesco', 'url': 'https://www.tesco.com/groceries/en-GB/products/298864892', 'product_name': 'Tesco Free From Breaded Chicken Goujons 270G', 'product_price': '£ 2.00', 'product_additionals': '£7.41/kg'}, {'shop': 'tesco', 'url': 'https://www.tesco.com/groceries/en-GB/products/299587383', 'product_name': 'Tesco Free From Breaded Chicken Goujons 300G', 'product_price': '£ 2.50', 'product_additionals': '£8.34/kg'}, {'shop': 'tesco', 'url': 'https://www.tesco.com/groceries/en-GB/products/281509384', 'product_name': 'Tesco Free From Brown Bread 550G', 'product_price': '£ 1.80', 'product_additionals': '£0.33/100g'}, {'shop': 'tesco', 'url': 'https://www.tesco.com/groceries/en-GB/products/304392571', 'product_name': 'Tesco Free From Gingerbread Men 154G', 'product_price': '£ 1.50', 'product_additionals': '£0.97/100g'}, {'shop': 'tesco', 'url': 'https://www.tesco.com/groceries/en-GB/products/304378272', 'product_name': 'Tesco Free From Shortbread 160G', 'product_price': '£ 1.50', 'product_additionals': '£0.94/100g'}, {'shop': 'tesco', 'url': 'https://www.tesco.com/groceries/en-GB/products/276605133', 'product_name': 'Tesco Free From Sliced White Bread 550G', 'product_price': '£ 1.80', 'product_additionals': '£0.33/100g'}, {'shop': 'tesco', 'url': 'https://www.tesco.com/groceries/en-GB/products/286264762', 'product_name': 'Tesco Garlic & & Rosemary Flatbread 220G', 'product_price': '£ 1.60', 'product_additionals': '£0.73/100g'}, {'shop': 'tesco', 'url': 'https://www.tesco.com/groceries/en-GB/products/252109688', 'product_name': 'Tesco Garlic & Parsley Flatbread 210G', 'product_price': '£ 1.25', 'product_additionals': '£0.60/100g'}, {'shop': 'tesco', 'url': 'https://www.tesco.com/groceries/en-GB/products/293723399', 'product_name': 'Tesco Garlic Breaded Mushrooms 400G', 'product_price': '£ 1.25', 'product_additionals': '£3.13/kg'}, {'shop': 'tesco', 'url': 'https://www.tesco.com/groceries/en-GB/products/288610223', 'product_name': 'Tesco Garlic Flatbread 255G', 'product_price': '£ 2.00', 'product_additionals': '£0.78/100g'}, {'shop': 'tesco', 'url': 'https://www.tesco.com/groceries/en-GB/products/289573832', 'product_name': 'Tesco Gingerbread Mix 225G', 'product_price': '£ 1.00', 'product_additionals': '£0.44/100g'}, {'shop': 'tesco', 'url': 'https://www.tesco.com/groceries/en-GB/products/278834077', 'product_name': 'Tesco Golden Breadcrumbs 175G', 'product_price': '£ 0.80', 'product_additionals': '£4.58/kg'}, {'shop': 'tesco', 'url': 'https://www.tesco.com/groceries/en-GB/products/267285351', 'product_name': 'Tesco Hot & Spicy Breaded Chicken Mini Fillets 305G', 'product_price': '£ 2.50', 'product_additionals': '£8.20/kg'}, {'shop': 'tesco', 'url': 'https://www.tesco.com/groceries/en-GB/products/256236588', 'product_name': 'Tesco Indian Naan Breads 320G', 'product_price': '£ 1.00', 'product_additionals': '£0.31/100g'}, {'shop': 'tesco', 'url': 'https://www.tesco.com/groceries/en-GB/products/291376334', 'product_name': 'Tesco Malted Grain & Rye Folded Flatbread 6 Pack', 'product_price': '£ 0.79', 'product_additionals': '£0.13/each'}, {'shop': 'tesco', 'url': 'https://www.tesco.com/groceries/en-GB/products/285024271', 'product_name': 'Tesco Multiseed Bread Mix 500G', 'product_price': '£ 0.85', 'product_additionals': '£1.70/kg'}, {'shop': 'tesco', 'url': 'https://www.tesco.com/groceries/en-GB/products/258083897', 'product_name': 'Tesco Original Breadsticks 125G', 'product_price': '£ 0.84', 'product_additionals': '£0.67/100g'}, {'shop': 'tesco', 'url': 'https://www.tesco.com/groceries/en-GB/products/251697723', 'product_name': 'Tesco Original Mini Breadsticks 100G', 'product_price': '£ 1.00', 'product_additionals': '£1.00/100g'}, {'shop': 'tesco', 'url': 'https://www.tesco.com/groceries/en-GB/products/294706637', 'product_name': 'Tesco Original Rye Crisp Bread 250G', 'product_price': '£ 0.69', 'product_additionals': '£0.28/100g'}, {'shop': 'tesco', 'url': 'https://www.tesco.com/groceries/en-GB/products/268582625', 'product_name': 'Tesco Panko Breadcrumbs 150G', 'product_price': '£ 1.60', 'product_additionals': '£10.67/kg'}, {'shop': 'tesco', 'url': 'https://www.tesco.com/groceries/en-GB/products/278104918', 'product_name': 'Tesco Peshwari Naan Breads 2 Pack 260G', 'product_price': '£ 0.95', 'product_additionals': '£0.37/100g'}, {'shop': 'tesco', 'url': 'https://www.tesco.com/groceries/en-GB/products/304784469', 'product_name': 'Tesco Plant Chef Breaded Goujons 190G', 'product_price': '£ 1.50', 'product_additionals': '£7.90/kg'}, {'shop': 'tesco', 'url': 'https://www.tesco.com/groceries/en-GB/products/306493425', 'product_name': 'Tesco Plant Chef Breaded Meat Free Nuggets 180G', 'product_price': '£ 1.50', 'product_additionals': '£8.34/kg'}, {'shop': 'tesco', 'url': 'https://www.tesco.com/groceries/en-GB/products/305727843', 'product_name': 'Tesco Plant Chef Breaded Nuggets 320G', 'product_price': '£ 1.75', 'product_additionals': '£0.55/100g'}, {'shop': 'tesco', 'url': 'https://www.tesco.com/groceries/en-GB/products/308079929', 'product_name': 'Tesco Seasonal Gingerbread Biscuit', 'product_price': '£ 0.60', 'product_additionals': '£0.60/each'}, {'shop': 'tesco', 'url': 'https://www.tesco.com/groceries/en-GB/products/265940149', 'product_name': 'Tesco Sesame Breadsticks 125G', 'product_price': '£ 0.84', 'product_additionals': '£0.67/100g'}, {'shop': 'tesco', 'url': 'https://www.tesco.com/groceries/en-GB/products/294706650', 'product_name': 'Tesco Sesame Rye Crisp Bread 250G', 'product_price': '£ 0.69', 'product_additionals': '£0.28/100g'}, {'shop': 'tesco', 'url': 'https://www.tesco.com/groceries/en-GB/products/293574661', 'product_name': 'Tesco Shortbread Petticoat Tails 450G', 'product_price': '£ 2.00', 'product_additionals': '£0.44/100g'}, {'shop': 'tesco', 'url': 'https://www.tesco.com/groceries/en-GB/products/264566997', 'product_name': 'Tesco Southern Fried Breaded Chicken Mini Fillets 305G', 'product_price': '£ 2.50', 'product_additionals': '£8.20/kg'}, {'shop': 'tesco', 'url': 'https://www.tesco.com/groceries/en-GB/products/254917926', 'product_name': 'Tesco Strong Stone Ground 100% Wholemeal Bread Flour 1.5Kg', 'product_price': '£ 1.20', 'product_additionals': '£0.80/kg'}, {'shop': 'tesco', 'url': 'https://www.tesco.com/groceries/en-GB/products/299425748', 'product_name': 'Tesco Toastie White Bread Thick 800G', 'product_price': '£ 0.59', 'product_additionals': '£0.07/100g'}, {'shop': 'tesco', 'url': 'https://www.tesco.com/groceries/en-GB/products/299425760', 'product_name': 'Tesco Toastie Wholemeal Thick Bread 800G', 'product_price': '£ 0.59', 'product_additionals': '£0.07/100g'}, {'shop': 'tesco', 'url': 'https://www.tesco.com/groceries/en-GB/products/289597812', 'product_name': 'Tesco Very Strong Canadian Bread Flour 1Kg', 'product_price': '£ 1.35', 'product_additionals': '£1.35/kg'}, {'shop': 'tesco', 'url': 'https://www.tesco.com/groceries/en-GB/products/299389116', 'product_name': 'Tesco White Bread 800G', 'product_price': '£ 0.59', 'product_additionals': '£0.07/100g'}, {'shop': 'tesco', 'url': 'https://www.tesco.com/groceries/en-GB/products/301063378', 'product_name': 'Tesco White Breadcrumbs 175G', 'product_price': '£ 0.80', 'product_additionals': '£0.46/100g'}, {'shop': 'tesco', 'url': 'https://www.tesco.com/groceries/en-GB/products/299425783', 'product_name': 'Tesco Wholemeal Medium Bread 800G', 'product_price': '£ 0.59', 'product_additionals': '£0.07/100g'}, {'shop': 'tesco', 'url': 'https://www.tesco.com/groceries/en-GB/products/270953414', 'product_name': 'Tesco Wholetail Breaded Scampi 280G', 'product_price': '£ 3.00', 'product_additionals': '£10.72/kg'}, {'shop': 'tesco', 'url': 'https://www.tesco.com/groceries/en-GB/products/302744625', 'product_name': 'The Artisan Bread Co Garlic & Basil Sticks 100G', 'product_price': '£ 1.60', 'product_additionals': '£1.60/100g'}, {'shop': 'tesco', 'url': 'https://www.tesco.com/groceries/en-GB/products/302744055', 'product_name': 'The Artisan Bread Co Garlic & Chilli Flatbread 75G', 'product_price': '£ 1.60', 'product_additionals': '£2.14/100g'}, {'shop': 'tesco', 'url': 'https://www.tesco.com/groceries/en-GB/products/302743880', 'product_name': 'The Artisan Bread Company Classic Breadsticks 150G', 'product_price': '£ 1.60', 'product_additionals': '£1.07/100g'}, {'shop': 'tesco', 'url': 'https://www.tesco.com/groceries/en-GB/products/302744019', 'product_name': 'The Artisan Bread Company Rosemary Breadsticks 150G', 'product_price': '£ 1.60', 'product_additionals': '£1.07/100g'}, {'shop': 'tesco', 'url': 'https://www.tesco.com/groceries/en-GB/products/302744032', 'product_name': 'The Artisan Bread Company Sesame Breadsticks 150G', 'product_price': '£ 1.60', 'product_additionals': '£1.07/100g'}, {'shop': 'tesco', 'url': 'https://www.tesco.com/groceries/en-GB/products/300954309', 'product_name': 'The Artisan Bread Company Wheat Toast 125G', 'product_price': '£ 1.60', 'product_additionals': '£1.28/100g'}, {'shop': 'tesco', 'url': 'https://www.tesco.com/groceries/en-GB/products/304408969', 'product_name': 'The Pizza Company Deep Filled Garlic Bread 2 Pack 230G', 'product_price': '£ 3.00', 'product_additionals': '£1.31/100g'}, {'shop': 'asda', 'url': 'https://groceries.asda.com/product/63007060', 'product_name': 'The Polish Bakery Brown Bread - Chleb Wiejski', 'product_price': '£1.10', 'product_additionals': '(13.8p/100g)'}, {'shop': 'tesco', 'url': 'https://www.tesco.com/groceries/en-GB/products/267662020', 'product_name': 'The Polish Bakery Brown Bread 400G', 'product_price': '£ 0.75', 'product_additionals': '£0.19/100g'}, {'shop': 'asda', 'url': 'https://groceries.asda.com/product/910000474814', 'product_name': 'The Polish Bakery Dark Rye Bread with Inolin - Chleb Razowy z Inuliną', 'product_price': '£1.10', 'product_additionals': '(27.5p/100g)'}, {'shop': 'asda', 'url': 'https://groceries.asda.com/product/63007064', 'product_name': "The Polish Bakery Granny's Bread - Chleb Babuni", 'product_price': '£1.10', 'product_additionals': '(27.5p/100g)'}, {'shop': 'tesco', 'url': 'https://www.tesco.com/groceries/en-GB/products/267661977', 'product_name': "The Polish Bakery Granny's Sesame Seed Bread 400G", 'product_price': '£ 1.10', 'product_additionals': '£0.28/100g'}, {'shop': 'tesco', 'url': 'https://www.tesco.com/groceries/en-GB/products/265412971', 'product_name': 'The Polish Bakery Half Wheat Half Rye Bread 400G', 'product_price': '£ 0.70', 'product_additionals': '£0.18/100g'}, {'shop': 'tesco', 'url': 'https://www.tesco.com/groceries/en-GB/products/265412994', 'product_name': 'The Polish Bakery Half Wheat Half Rye Bread 900G', 'product_price': '£ 1.20', 'product_additionals': '£0.13/100g'}, {'shop': 'asda', 'url': 'https://groceries.asda.com/product/63007058', 'product_name': 'The Polish Bakery Half-Wheat Half-Rye Sourdough Bread', 'product_price': '£1.00', 'product_additionals': '(12.5p/100g)'}, {'shop': 'asda', 'url': 'https://groceries.asda.com/product/910001185467', 'product_name': 'The Polish Bakery Highlander Premium Bread', 'product_price': '£1.35', 'product_additionals': '(16.9p/100g)'}, {'shop': 'asda', 'url': 'https://groceries.asda.com/product/63007061', 'product_name': 'The Polish Bakery Polish Bread Half-Wheat Half-Rye Sourdough', 'product_price': '£0.70', 'product_additionals': '(17.5p/100g)'}, {'shop': 'asda', 'url': 'https://groceries.asda.com/product/1000000469720', 'product_name': 'The Polish Bakery Premium Bread - Chleb Slonecznikowy', 'product_price': '£1.20', 'product_additionals': '(15.0p/100g)'}, {'shop': 'tesco', 'url': 'https://www.tesco.com/groceries/en-GB/products/296844907', 'product_name': 'The Polish Bakery Pumpkin Bread 500G', 'product_price': '£ 1.85', 'product_additionals': '£0.37/100g'}, {'shop': 'tesco', 'url': 'https://www.tesco.com/groceries/en-GB/products/267662008', 'product_name': 'The Polish Bakery Sunflower Seed Bread 400G', 'product_price': '£ 0.75', 'product_additionals': '£0.19/100g'}, {'shop': 'asda', 'url': 'https://groceries.asda.com/product/910001185404', 'product_name': 'The Polish Bakery Sunflower Seeded Bread - Chleb Slonecznikowy', 'product_price': '£1.70', 'product_additionals': '(21.2p/100g)'}, {'shop': 'aldi', 'url': 'https://www.aldi.co.uk/thins-multi-seed-flatbread/p/064611260939602', 'product_name': 'Thins Multi-seed Flatbread', 'product_price': '0.99', 'product_additionals': '79.2p per 100g'}, {'shop': 'tesco', 'url': 'https://www.tesco.com/groceries/en-GB/products/272960719', 'product_name': 'Three Cheese Bread', 'product_price': '£ 1.60', 'product_additionals': '£1.60/each'}, {'shop': 'aldi', 'url': 'https://www.aldi.co.uk/toastie-thick-soft-white-bread/p/047096003773200', 'product_name': 'Toastie Thick Soft White Bread', 'product_price': '1.10', 'product_additionals': '13.8p per 100g'}, {'shop': 'tesco', 'url': 'https://www.tesco.com/groceries/en-GB/products/307135618', 'product_name': 'Trek Power Millionaire Shortbread Bar 55G', 'product_price': '£ 1.75', 'product_additionals': '£3.19/100g'}, {'shop': 'aldi', 'url': 'https://www.aldi.co.uk/village-bakery-wholemeal-pitta-bread/p/066192386427601', 'product_name': 'Village Bakery Wholemeal Pitta Bread', 'product_price': '0.35', 'product_additionals': '5.8p each'}, {'shop': 'sains', 'url': 'https://www.sainsburys.co.uk/shop/gb/groceries/product/details/gluten-free-biscuits-and-chocolates/walkers-gluten-free-pure-butter-shortbread-140g', 'product_name': 'Walkers Gluten Free Pure Butter Shortbread 140g', 'product_price': '£2.50', 'product_additionals': '£1.79 / 100g'}, {'shop': 'asda', 'url': 'https://groceries.asda.com/product/910002788096', 'product_name': 'Warburtons Country White Bread', 'product_price': '£2.00', 'product_additionals': '(50.0p/100g)'}, {'shop': 'tesco', 'url': 'https://www.tesco.com/groceries/en-GB/products/300810619', 'product_name': 'Warburtons Country White Bread 400G', 'product_price': '£ 2.00', 'product_additionals': '£0.50/100g'}, {'shop': 'tesco', 'url': 'https://www.tesco.com/groceries/en-GB/products/255727936', 'product_name': 'Warburtons Danish Sliced White Bread 400G', 'product_price': '£ 0.95', 'product_additionals': '£0.24/100g'}, {'shop': 'asda', 'url': 'https://groceries.asda.com/product/34545', 'product_name': 'Warburtons Farmhouse Soft White Bread', 'product_price': '£1.20', 'product_additionals': '(15.0p/100g)'}, {'shop': 'asda', 'url': 'https://groceries.asda.com/product/2046278', 'product_name': 'Warburtons Farmhouse Soft White Bread', 'product_price': '£1.10', 'product_additionals': '(27.5p/100g)'}, {'shop': 'tesco', 'url': 'https://www.tesco.com/groceries/en-GB/products/250168194', 'product_name': 'Warburtons Farmhouse White Bread 800G', 'product_price': '£ 1.20', 'product_additionals': '£0.15/100g'}, {'shop': 'tesco', 'url': 'https://www.tesco.com/groceries/en-GB/products/304371279', 'product_name': 'Warburtons Half And Half Medium Bread 800G', 'product_price': '£ 1.05', 'product_additionals': '£0.13/100g'}, {'shop': 'tesco', 'url': 'https://www.tesco.com/groceries/en-GB/products/300810591', 'product_name': 'Warburtons Malted Grain & Seeds Bread 400G', 'product_price': '£ 1.50', 'product_additionals': '£0.38/100g'}, {'shop': 'asda', 'url': 'https://groceries.asda.com/product/34541', 'product_name': 'Warburtons Medium Sliced White Bread', 'product_price': '£0.95', 'product_additionals': '(23.8p/100g)'}, {'shop': 'tesco', 'url': 'https://www.tesco.com/groceries/en-GB/products/254942331', 'product_name': 'Warburtons Medium Sliced White Bread 400G', 'product_price': '£ 0.90', 'product_additionals': '£0.22/100g'}, {'shop': 'tesco', 'url': 'https://www.tesco.com/groceries/en-GB/products/254942325', 'product_name': 'Warburtons Medium Sliced White Bread 800G', 'product_price': '£ 1.10', 'product_additionals': '£0.14/100g'}, {'shop': 'sains', 'url': 'https://www.sainsburys.co.uk/shop/gb/groceries/product/details/aldi-price-match/warburtons-white-bread--medium-sliced-800g', 'product_name': 'Warburtons Medium Sliced White Bread 800g', 'product_price': '£1.10', 'product_additionals': '14p / 100g'}, {'shop': 'asda', 'url': 'https://groceries.asda.com/product/34540', 'product_name': 'Warburtons Medium Sliced Wholemeal Bread', 'product_price': '£0.85', 'product_additionals': '(21.2p/100g)'}, {'shop': 'asda', 'url': 'https://groceries.asda.com/product/34538', 'product_name': 'Warburtons Medium Sliced Wholemeal Bread', 'product_price': '£1.10', 'product_additionals': '(13.8p/100g)'}, {'shop': 'sains', 'url': 'https://www.sainsburys.co.uk/shop/gb/groceries/product/details/top-rated-44/warburtons-wholemeal-bread--medium-sliced-400g', 'product_name': 'Warburtons Medium Sliced Wholemeal Bread 400g', 'product_price': '85p', 'product_additionals': '21p / 100g'}, {'shop': 'asda', 'url': 'https://groceries.asda.com/product/34536', 'product_name': 'Warburtons Medium White Bread', 'product_price': '£1.10', 'product_additionals': '(13.8p/100g)'}, {'shop': 'tesco', 'url': 'https://www.tesco.com/groceries/en-GB/products/254942734', 'product_name': 'Warburtons Milk Roll Sliced White Bread 400G', 'product_price': '£ 0.90', 'product_additionals': '£0.22/100g'}, {'shop': 'sains', 'url': 'https://www.sainsburys.co.uk/shop/gb/groceries/product/details/top-rated-44/warburtons-blackpool-milk-roll-400g', 'product_name': 'Warburtons Milk Roll Soft Medium Sliced White Bread 400g', 'product_price': '£1.00', 'product_additionals': '25p / 100g'}, {'shop': 'tesco', 'url': 'https://www.tesco.com/groceries/en-GB/products/300810631', 'product_name': 'Warburtons Multi Grain & Seed Bread 400G', 'product_price': '£ 2.00', 'product_additionals': '£0.50/100g'}, {'shop': 'asda', 'url': 'https://groceries.asda.com/product/910002787978', 'product_name': 'Warburtons Multigrain & Seed Bread', 'product_price': '£2.00', 'product_additionals': '(50.0p/100g)'}, {'shop': 'tesco', 'url': 'https://www.tesco.com/groceries/en-GB/products/300810579', 'product_name': 'Warburtons Old English White Bread 400G', 'product_price': '£ 1.50', 'product_additionals': '£0.38/100g'}, {'shop': 'asda', 'url': 'https://groceries.asda.com/product/34548', 'product_name': 'Warburtons Seeded Batch Bread', 'product_price': '£0.95', 'product_additionals': '(23.8p/100g)'}, {'shop': 'asda', 'url': 'https://groceries.asda.com/product/1233409', 'product_name': 'Warburtons Seeded Batch Bread', 'product_price': '£1.25', 'product_additionals': '(15.6p/100g)'}, {'shop': 'tesco', 'url': 'https://www.tesco.com/groceries/en-GB/products/251738895', 'product_name': 'Warburtons Seeded Batch Bread 400G', 'product_price': '£ 0.90', 'product_additionals': '£0.22/100g'}, {'shop': 'tesco', 'url': 'https://www.tesco.com/groceries/en-GB/products/257269645', 'product_name': 'Warburtons Seeded Batch Bread 800G', 'product_price': '£ 1.40', 'product_additionals': '£0.18/100g'}, {'shop': 'tesco', 'url': 'https://www.tesco.com/groceries/en-GB/products/268104801', 'product_name': 'Warburtons Sliced Tiger Bread 600G', 'product_price': '£ 1.35', 'product_additionals': '£0.22/100g'}, {'shop': 'asda', 'url': 'https://groceries.asda.com/product/34543', 'product_name': 'Warburtons Thickest White Bread', 'product_price': '£1.10', 'product_additionals': '(13.8p/100g)'}, {'shop': 'tesco', 'url': 'https://www.tesco.com/groceries/en-GB/products/299608331', 'product_name': 'Warburtons Thoroughbread Lancashire 800G', 'product_price': '£ 1.40', 'product_additionals': '£0.18/100g'}, {'shop': 'tesco', 'url': 'https://www.tesco.com/groceries/en-GB/products/254942354', 'product_name': 'Warburtons Toastie Sliced White Bread 400G', 'product_price': '£ 0.85', 'product_additionals': '£0.21/100g'}, {'shop': 'tesco', 'url': 'https://www.tesco.com/groceries/en-GB/products/254942348', 'product_name': 'Warburtons Toastie Sliced White Bread 800G', 'product_price': '£ 1.10', 'product_additionals': '£0.14/100g'}, {'shop': 'asda', 'url': 'https://groceries.asda.com/product/34537', 'product_name': 'Warburtons Toastie Thick Sliced White Bread', 'product_price': '£1.10', 'product_additionals': '(13.8p/100g)'}, {'shop': 'sains', 'url': 'https://www.sainsburys.co.uk/shop/gb/groceries/product/details/aldi-price-match/warburtons-white-sliced-bread--toastie-800g', 'product_name': 'Warburtons Toastie Thick Sliced White Bread 800g', 'product_price': '£1.10', 'product_additionals': '14p / 100g'}, {'shop': 'asda', 'url': 'https://groceries.asda.com/product/34542', 'product_name': 'Warburtons Toastie White Thick Sliced Bread', 'product_price': '£0.85', 'product_additionals': '(21.2p/100g)'}, {'shop': 'asda', 'url': 'https://groceries.asda.com/product/34539', 'product_name': 'Warburtons White Danish Bread', 'product_price': '£0.95', 'product_additionals': '(23.8p/100g)'}, {'shop': 'tesco', 'url': 'https://www.tesco.com/groceries/en-GB/products/302088635', 'product_name': 'Warburtons White Farmhouse Bread 400G', 'product_price': '£ 1.00', 'product_additionals': '£0.25/100g'}, {'shop': 'tesco', 'url': 'https://www.tesco.com/groceries/en-GB/products/302385928', 'product_name': 'Warburtons White Gluten Free Bread Sourdough 400G', 'product_price': '£ 3.40', 'product_additionals': '£0.85/100g'}, {'shop': 'asda', 'url': 'https://groceries.asda.com/product/36473', 'product_name': 'Warburtons White Milk Roll Bread', 'product_price': '£0.95', 'product_additionals': '(23.8p/100g)'}, {'shop': 'tesco', 'url': 'https://www.tesco.com/groceries/en-GB/products/254944283', 'product_name': 'Warburtons Wholemeal Medium Bread 400G', 'product_price': '£ 0.85', 'product_additionals': '£0.21/100g'}, {'shop': 'tesco', 'url': 'https://www.tesco.com/groceries/en-GB/products/254944260', 'product_name': 'Warburtons Wholemeal Medium Bread 800G', 'product_price': '£ 1.05', 'product_additionals': '£0.13/100g'}, {'shop': 'asda', 'url': 'https://groceries.asda.com/product/36477', 'product_name': 'Weight Watchers Danish Malted Bread', 'product_price': '£1.05', 'product_additionals': '(26.2p/100g)'}, {'shop': 'tesco', 'url': 'https://www.tesco.com/groceries/en-GB/products/256641396', 'product_name': 'Weight Watchers Malted Danish Sliced Bread 400G', 'product_price': '£ 1.00', 'product_additionals': '£0.25/100g'}, {'shop': 'asda', 'url': 'https://groceries.asda.com/product/39577669', 'product_name': 'Weight Watchers Thick Wholemeal Bread', 'product_price': '£1.14', 'product_additionals': '(28.5p/100g)'}, {'shop': 'sains', 'url': 'https://www.sainsburys.co.uk/shop/gb/groceries/product/details/ready-to-cook-fish/whitby-breaded-calamari-rings-200g', 'product_name': 'Whitby Breaded Calamari Rings 200g', 'product_price': '£3.00', 'product_additionals': '£15.00 / kg'}, {'shop': 'tesco', 'url': 'https://www.tesco.com/groceries/en-GB/products/303630499', 'product_name': 'Whitby Seafoods Breaded Scampi Bites 190G', 'product_price': '£ 1.00', 'product_additionals': '£5.27/kg'}, {'shop': 'asda', 'url': 'https://groceries.asda.com/product/1000132866206', 'product_name': 'Whitby Seafoods Lemon & Pepper Breaded Fish Goujons', 'product_price': '£2.00', 'product_additionals': 'No weight data'}, {'shop': 'asda', 'url': 'https://groceries.asda.com/product/1000005038852', 'product_name': "Wright's Baking Cheddar and Sun Dried Tomato Bread Mix", 'product_price': '£1.00', 'product_additionals': 'No weight data'}, {'shop': 'asda', 'url': 'https://groceries.asda.com/product/910000045547', 'product_name': "Wright's Baking Cheddar Cheese & Onion Bread Mix", 'product_price': '£1.00', 'product_additionals': 'No weight data'}, {'shop': 'asda', 'url': 'https://groceries.asda.com/product/910000541647', 'product_name': "Young's 2 Breaded Fish Fillets", 'product_price': '£2.00', 'product_additionals': 'No weight data'}, {'shop': 'asda', 'url': 'https://groceries.asda.com/product/1000200731351', 'product_name': "Young's 4 Omega 3 Fish Fillets in Crispy Breadcrumbs", 'product_price': '£3.70', 'product_additionals': '(£6.17/kg)'}, {'shop': 'asda', 'url': 'https://groceries.asda.com/product/1000130309095', 'product_name': "Young's 4 Simply Breaded Large Cod Fillets", 'product_price': '£4.00', 'product_additionals': 'No weight data'}, {'shop': 'asda', 'url': 'https://groceries.asda.com/product/1000130309094', 'product_name': "Young's 4 Simply Breaded Large Haddock Fillets", 'product_price': '£4.00', 'product_additionals': 'No weight data'}, {'shop': 'asda', 'url': 'https://groceries.asda.com/product/1000130309096', 'product_name': "Young's 4 Simply Breaded Omega 3 Fish Fillets", 'product_price': '£2.00', 'product_additionals': 'No weight data'}, {'shop': 'sains', 'url': 'https://www.sainsburys.co.uk/shop/gb/groceries/product/details/meals-for-tonight/youngs-breaded-cod-fillets-x4-480g', 'product_name': "Young's Breaded Cod Fillets x4 440g", 'product_price': '£4.50', 'product_additionals': '£10.23 / kg'}, {'shop': 'asda', 'url': 'https://groceries.asda.com/product/910000856262', 'product_name': "Young's Breaded Scampi", 'product_price': '£2.00', 'product_additionals': 'No weight data'}, {'shop': 'asda', 'url': 'https://groceries.asda.com/product/1000207689279', 'product_name': "Young's Gastro Signature Breaded 2 Lemon & Pepper Fish Fillets", 'product_price': '£4.00', 'product_additionals': 'No weight data'}, {'shop': 'asda', 'url': 'https://groceries.asda.com/product/1000205555385', 'product_name': "Young's Gastro Signature Breaded 6 Southern Fried Basa Mini Fillets", 'product_price': '£3.00', 'product_additionals': 'No weight data'}, {'shop': 'asda', 'url': 'https://groceries.asda.com/product/1000207689252', 'product_name': "Young's Simply Breaded 2 Extra Large Cod Fillets", 'product_price': '£4.00', 'product_additionals': 'No weight data'}, {'shop': 'tesco', 'url': 'https://www.tesco.com/groceries/en-GB/products/303391723', 'product_name': 'Youngs Simply Breaded 4 Large Cod Fillets 440G', 'product_price': '£ 4.00', 'product_additionals': '£9.10/kg'}, {'shop': 'tesco', 'url': 'https://www.tesco.com/groceries/en-GB/products/303391625', 'product_name': 'Youngs Simply Breaded Omega 3 4 Fish Fillets 400G', 'product_price': '£ 2.40', 'product_additionals': '£6.00/kg'}]

grouped
([({'shop': 'asda', 'url': 'https://groceries.asda.com/product/1000254237184', 'product_name': 'ASDA 2 Garlic & Parsley Flatbreads', 'product_price': '£1.26', 'product_additionals': '(63.0p/each)'}, 245.70000000000002, 0.2564102564102564), ({'shop': 'asda', 'url': 'https://groceries.asda.com/product/910003185883', 'product_name': 'ASDA 4 Mini Garlic & Coriander Naan Bread', 'product_price': '£1.00', 'product_additionals': '(25.0p/each)'}, 143.75, 0.17391304347826086), ({'shop': 'asda', 'url': 'https://groceries.asda.com/product/1000056262134', 'product_name': "ASDA Baker's Selection 20 Mini Shortbread Bites", 'product_price': '£2.00', 'product_additionals': '(10.0p/each)'}, 52.00000000000001, 0.1923076923076923), ({'shop': 'asda', 'url': 'https://groceries.asda.com/product/910001960493', 'product_name': 'ASDA White Pitta Breads', 'product_price': '£0.45', 'product_additionals': '(7.5p/each)'}, 26.25, 0.2857142857142857), ({'shop': 'asda', 'url': 'https://groceries.asda.com/product/1000244026790', 'product_name': 'Cadbury Winter Gingerbread Chocolate Cake Bars', 'product_price': '£1.00', 'product_additionals': '(20.0p/each)'}, 102.00000000000001, 0.196078431372549), ({'shop': 'asda', 'url': 'https://groceries.asda.com/product/1000188692416', 'product_name': 'Deli Kitchen Greek Style Flatbreads', 'product_price': '£1.35', 'product_additionals': '(33.8p/each)'}, 135.2, 0.25), ({'shop': 'asda', 'url': 'https://groceries.asda.com/product/1000227127175', 'product_name': 'Eco Wix Gingerbread Small Candle', 'product_price': '£5.00', 'product_additionals': '(£5.00/each)'}, 18.5, 0.2702702702702703), ({'shop': 'tesco', 'url': 'https://www.tesco.com/groceries/en-GB/products/257800909', 'product_name': 'Finest Triple Chocolate Shortbread 4 Pack', 'product_price': '£ 1.50', 'product_additionals': '£0.38/each'}, 1.7480000000000002, 0.21739130434782605), ({'shop': 'asda', 'url': 'https://groceries.asda.com/product/1000229362744', 'product_name': 'George Home Cream Bread Bin', 'product_price': '£10.00', 'product_additionals': '(£10.00/each)'}, 40.0, 0.25), ({'shop': 'asda', 'url': 'https://groceries.asda.com/product/1000224243232', 'product_name': 'George Home Gingerbread Cappucino Mug', 'product_price': '£2.50', 'product_additionals': '(£2.50/each)'}, 10.499999999999998, 0.23809523809523814), ({'shop': 'asda', 'url': 'https://groceries.asda.com/product/1000229362801', 'product_name': 'George Home Gingerbread House Plate', 'product_price': '£5.00', 'product_additionals': '(£5.00/each)'}, 20.0, 0.25), ({'shop': 'asda', 'url': 'https://groceries.asda.com/product/1000159725341', 'product_name': 'George Home Gingerbread Man Cookie Cutters', 'product_price': '£2.00', 'product_additionals': '(£2.00/each)'}, 9.4, 0.21276595744680848), ({'shop': 'asda', 'url': 'https://groceries.asda.com/product/1000150186101', 'product_name': 'George Home Gingerbread Napkins', 'product_price': '£1.00', 'product_additionals': '(5.0p/each)'}, 18.0, 0.2777777777777778), ({'shop': 'asda', 'url': 'https://groceries.asda.com/product/1000229362679', 'product_name': 'George Home Grey Bread Bin', 'product_price': '£10.00', 'product_additionals': '(£10.00/each)'}, 38.75, 0.25806451612903225), ({'shop': 'asda', 'url': 'https://groceries.asda.com/product/1000229362793', 'product_name': 'George Home Multi Christmas Gingerbread House Cookie Jar', 'product_price': '£12.00', 'product_additionals': '(£12.00/each)'}, 73.20000000000002, 0.16393442622950816), ({'shop': 'asda', 'url': 'https://groceries.asda.com/product/1000229362652', 'product_name': 'George Home Multi Christmas Gingerbread House Mug', 'product_price': '£3.00', 'product_additionals': '(£3.00/each)'}, 16.200000000000006, 0.18518518518518512), ({'shop': 'asda', 'url': 'https://groceries.asda.com/product/1000229362594', 'product_name': 'George Home White Marble Bread Bin', 'product_price': '£10.00', 'product_additionals': '(£10.00/each)'}, 39.0, 0.2564102564102564), ({'shop': 'tesco', 'url': 'https://www.tesco.com/groceries/en-GB/products/308093498', 'product_name': "Irwin's Traditional Wheaten Bread", 'product_price': '£ 1.20', 'product_additionals': '£1.20/each'}, 5.7, 0.21052631578947367), ({'shop': 'tesco', 'url': 'https://www.tesco.com/groceries/en-GB/products/308094029', 'product_name': 'Mission 6 Plain Pitta Breads', 'product_price': '£ 0.80', 'product_additionals': '£0.13/each'}, 0.53625, 0.24242424242424243), ({'shop': 'tesco', 'url': 'https://www.tesco.com/groceries/en-GB/products/250523085', 'product_name': 'Pataks Garlic & Coriander Naan Bread 2 Pack', 'product_price': '£ 1.25', 'product_additionals': '£0.62/each'}, 3.7200000000000006, 0.16666666666666663), ({'shop': 'tesco', 'url': 'https://www.tesco.com/groceries/en-GB/products/259170533', 'product_name': 'Pataks Peshwari Naan Bread 2Pack', 'product_price': '£ 1.25', 'product_additionals': '£0.62/each'}, 2.8674999999999997, 0.21621621621621623), ({'shop': 'tesco', 'url': 'https://www.tesco.com/groceries/en-GB/products/250506912', 'product_name': 'Pataks Plain Naan Bread 2 Pack', 'product_price': '£ 1.25', 'product_additionals': '£0.62/each'}, 2.7125000000000004, 0.22857142857142854), ({'shop': 'tesco', 'url': 'https://www.tesco.com/groceries/en-GB/products/308110957', 'product_name': 'Tesco 10 Mini Easter Gingerbread Men', 'product_price': '£ 1.00', 'product_additionals': '£0.10/each'}, 0.41000000000000003, 0.24390243902439024), ({'shop': 'tesco', 'url': 'https://www.tesco.com/groceries/en-GB/products/303315815', 'product_name': 'Tesco 2 Plain Naan Breads', 'product_price': '£ 0.75', 'product_additionals': '£0.38/each'}, 1.4250000000000003, 0.2666666666666666), ({'shop': 'tesco', 'url': 'https://www.tesco.com/groceries/en-GB/products/305527187', 'product_name': 'Tesco 5 Decorate Your Own Gingerbread Easter Egg Kit', 'product_price': '£ 1.80', 'product_additionals': '£0.36/each'}, 2.052, 0.17543859649122806), ({'shop': 'tesco', 'url': 'https://www.tesco.com/groceries/en-GB/products/274684882', 'product_name': 'Tesco 5 Gingerbread Men Kit 174G', 'product_price': '£ 1.80', 'product_additionals': '£0.36/each'}, 1.3319999999999999, 0.2702702702702703), ({'shop': 'tesco', 'url': 'https://www.tesco.com/groceries/en-GB/products/291376265', 'product_name': 'Tesco 6 Multiseed Folded Flatbreads', 'product_price': '£ 0.79', 'product_additionals': '£0.13/each'}, 0.52, 0.25), ({'shop': 'tesco', 'url': 'https://www.tesco.com/groceries/en-GB/products/254945564', 'product_name': 'Tesco 6 White Pitta Bread', 'product_price': '£ 0.45', 'product_additionals': '£0.08/each'}, 0.3000000000000001, 0.2666666666666666), ({'shop': 'tesco', 'url': 'https://www.tesco.com/groceries/en-GB/products/254945610', 'product_name': 'Tesco 6 Wholemeal Pitta Bread', 'product_price': '£ 0.45', 'product_additionals': '£0.08/each'}, 0.3399999999999999, 0.23529411764705888), ({'shop': 'tesco', 'url': 'https://www.tesco.com/groceries/en-GB/products/285498135', 'product_name': 'Tesco Corn Bread', 'product_price': '£ 1.60', 'product_additionals': '£1.60/each'}, 4.2, 0.38095238095238093), ({'shop': 'tesco', 'url': 'https://www.tesco.com/groceries/en-GB/products/305834981', 'product_name': 'Tesco Finest 4 Millionaire Shortbread Slices', 'product_price': '£ 2.25', 'product_additionals': '£2.25/each'}, 11.025, 0.20408163265306123), ({'shop': 'tesco', 'url': 'https://www.tesco.com/groceries/en-GB/products/291376220', 'product_name': 'Tesco Folded Flatbreads Plain 6 Pack', 'product_price': '£ 0.79', 'product_additionals': '£0.13/each'}, 0.533, 0.24390243902439024), ({'shop': 'tesco', 'url': 'https://www.tesco.com/groceries/en-GB/products/291376334', 'product_name': 'Tesco Malted Grain & Rye Folded Flatbread 6 Pack', 'product_price': '£ 0.79', 'product_additionals': '£0.13/each'}, 0.6890000000000002, 0.18867924528301883), ({'shop': 'tesco', 'url': 'https://www.tesco.com/groceries/en-GB/products/308079929', 'product_name': 'Tesco Seasonal Gingerbread Biscuit', 'product_price': '£ 0.60', 'product_additionals': '£0.60/each'}, 2.3400000000000003, 0.2564102564102564), ({'shop': 'tesco', 'url': 'https://www.tesco.com/groceries/en-GB/products/272960719', 'product_name': 'Three Cheese Bread', 'product_price': '£ 1.60', 'product_additionals': '£1.60/each'}, 4.6000000000000005, 0.34782608695652173)], [({'shop': 'tesco', 'url': 'https://www.tesco.com/groceries/en-GB/products/256783233', 'product_name': 'Allinson Strong White Bread Flour 1.5Kg', 'product_price': '£ 2.00', 'product_additionals': '£1.34/kg'}, 7.369999999999998, 0.18181818181818188), ({'shop': 'tesco', 'url': 'https://www.tesco.com/groceries/en-GB/products/307138172', 'product_name': 'Allinson Strong White Bread Flour 1Kg', 'product_price': '£ 1.80', 'product_additionals': '£1.80/kg'}, 9.450000000000001, 0.19047619047619047), ({'shop': 'asda', 'url': 'https://groceries.asda.com/product/77326875', 'product_name': 'Allinson Very Strong Bread Flour', 'product_price': '£1.97', 'product_additionals': '(£1.31/kg)'}, 6.05875, 0.21621621621621623), ({'shop': 'tesco', 'url': 'https://www.tesco.com/groceries/en-GB/products/271273388', 'product_name': 'Allinson Wholemeal Bread 1.5Kg', 'product_price': '£ 2.00', 'product_additionals': '£1.34/kg'}, 5.862500000000002, 0.22857142857142854), ({'shop': 'asda', 'url': 'https://groceries.asda.com/product/77326876', 'product_name': 'Allinson Wholemeal Very Strong Bread Flour', 'product_price': '£1.97', 'product_additionals': '(£1.31/kg)'}, 7.696249999999999, 0.17021276595744683), ({'shop': 'tesco', 'url': 'https://www.tesco.com/groceries/en-GB/products/306822170', 'product_name': "Allinson's Country Grain Bread Flour 1Kg", 'product_price': '£ 1.50', 'product_additionals': '£1.50/kg'}, 8.437499999999998, 0.1777777777777778), ({'shop': 'asda', 'url': 'https://groceries.asda.com/product/910002961674', 'product_name': "Allinson's The Champion Wholemeal Bread", 'product_price': '£1.40', 'product_additionals': '(21.5p/100g)'}, 1182.4999999999995, 0.18181818181818188), ({'shop': 'asda', 'url': 'https://groceries.asda.com/product/1000232966973', 'product_name': 'Arise Bakery White Bread Mix', 'product_price': '£1.50', 'product_additionals': '(30.0p/100g)'}, 1237.5, 0.24242424242424243), ({'shop': 'asda', 'url': 'https://groceries.asda.com/product/1000232966998', 'product_name': 'ASDA 10 Gingerbread Festive Friends', 'product_price': '£0.80', 'product_additionals': '(80.0p/100g)'}, 3200.0, 0.25), ({'shop': 'asda', 'url': 'https://groceries.asda.com/product/1000197281015', 'product_name': 'ASDA 2 Kebab Breads', 'product_price': '£1.00', 'product_additionals': '(30.3p/100g)'}, 727.1999999999998, 0.41666666666666674), ({'shop': 'asda', 'url': 'https://groceries.asda.com/product/1000162824659', 'product_name': 'ASDA All-Butter Shortbread Biscuits Tin', 'product_price': '£3.50', 'product_additionals': '(70.0p/100g)'}, 3079.9999999999995, 0.2272727272727273), ({'shop': 'asda', 'url': 'https://groceries.asda.com/product/1000162824589', 'product_name': 'ASDA All-Butter Shortbread Petticoat Tails', 'product_price': '£2.50', 'product_additionals': '(55.6p/100g)'}, 2613.2000000000003, 0.21276595744680848), ({'shop': 'asda', 'url': 'https://groceries.asda.com/product/38577', 'product_name': "ASDA Baker's Selection Tiger Chest Bread", 'product_price': '£1.15', 'product_additionals': '(14.4p/100g)'}, 809.9999999999999, 0.1777777777777778), ({'shop': 'asda', 'url': 'https://groceries.asda.com/product/38578', 'product_name': "ASDA Baker's Selection Tiger Chest Bread", 'product_price': '£0.85', 'product_additionals': '(21.2p/100g)'}, 1192.4999999999998, 0.1777777777777778), ({'shop': 'asda', 'url': 'https://groceries.asda.com/product/910000063300', 'product_name': "ASDA Baker's Selection Tiger Tin Bread", 'product_price': '£1.10', 'product_additionals': '(13.8p/100g)'}, 741.75, 0.18604651162790697), ({'shop': 'asda', 'url': 'https://groceries.asda.com/product/910000063295', 'product_name': "ASDA Baker's Selection Tiger Tin Bread", 'product_price': '£0.85', 'product_additionals': '(21.2p/100g)'}, 1139.5, 0.18604651162790697), ({'shop': 'asda', 'url': 'https://groceries.asda.com/product/21028', 'product_name': "ASDA Baker's Selection White Bloomer Bread", 'product_price': '£1.10', 'product_additionals': '(13.8p/100g)'}, 810.7499999999999, 0.17021276595744683), ({'shop': 'asda', 'url': 'https://groceries.asda.com/product/35245', 'product_name': "ASDA Baker's Selection White Bloomer Bread", 'product_price': '£0.85', 'product_additionals': '(21.2p/100g)'}, 1245.4999999999998, 0.17021276595744683), ({'shop': 'asda', 'url': 'https://groceries.asda.com/product/32725', 'product_name': "ASDA Baker's Selection White Bread", 'product_price': '£0.79', 'product_additionals': '(19.8p/100g)'}, 965.2500000000003, 0.20512820512820507), ({'shop': 'asda', 'url': 'https://groceries.asda.com/product/44257365', 'product_name': "ASDA Baker's Selection White Farmhouse Bread", 'product_price': '£0.79', 'product_additionals': '(19.8p/100g)'}, 1212.7500000000002, 0.16326530612244894), ({'shop': 'asda', 'url': 'https://groceries.asda.com/product/44257364', 'product_name': "ASDA Baker's Selection White Farmhouse Bread", 'product_price': '£1.15', 'product_additionals': '(14.4p/100g)'}, 882.0000000000002, 0.16326530612244894), ({'shop': 'asda', 'url': 'https://groceries.asda.com/product/394921', 'product_name': "ASDA Baker's Selection White Tin Bread", 'product_price': '£1.15', 'product_additionals': '(14.4p/100g)'}, 774.0, 0.18604651162790697), ({'shop': 'asda', 'url': 'https://groceries.asda.com/product/910000037999', 'product_name': "ASDA Baker's Selection White Tin Bread", 'product_price': '£1.15', 'product_additionals': '(14.4p/100g)'}, 774.0, 0.18604651162790697), ({'shop': 'asda', 'url': 'https://groceries.asda.com/product/1000217307826', 'product_name': "ASDA Baker's Selection Wholemeal Tin Bread Loaf ", 'product_price': '£1.15', 'product_additionals': '(14.4p/100g)'}, 954.0000000000002, 0.15094339622641506), ({'shop': 'asda', 'url': 'https://groceries.asda.com/product/1000217307822', 'product_name': "ASDA Baker's Selection Wholemeal Tin Bread Loaf ", 'product_price': '£0.85', 'product_additionals': '(21.2p/100g)'}, 1404.5000000000002, 0.15094339622641506), ({'shop': 'asda', 'url': 'https://groceries.asda.com/product/910000543337', 'product_name': 'ASDA Bread Sauce Mix', 'product_price': '£0.39', 'product_additionals': '(97.5p/100g)'}, 3046.8749999999995, 0.32000000000000006), ({'shop': 'asda', 'url': 'https://groceries.asda.com/product/910001460963', 'product_name': 'ASDA Breaded 2 Chunky Cod Fillets', 'product_price': '£3.20', 'product_additionals': '(£9.14/kg)'}, 43.415000000000006, 0.21052631578947367), ({'shop': 'asda', 'url': 'https://groceries.asda.com/product/910000450649', 'product_name': 'ASDA Breaded 2 Haddock Fillets', 'product_price': '£2.40', 'product_additionals': '(£8.45/kg)'}, 36.96875, 0.22857142857142854), ({'shop': 'asda', 'url': 'https://groceries.asda.com/product/1000003407964', 'product_name': 'ASDA Breaded Ham on the Bone', 'product_price': '£1.65', 'product_additionals': '(£1.24/100g)'}, 51.15, 0.24242424242424243), ({'shop': 'asda', 'url': 'https://groceries.asda.com/product/910003011020', 'product_name': 'ASDA Breaded Ham Slices', 'product_price': '£1.65', 'product_additionals': '(55.0p/100g)'}, 1925.0, 0.2857142857142857), ({'shop': 'asda', 'url': 'https://groceries.asda.com/product/1000230163870', 'product_name': 'ASDA Christmas Shortbread Baking Kit', 'product_price': '£2.00', 'product_additionals': '(92.2p/100g)'}, 3780.2000000000003, 0.24390243902439024), ({'shop': 'asda', 'url': 'https://groceries.asda.com/product/910000284816', 'product_name': 'ASDA Crispbread', 'product_price': '£0.76', 'product_additionals': '(60.8p/100g)'}, 1216.0, 0.5), ({'shop': 'asda', 'url': 'https://groceries.asda.com/product/1000136816427', 'product_name': 'ASDA Extra Special 9 All-Butter Shortbread Rounds', 'product_price': '£1.52', 'product_additionals': '(84.4p/100g)'}, 4557.600000000001, 0.18518518518518512), ({'shop': 'asda', 'url': 'https://groceries.asda.com/product/1000001431175', 'product_name': "ASDA Extra Special Bake in the Box Belgian Chocolate Millionaires' Shortbread", 'product_price': '£1.30', 'product_additionals': '(34.2p/100g)'}, 2804.4, 0.12195121951219512), ({'shop': 'asda', 'url': 'https://groceries.asda.com/product/910003041519', 'product_name': 'ASDA Extra Special Farmhouse White Bread', 'product_price': '£1.10', 'product_additionals': '(13.8p/100g)'}, 776.2499999999999, 0.1777777777777778), ({'shop': 'asda', 'url': 'https://groceries.asda.com/product/910003041844', 'product_name': 'ASDA Extra Special Farmhouse Wholemeal & Rye Bread', 'product_price': '£1.10', 'product_additionals': '(13.8p/100g)'}, 948.7499999999997, 0.1454545454545455), ({'shop': 'asda', 'url': 'https://groceries.asda.com/product/910000325010', 'product_name': 'ASDA Extra Special Italian Black Olive Breadsticks', 'product_price': '£1.55', 'product_additionals': '(£1.19/100g)'}, 81.81249999999997, 0.1454545454545455), ({'shop': 'asda', 'url': 'https://groceries.asda.com/product/910000325058', 'product_name': 'ASDA Extra Special Italian Breadsticks', 'product_price': '£1.55', 'product_additionals': '(£1.19/100g)'}, 63.962500000000006, 0.18604651162790697), ({'shop': 'asda', 'url': 'https://groceries.asda.com/product/910003090815', 'product_name': 'ASDA Extra Special Parisian Bread', 'product_price': '£1.50', 'product_additionals': '(37.5p/100g)'}, 1781.25, 0.21052631578947367), ({'shop': 'asda', 'url': 'https://groceries.asda.com/product/910000028999', 'product_name': 'ASDA Extra Special Scottish Shortbread Fingers', 'product_price': '£1.65', 'product_additionals': '(82.5p/100g)'}, 4207.500000000001, 0.196078431372549), ({'shop': 'asda', 'url': 'https://groceries.asda.com/product/1000233167238', 'product_name': 'ASDA Extra Special Shortbread Biscuits Selection', 'product_price': '£4.00', 'product_additionals': '(71.4p/100g)'}, 3784.2000000000007, 0.18867924528301883), ({'shop': 'asda', 'url': 'https://groceries.asda.com/product/910003042066', 'product_name': 'ASDA Extra Special Super Seeded Bread', 'product_price': '£0.75', 'product_additionals': '(9.4p/100g)'}, 493.5, 0.19047619047619047), ({'shop': 'asda', 'url': 'https://groceries.asda.com/product/910002521969', 'product_name': 'ASDA Golden Breadcrumbs', 'product_price': '£0.80', 'product_additionals': '(45.7p/100g)'}, 1599.5, 0.2857142857142857), ({'shop': 'asda', 'url': 'https://groceries.asda.com/product/910001400838', 'product_name': 'ASDA Mini Breadsticks', 'product_price': '£1.40', 'product_additionals': '(£1.06/100g)'}, 34.449999999999996, 0.3076923076923077), ({'shop': 'asda', 'url': 'https://groceries.asda.com/product/910001396772', 'product_name': 'ASDA Mixed Grain & Seed Bread Mix', 'product_price': '£0.69', 'product_additionals': '(13.8p/100g)'}, 655.5, 0.21052631578947367), ({'shop': 'asda', 'url': 'https://groceries.asda.com/product/1000001822245', 'product_name': 'ASDA Multi Seeded Folded Flatbreads', 'product_price': '£0.79', 'product_additionals': '(37.6p/100g)'}, 1504.0, 0.25), ({'shop': 'asda', 'url': 'https://groceries.asda.com/product/80190762', 'product_name': 'ASDA Organic White Bread Flour', 'product_price': '£1.29', 'product_additionals': '(£1.29/kg)'}, 5.643750000000001, 0.22857142857142854), ({'shop': 'asda', 'url': 'https://groceries.asda.com/product/910002369651', 'product_name': 'ASDA Panko Breadcrumbs', 'product_price': '£1.25', 'product_additionals': '(£17.86/kg)'}, 60.2775, 0.2962962962962963), ({'shop': 'asda', 'url': 'https://groceries.asda.com/product/910002521575', 'product_name': 'ASDA Plain Breadcrumbs', 'product_price': '£0.80', 'product_additionals': '(45.7p/100g)'}, 1542.375, 0.2962962962962963), ({'shop': 'asda', 'url': 'https://groceries.asda.com/product/1000001820108', 'product_name': 'ASDA Plain Folded Flatbreads', 'product_price': '£0.79', 'product_additionals': '(37.6p/100g)'}, 1240.8000000000002, 0.303030303030303), ({'shop': 'asda', 'url': 'https://groceries.asda.com/product/910001400485', 'product_name': 'ASDA Sesame Italian Breadsticks', 'product_price': '£0.84', 'product_additionals': '(67.2p/100g)'}, 3024.0, 0.2222222222222222), ({'shop': 'asda', 'url': 'https://groceries.asda.com/product/910002989320', 'product_name': 'ASDA Square Cut Medium White Bread', 'product_price': '£0.49', 'product_additionals': '(6.1p/100g)'}, 297.3750000000001, 0.20512820512820507), ({'shop': 'asda', 'url': 'https://groceries.asda.com/product/910000226861', 'product_name': 'ASDA Thick Sliced Breaded Dry Cured Ham Slices', 'product_price': '£3.00', 'product_additionals': '(£1.00/100g)'}, 63.75, 0.1568627450980392), ({'shop': 'asda', 'url': 'https://groceries.asda.com/product/80190767', 'product_name': 'ASDA White Bread Mix', 'product_price': '£0.64', 'product_additionals': '(12.8p/100g)'}, 399.99999999999994, 0.32000000000000006), ({'shop': 'asda', 'url': 'https://groceries.asda.com/product/910002082693', 'product_name': 'Benus Sliced Four Whole Grain Bread', 'product_price': '£1.25', 'product_additionals': '(25.0p/100g)'}, 1250.0000000000002, 0.19999999999999996), ({'shop': 'asda', 'url': 'https://groceries.asda.com/product/1000000986358', 'product_name': 'Bernard Matthews Golden Breaded Turkey Escalopes', 'product_price': '£2.00', 'product_additionals': '(£7.69/kg)'}, 50.94625000000001, 0.15094339622641506), ({'shop': 'tesco', 'url': 'https://www.tesco.com/groceries/en-GB/products/307753917', 'product_name': 'Betty Crocker Salted Caramel Shortbread Mix 345G', 'product_price': '£ 2.00', 'product_additionals': '£5.80/kg'}, 30.740000000000006, 0.18867924528301883), ({'shop': 'tesco', 'url': 'https://www.tesco.com/groceries/en-GB/products/303617798', 'product_name': 'Bfree 7 Grain Pitta Bread 220G', 'product_price': '£ 2.50', 'product_additionals': '£1.14/100g'}, 49.87500000000001, 0.22857142857142854), ({'shop': 'tesco', 'url': 'https://www.tesco.com/groceries/en-GB/products/297373973', 'product_name': 'Bfree Stone Bake Gluten Free Pitta Bread 6X32g', 'product_price': '£ 2.50', 'product_additionals': '£1.31/100g'}, 83.5125, 0.1568627450980392), ({'shop': 'tesco', 'url': 'https://www.tesco.com/groceries/en-GB/products/291243774', 'product_name': 'Bfree Stone Baked Pitta Bread 220G', 'product_price': '£ 2.35', 'product_additionals': '£10.69/kg'}, 52.11375000000001, 0.20512820512820507), ({'shop': 'tesco', 'url': 'https://www.tesco.com/groceries/en-GB/products/303334245', 'product_name': 'Birds Eye 4 Large Breaded Cod Fillets 440G', 'product_price': '£ 4.80', 'product_additionals': '£10.91/kg'}, 64.09625, 0.17021276595744683), ({'shop': 'tesco', 'url': 'https://www.tesco.com/groceries/en-GB/products/303334280', 'product_name': 'Birds Eye 4 Large Breaded Haddock 440G', 'product_price': '£ 4.80', 'product_additionals': '£10.91/kg'}, 58.64125, 0.18604651162790697), ({'shop': 'asda', 'url': 'https://groceries.asda.com/product/1000218525296', 'product_name': 'BOSH! Vegan Spiced Panko Breadcrumbs', 'product_price': '£2.49', 'product_additionals': '(£1.25/100g)'}, 64.06250000000001, 0.19512195121951215), ({'shop': 'asda', 'url': 'https://groceries.asda.com/product/537337', 'product_name': 'Burgen Soya & Linseed Bread', 'product_price': '£1.25', 'product_additionals': '(15.6p/100g)'}, 624.0, 0.25), ({'shop': 'asda', 'url': 'https://groceries.asda.com/product/1000169694811', 'product_name': 'Cadbury Dairy Milk Gingerbread Chocolate Bar', 'product_price': '£1.00', 'product_additionals': '(83.3p/100g)'}, 4081.7, 0.20408163265306123), ({'shop': 'asda', 'url': 'https://groceries.asda.com/product/1000136352489', 'product_name': 'Caffe Amalfi Rustic Breadsticks with Sea Salt and Olive Oil', 'product_price': '£1.50', 'product_additionals': '(£1.20/100g)'}, 96.0, 0.125), ({'shop': 'asda', 'url': 'https://groceries.asda.com/product/1000136352492', 'product_name': 'Caffe Amalfi Thin Italian Breadsticks with Olive Oil', 'product_price': '£1.00', 'product_additionals': '(83.3p/100g)'}, 5935.125, 0.14035087719298245), ({'shop': 'tesco', 'url': 'https://www.tesco.com/groceries/en-GB/products/305733449', 'product_name': 'Clay Oven Bakery 2 Large Stretched Naan Bread 360G', 'product_price': '£ 1.50', 'product_additionals': '£0.42/100g'}, 28.874999999999993, 0.1454545454545455), ({'shop': 'tesco', 'url': 'https://www.tesco.com/groceries/en-GB/products/306798939', 'product_name': 'Clay Oven Bakery 2 Plain Naan Breads 360G', 'product_price': '£ 1.50', 'product_additionals': '£0.42/100g'}, 24.150000000000002, 0.17391304347826086), ({'shop': 'asda', 'url': 'https://groceries.asda.com/product/910001537650', 'product_name': "Colman's Bread Sauce Mix", 'product_price': '£0.80', 'product_additionals': '(£2.00/100g)'}, 72.5, 0.27586206896551724), ({'shop': 'tesco', 'url': 'https://www.tesco.com/groceries/en-GB/products/300954322', 'product_name': 'Counter The Artisan Bread Company Tomato Sal Brus 70G', 'product_price': '£ 1.60', 'product_additionals': '£2.29/100g'}, 166.02499999999992, 0.13793103448275867), ({'shop': 'tesco', 'url': 'https://www.tesco.com/groceries/en-GB/products/305435877', 'product_name': 'Creative Nature W.Grain Banana Bread Baking Mix 250G', 'product_price': '£ 2.99', 'product_additionals': '£11.96/kg'}, 85.21500000000002, 0.14035087719298245), ({'shop': 'tesco', 'url': 'https://www.tesco.com/groceries/en-GB/products/277731954', 'product_name': 'Crosta & Mollica Torines Breadsticks 120G', 'product_price': '£ 1.09', 'product_additionals': '£0.91/100g'}, 52.325, 0.17391304347826086), ({'shop': 'tesco', 'url': 'https://www.tesco.com/groceries/en-GB/products/251015495', 'product_name': 'Dairylea Dunkers Breadsticks 4 X 47G', 'product_price': '£ 2.25', 'product_additionals': '£11.97/kg'}, 61.34625000000002, 0.19512195121951215), ({'shop': 'asda', 'url': 'https://groceries.asda.com/product/1226074', 'product_name': 'Dairylea Dunkers Breadsticks with Cheese x4', 'product_price': '£1.50', 'product_additionals': '(£7.98/kg)'}, 47.88000000000001, 0.16666666666666663), ({'shop': 'tesco', 'url': 'https://www.tesco.com/groceries/en-GB/products/305530793', 'product_name': 'Deli Kitchen 4 Greek Style Flatbreads 320G', 'product_price': '£ 1.35', 'product_additionals': '£0.42/100g'}, 19.740000000000002, 0.21276595744680848), ({'shop': 'asda', 'url': 'https://groceries.asda.com/product/1000188692325', 'product_name': 'Deli Kitchen Brioche Folded Flatbreads', 'product_price': '£1.35', 'product_additionals': '(64.3p/100g)'}, 2764.9000000000005, 0.2325581395348837), ({'shop': 'asda', 'url': 'https://groceries.asda.com/product/910000388154', 'product_name': 'Dina Large White Bread Wraps', 'product_price': '£0.90', 'product_additionals': '(16.4p/100g)'}, 676.5, 0.24242424242424243), ({'shop': 'asda', 'url': 'https://groceries.asda.com/product/910000387572', 'product_name': 'Dina Paninette White Bread Wraps', 'product_price': '£0.90', 'product_additionals': '(32.7p/100g)'}, 1512.3750000000002, 0.21621621621621623), ({'shop': 'asda', 'url': 'https://groceries.asda.com/product/910000388107', 'product_name': 'Dina Paninette Wholemeal Bread Wraps', 'product_price': '£0.90', 'product_additionals': '(32.7p/100g)'}, 1675.8750000000007, 0.19512195121951215), ({'shop': 'asda', 'url': 'https://groceries.asda.com/product/910000388173', 'product_name': 'Dina White Mini Pitta Bread', 'product_price': '£0.55', 'product_additionals': '(15.3p/100g)'}, 612.0, 0.25), ({'shop': 'asda', 'url': 'https://groceries.asda.com/product/910001184127', 'product_name': 'Dina Wholemeal Mini Pitta Breads', 'product_price': '£0.55', 'product_additionals': '(15.3p/100g)'}, 707.625, 0.21621621621621623), ({'shop': 'tesco', 'url': 'https://www.tesco.com/groceries/en-GB/products/257123599', 'product_name': 'Doves Farm Gluten Free White Bread Flour 1Kg', 'product_price': '£ 1.70', 'product_additionals': '£1.70/kg'}, 10.412500000000003, 0.16326530612244894), ({'shop': 'tesco', 'url': 'https://www.tesco.com/groceries/en-GB/products/290564310', 'product_name': 'Dr Karg 3 Seeds Crisp Bread Slices 200G', 'product_price': '£ 2.00', 'product_additionals': '£1.00/100g'}, 54.99999999999998, 0.18181818181818188), ({'shop': 'tesco', 'url': 'https://www.tesco.com/groceries/en-GB/products/260391973', 'product_name': 'Dr Karg Organic Cheese & Pumpkin Seed Crisp Bread 200G', 'product_price': '£ 2.00', 'product_additionals': '£1.00/100g'}, 73.75000000000001, 0.13559322033898302), ({'shop': 'asda', 'url': 'https://groceries.asda.com/product/1000135191500', 'product_name': "Dr. Karg's Organic Crispbread Emmental Cheese & Pumpkin Seed", 'product_price': '£1.89', 'product_additionals': '(94.5p/100g)'}, 6142.5, 0.15384615384615385), ({'shop': 'tesco', 'url': 'https://www.tesco.com/groceries/en-GB/products/292759370', 'product_name': "Ella's Kitchen Banana & Vanilla Bread Pudding 4X80g", 'product_price': '£ 1.75', 'product_additionals': '£4.87/kg'}, 34.09000000000002, 0.1428571428571428), ({'shop': 'tesco', 'url': 'https://www.tesco.com/groceries/en-GB/products/279844604', 'product_name': 'Fedon Breadsticks With Sesame Seeds250g', 'product_price': '£ 1.50', 'product_additionals': '£0.60/100g'}, 32.999999999999986, 0.18181818181818188), ({'shop': 'tesco', 'url': 'https://www.tesco.com/groceries/en-GB/products/302181582', 'product_name': 'Fro Oat & Sunflower Seed Crisp Bread 200G', 'product_price': '£ 1.95', 'product_additionals': '£0.98/100g'}, 56.35000000000001, 0.17391304347826086), ({'shop': 'tesco', 'url': 'https://www.tesco.com/groceries/en-GB/products/302181609', 'product_name': 'Fro Thyme & Sea Salt Crisp Bread 200G', 'product_price': '£ 1.95', 'product_additionals': '£0.98/100g'}, 51.45000000000001, 0.19047619047619047), ({'shop': 'asda', 'url': 'https://groceries.asda.com/product/910000042143', 'product_name': 'Grissini Plain Breadsticks', 'product_price': '£0.80', 'product_additionals': '(64.0p/100g)'}, 2480.0, 0.25806451612903225), ({'shop': 'tesco', 'url': 'https://www.tesco.com/groceries/en-GB/products/299045570', 'product_name': "H W Nevill's White Bread 800G", 'product_price': '£ 0.36', 'product_additionals': '£0.04/100g'}, 1.6999999999999997, 0.23529411764705888), ({'shop': 'tesco', 'url': 'https://www.tesco.com/groceries/en-GB/products/299045558', 'product_name': "H W Nevill's Wholemeal Bread 800G", 'product_price': '£ 0.36', 'product_additionals': '£0.04/100g'}, 1.9000000000000001, 0.21052631578947367), ({'shop': 'tesco', 'url': 'https://www.tesco.com/groceries/en-GB/products/299587469', 'product_name': 'Hearty Food Co 20 Breaded Chicken Nuggets 320G', 'product_price': '£ 0.85', 'product_additionals': '£2.66/kg'}, 16.9575, 0.1568627450980392), ({'shop': 'tesco', 'url': 'https://www.tesco.com/groceries/en-GB/products/299596458', 'product_name': 'Hearty Food Co 8 Breaded Chicken Burgers 456G', 'product_price': '£ 0.97', 'product_additionals': '£2.13/kg'}, 13.312499999999996, 0.16000000000000003), ({'shop': 'tesco', 'url': 'https://www.tesco.com/groceries/en-GB/products/306945888', 'product_name': 'Hearty Food Co. 4 Breaded Chicken Steaks 505G', 'product_price': '£ 1.69', 'product_additionals': '£3.35/kg'}, 20.937499999999996, 0.16000000000000003), ({'shop': 'tesco', 'url': 'https://www.tesco.com/groceries/en-GB/products/298865009', 'product_name': 'Hearty Food Co. Breaded Chicken Goujons 270G', 'product_price': '£ 1.05', 'product_additionals': '£3.89/kg'}, 23.826250000000005, 0.16326530612244894), ({'shop': 'tesco', 'url': 'https://www.tesco.com/groceries/en-GB/products/307348073', 'product_name': 'Heat & Enjoy Garlic Bread 200G', 'product_price': '£ 3.00', 'product_additionals': '£15.00/kg'}, 65.62500000000001, 0.22857142857142854), ({'shop': 'tesco', 'url': 'https://www.tesco.com/groceries/en-GB/products/274811254', 'product_name': 'Hovis 7 Seeds Wholemeal Bread 800G', 'product_price': '£ 1.50', 'product_additionals': '£0.19/100g'}, 9.262500000000003, 0.20512820512820507), ({'shop': 'asda', 'url': 'https://groceries.asda.com/product/22642144', 'product_name': 'Hovis Authentic Granary Bread', 'product_price': '£0.95', 'product_additionals': '(23.8p/100g)'}, 1011.4999999999998, 0.23529411764705888), ({'shop': 'tesco', 'url': 'https://www.tesco.com/groceries/en-GB/products/279505857', 'product_name': 'Hovis Best Of Both Medium White Bread 750G', 'product_price': '£ 1.10', 'product_additionals': '£0.15/100g'}, 8.812499999999998, 0.17021276595744683), ({'shop': 'tesco', 'url': 'https://www.tesco.com/groceries/en-GB/products/279505707', 'product_name': 'Hovis Best Of Both Thick White Bread 750G', 'product_price': '£ 1.10', 'product_additionals': '£0.15/100g'}, 8.625, 0.17391304347826086), ({'shop': 'asda', 'url': 'https://groceries.asda.com/product/1000001429981', 'product_name': 'Hovis Granary Bread Flour', 'product_price': '£1.79', 'product_additionals': '(£1.79/kg)'}, 6.712500000000001, 0.2666666666666666), ({'shop': 'tesco', 'url': 'https://www.tesco.com/groceries/en-GB/products/250871708', 'product_name': 'Hovis Granary Thick Bread 800G', 'product_price': '£ 1.45', 'product_additionals': '£0.18/100g'}, 7.875000000000002, 0.22857142857142854), ({'shop': 'asda', 'url': 'https://groceries.asda.com/product/1670454', 'product_name': 'Hovis Granary Wholemeal Bread', 'product_price': '£1.65', 'product_additionals': '(20.6p/100g)'}, 875.4999999999998, 0.23529411764705888), ({'shop': 'tesco', 'url': 'https://www.tesco.com/groceries/en-GB/products/254944133', 'product_name': 'Hovis Granary Wholemeal Bread 800G', 'product_price': '£ 1.45', 'product_additionals': '£0.18/100g'}, 8.775000000000002, 0.20512820512820507), ({'shop': 'asda', 'url': 'https://groceries.asda.com/product/1000001205348', 'product_name': 'Hovis Lower Carb Deliciously Seeded Bread', 'product_price': '£1.10', 'product_additionals': '(27.5p/100g)'}, 1265.0000000000002, 0.21739130434782605), ({'shop': 'asda', 'url': 'https://groceries.asda.com/product/24742', 'product_name': 'Hovis Medium Wholemeal Bread', 'product_price': '£1.10', 'product_additionals': '(13.8p/100g)'}, 569.25, 0.24242424242424243), ({'shop': 'asda', 'url': 'https://groceries.asda.com/product/82185114', 'product_name': 'Hovis Nimble Wholemeal Bread', 'product_price': '£0.90', 'product_additionals': '(22.5p/100g)'}, 742.5000000000001, 0.303030303030303), ({'shop': 'tesco', 'url': 'https://www.tesco.com/groceries/en-GB/products/274811214', 'product_name': 'Hovis Original 7 Seeds Bread 800G', 'product_price': '£ 1.50', 'product_additionals': '£0.19/100g'}, 9.025, 0.21052631578947367), ({'shop': 'tesco', 'url': 'https://www.tesco.com/groceries/en-GB/products/259747508', 'product_name': 'Hovis Original Granary Bread 400G', 'product_price': '£ 0.95', 'product_additionals': '£0.24/100g'}, 11.4, 0.21052631578947367), ({'shop': 'asda', 'url': 'https://groceries.asda.com/product/9277509', 'product_name': 'Hovis Original Wheatgerm Bread', 'product_price': '£0.95', 'product_additionals': '(23.8p/100g)'}, 1041.2500000000002, 0.22857142857142854), ({'shop': 'asda', 'url': 'https://groceries.asda.com/product/910000876228', 'product_name': 'Hovis Seed Sensations Seven Seeds Bread', 'product_price': '£1.05', 'product_additionals': '(26.2p/100g)'}, 1440.9999999999995, 0.18181818181818188), ({'shop': 'asda', 'url': 'https://groceries.asda.com/product/910000875750', 'product_name': 'Hovis Seed Sensations Seven Seeds Bread', 'product_price': '£1.64', 'product_additionals': '(20.5p/100g)'}, 1127.4999999999995, 0.18181818181818188), ({'shop': 'asda', 'url': 'https://groceries.asda.com/product/910000876519', 'product_name': 'Hovis Seed Sensations Wholemeal Bread', 'product_price': '£1.65', 'product_additionals': '(20.6p/100g)'}, 1081.5, 0.19047619047619047), ({'shop': 'tesco', 'url': 'https://www.tesco.com/groceries/en-GB/products/267363266', 'product_name': 'Hovis Soft White Extra Thick Bread 800G', 'product_price': '£ 1.10', 'product_additionals': '£0.14/100g'}, 7.699999999999997, 0.18181818181818188), ({'shop': 'tesco', 'url': 'https://www.tesco.com/groceries/en-GB/products/256174499', 'product_name': 'Hovis Soft White Medium Bread 800G', 'product_price': '£ 1.09', 'product_additionals': '£0.14/100g'}, 6.825000000000002, 0.20512820512820507), ({'shop': 'tesco', 'url': 'https://www.tesco.com/groceries/en-GB/products/254550817', 'product_name': 'Hovis Soft White Thick Bread 800G', 'product_price': '£ 1.10', 'product_additionals': '£0.14/100g'}, 6.65, 0.21052631578947367), ({'shop': 'asda', 'url': 'https://groceries.asda.com/product/66006934', 'product_name': 'Hovis Tasty Wholemeal Bread', 'product_price': '£0.85', 'product_additionals': '(21.2p/100g)'}, 848.0, 0.25), ({'shop': 'asda', 'url': 'https://groceries.asda.com/product/22642143', 'product_name': 'Hovis Thick Granary Bread', 'product_price': '£1.45', 'product_additionals': '(18.1p/100g)'}, 678.7500000000001, 0.2666666666666666), ({'shop': 'asda', 'url': 'https://groceries.asda.com/product/36493', 'product_name': 'Hovis Thick Wholemeal Bread', 'product_price': '£1.10', 'product_additionals': '(13.8p/100g)'}, 552.0, 0.25), ({'shop': 'tesco', 'url': 'https://www.tesco.com/groceries/en-GB/products/250829858', 'product_name': 'Hovis Wholemeal Medium Bread 400G', 'product_price': '£ 0.85', 'product_additionals': '£0.21/100g'}, 9.975000000000001, 0.21052631578947367), ({'shop': 'tesco', 'url': 'https://www.tesco.com/groceries/en-GB/products/255000362', 'product_name': 'Hovis Wholemeal Medium Bread 800G', 'product_price': '£ 1.10', 'product_additionals': '£0.14/100g'}, 6.65, 0.21052631578947367), ({'shop': 'tesco', 'url': 'https://www.tesco.com/groceries/en-GB/products/263518014', 'product_name': 'Hovis Wholemeal Thick Bread 800G', 'product_price': '£ 1.10', 'product_additionals': '£0.14/100g'}, 6.475, 0.21621621621621623), ({'shop': 'asda', 'url': 'https://groceries.asda.com/product/910001258151', 'product_name': "Jacob's Mixed Grain Crispbread", 'product_price': '£1.50', 'product_additionals': '(79.0p/100g)'}, 2765.0, 0.2857142857142857), ({'shop': 'asda', 'url': 'https://groceries.asda.com/product/910001257536', 'product_name': "Jacob's Mixed Seed Crispbread", 'product_price': '£1.50', 'product_additionals': '(79.0p/100g)'}, 2685.9999999999995, 0.2941176470588236), ({'shop': 'asda', 'url': 'https://groceries.asda.com/product/910000331114', 'product_name': "Jacob's Salt & Black Pepper Flatbreads", 'product_price': '£1.50', 'product_additionals': '(£1.00/100g)'}, 43.00000000000001, 0.2325581395348837), ({'shop': 'asda', 'url': 'https://groceries.asda.com/product/910001258488', 'product_name': "Jacob's Simply Baked Chive Crispbread", 'product_price': '£1.50', 'product_additionals': '(79.0p/100g)'}, 3317.9999999999995, 0.23809523809523814), ({'shop': 'tesco', 'url': 'https://www.tesco.com/groceries/en-GB/products/281840917', 'product_name': 'Jacobs Chive Crisp Bread 190G', 'product_price': '£ 1.49', 'product_additionals': '£0.78/100g'}, 26.519999999999992, 0.2941176470588236), ({'shop': 'tesco', 'url': 'https://www.tesco.com/groceries/en-GB/products/267077511', 'product_name': 'Jacobs Flatbread Salt & Cracked Black Pepper 150G', 'product_price': '£ 1.79', 'product_additionals': '£1.20/100g'}, 64.80000000000003, 0.18518518518518512), ({'shop': 'tesco', 'url': 'https://www.tesco.com/groceries/en-GB/products/281841254', 'product_name': 'Jacobs Mixed Grain Crisp Bread 190G', 'product_price': '£ 1.49', 'product_additionals': '£0.78/100g'}, 31.2, 0.25), ({'shop': 'tesco', 'url': 'https://www.tesco.com/groceries/en-GB/products/261738730', 'product_name': 'Kingsmill 50/50 Medium Bread 800G', 'product_price': '£ 0.85', 'product_additionals': '£0.11/100g'}, 5.2250000000000005, 0.21052631578947367), ({'shop': 'tesco', 'url': 'https://www.tesco.com/groceries/en-GB/products/260630288', 'product_name': 'Kingsmill 50/50 No Crusts Bread 400G', 'product_price': '£ 1.40', 'product_additionals': '£0.35/100g'}, 17.937500000000004, 0.19512195121951215), ({'shop': 'tesco', 'url': 'https://www.tesco.com/groceries/en-GB/products/252065992', 'product_name': 'Kingsmill 50/50 Thick Bread 800G', 'product_price': '£ 0.85', 'product_additionals': '£0.11/100g'}, 5.0875, 0.21621621621621623), ({'shop': 'asda', 'url': 'https://groceries.asda.com/product/42747407', 'product_name': 'Kingsmill Medium 50/50 Bread', 'product_price': '£0.85', 'product_additionals': '(10.6p/100g)'}, 437.25, 0.24242424242424243), ({'shop': 'asda', 'url': 'https://groceries.asda.com/product/42747415', 'product_name': 'Kingsmill Medium Soft White Bread', 'product_price': '£0.89', 'product_additionals': '(11.1p/100g)'}, 527.25, 0.21052631578947367), ({'shop': 'asda', 'url': 'https://groceries.asda.com/product/42747403', 'product_name': 'Kingsmill Medium Tasty Wholemeal Bread', 'product_price': '£0.94', 'product_additionals': '(11.8p/100g)'}, 634.25, 0.18604651162790697), ({'shop': 'asda', 'url': 'https://groceries.asda.com/product/31248811', 'product_name': 'Kingsmill No Crusts 50/50 Bread', 'product_price': '£1.50', 'product_additionals': '(37.5p/100g)'}, 1687.5, 0.2222222222222222), ({'shop': 'asda', 'url': 'https://groceries.asda.com/product/31248810', 'product_name': 'Kingsmill No Crusts Soft White Bread', 'product_price': '£1.40', 'product_additionals': '(35.0p/100g)'}, 1793.7500000000005, 0.19512195121951215), ({'shop': 'asda', 'url': 'https://groceries.asda.com/product/910002327657', 'product_name': 'Kingsmill No Crusts Wholemeal Bread', 'product_price': '£1.40', 'product_additionals': '(35.0p/100g)'}, 1750.0000000000005, 0.19999999999999996), ({'shop': 'tesco', 'url': 'https://www.tesco.com/groceries/en-GB/products/259804954', 'product_name': 'Kingsmill Soft White Medium Bread 800G', 'product_price': '£ 0.95', 'product_additionals': '£0.12/100g'}, 6.45, 0.18604651162790697), ({'shop': 'tesco', 'url': 'https://www.tesco.com/groceries/en-GB/products/259804983', 'product_name': 'Kingsmill Soft White Thick Bread 800G', 'product_price': '£ 0.95', 'product_additionals': '£0.12/100g'}, 6.3, 0.19047619047619047), ({'shop': 'tesco', 'url': 'https://www.tesco.com/groceries/en-GB/products/252990345', 'product_name': 'Kingsmill Tasty Wholemeal Medium Bread 800G', 'product_price': '£ 0.95', 'product_additionals': '£0.12/100g'}, 7.200000000000001, 0.16666666666666663), ({'shop': 'asda', 'url': 'https://groceries.asda.com/product/42747409', 'product_name': 'Kingsmill Thick 50/50 Bread', 'product_price': '£0.85', 'product_additionals': '(10.6p/100g)'}, 424.0, 0.25), ({'shop': 'asda', 'url': 'https://groceries.asda.com/product/42747401', 'product_name': 'Kingsmill Thick Soft White Bread', 'product_price': '£0.89', 'product_additionals': '(11.1p/100g)'}, 513.375, 0.21621621621621623), ({'shop': 'asda', 'url': 'https://groceries.asda.com/product/42747405', 'product_name': 'Kingsmill Thick Tasty Wholemeal Bread', 'product_price': '£0.95', 'product_additionals': '(11.9p/100g)'}, 624.75, 0.19047619047619047), ({'shop': 'tesco', 'url': 'https://www.tesco.com/groceries/en-GB/products/293417975', 'product_name': 'Marmite Flatbreads 140G', 'product_price': '£ 2.45', 'product_additionals': '£1.75/100g'}, 48.99999999999999, 0.3571428571428572), ({'shop': 'asda', 'url': 'https://groceries.asda.com/product/1000013420369', 'product_name': 'Marmite Yeast Extract Flatbreads', 'product_price': '£2.45', 'product_additionals': '(£1.75/100g)'}, 64.75, 0.2702702702702703), ({'shop': 'asda', 'url': 'https://groceries.asda.com/product/1000242811762', 'product_name': "McVitie's Digestives Gingerbread Milk Chocolate Biscuits", 'product_price': '£1.50', 'product_additionals': '(60.0p/100g)'}, 3660.000000000001, 0.16393442622950816), ({'shop': 'asda', 'url': 'https://groceries.asda.com/product/1000113394406', 'product_name': "McVitie's Mini Gingerbread Men 6 Packs", 'product_price': '£1.00', 'product_additionals': '(87.7p/100g)'}, 3771.1000000000004, 0.2325581395348837), ({'shop': 'tesco', 'url': 'https://www.tesco.com/groceries/en-GB/products/306932886', 'product_name': 'Molino Pasini Pizza & Focaccia Bread Mix 1000G', 'product_price': '£ 1.70', 'product_additionals': '£1.70/kg'}, 10.8375, 0.1568627450980392), ({'shop': 'tesco', 'url': 'https://www.tesco.com/groceries/en-GB/products/301804113', 'product_name': 'Nairns Gluten Free Rosemary & Sea Salt Flatbreads 150G', 'product_price': '£ 1.75', 'product_additionals': '£1.17/100g'}, 69.03, 0.1694915254237288), ({'shop': 'tesco', 'url': 'https://www.tesco.com/groceries/en-GB/products/302289949', 'product_name': 'Nishaan Plain Mini Naan Breads 6 Pack 300G', 'product_price': '£ 1.20', 'product_additionals': '£0.40/100g'}, 23.499999999999996, 0.17021276595744683), ({'shop': 'tesco', 'url': 'https://www.tesco.com/groceries/en-GB/products/307145249', 'product_name': 'Northern Dough Co. Sourdough Bread Dough 440G', 'product_price': '£ 2.50', 'product_additionals': '£0.57/100g'}, 35.62499999999999, 0.16000000000000003), ({'shop': 'asda', 'url': 'https://groceries.asda.com/product/910001454708', 'product_name': 'Nutella & Go! Hazelnut Spread with Cocoa and Breadsticks Single', 'product_price': '£1.00', 'product_additionals': '(£2.08/100g)'}, 176.79999999999995, 0.11764705882352944), ({'shop': 'tesco', 'url': 'https://www.tesco.com/groceries/en-GB/products/255335829', 'product_name': 'Organix Gingerbread Men 135G', 'product_price': '£ 2.00', 'product_additionals': '£1.49/100g'}, 49.17000000000001, 0.303030303030303), ({'shop': 'tesco', 'url': 'https://www.tesco.com/groceries/en-GB/products/266197791', 'product_name': 'Organix Mini Gingerbread Men 5 X 25G', 'product_price': '£ 2.30', 'product_additionals': '£18.40/kg'}, 75.44, 0.24390243902439024), ({'shop': 'tesco', 'url': 'https://www.tesco.com/groceries/en-GB/products/258199403', 'product_name': "Paterson's Shortbread Fingers 380G", 'product_price': '£ 1.00', 'product_additionals': '£0.26/100g'}, 10.14, 0.2564102564102564), ({'shop': 'asda', 'url': 'https://groceries.asda.com/product/80785008', 'product_name': 'Paxo Golden Breadcrumbs', 'product_price': '£1.09', 'product_additionals': '(£4.80/kg)'}, 16.8, 0.2857142857142857), ({'shop': 'tesco', 'url': 'https://www.tesco.com/groceries/en-GB/products/262106716', 'product_name': 'Paxo Golden Breadcrumbs 227G', 'product_price': '£ 1.10', 'product_additionals': '£4.85/kg'}, 20.006249999999998, 0.24242424242424243), ({'shop': 'tesco', 'url': 'https://www.tesco.com/groceries/en-GB/products/262106739', 'product_name': 'Paxo Natural Breadcrumbs 227G', 'product_price': '£ 1.10', 'product_additionals': '£4.85/kg'}, 20.612499999999994, 0.23529411764705888), ({'shop': 'asda', 'url': 'https://groceries.asda.com/product/1000201691532', 'product_name': 'Paxo Southern Fried Breadcrumbs', 'product_price': '£1.00', 'product_additionals': '(50.0p/100g)'}, 2250.0, 0.2222222222222222), ({'shop': 'tesco', 'url': 'https://www.tesco.com/groceries/en-GB/products/306805663', 'product_name': 'Paxo Southern Fried Breadcrumbs 200G', 'product_price': '£ 1.30', 'product_additionals': '£6.50/kg'}, 33.31250000000001, 0.19512195121951215), ({'shop': 'tesco', 'url': 'https://www.tesco.com/groceries/en-GB/products/296844942', 'product_name': 'Polish Bakery Highlander Bread Sourdough 800G', 'product_price': '£ 1.35', 'product_additionals': '£0.17/100g'}, 10.624999999999998, 0.16000000000000003), ({'shop': 'tesco', 'url': 'https://www.tesco.com/groceries/en-GB/products/263190209', 'product_name': 'Prymat Breadcrumbs 400G', 'product_price': '£ 1.00', 'product_additionals': '£2.50/kg'}, 8.75, 0.2857142857142857), ({'shop': 'asda', 'url': 'https://groceries.asda.com/product/910002531302', 'product_name': 'Prymat Breadcumbs', 'product_price': '£1.00', 'product_additionals': '(25.0p/100g)'}, 687.5, 0.36363636363636365), ({'shop': 'asda', 'url': 'https://groceries.asda.com/product/1000157579205', 'product_name': 'Quality Street Limited Edition Matchmakers Gingerbread Flavour', 'product_price': '£1.00', 'product_additionals': '(83.3p/100g)'}, 5581.1, 0.14925373134328357), ({'shop': 'asda', 'url': 'https://groceries.asda.com/product/910002370521', 'product_name': "Riya's Original Recipe 3 Garlic & Coriander Naan Bread", 'product_price': '£1.20', 'product_additionals': '(30.8p/100g)'}, 2271.5000000000005, 0.13559322033898302), ({'shop': 'asda', 'url': 'https://groceries.asda.com/product/910002370522', 'product_name': "Riya's Original Recipe 3 Plain Naan Bread", 'product_price': '£1.20', 'product_additionals': '(30.8p/100g)'}, 1771.0, 0.17391304347826086), ({'shop': 'asda', 'url': 'https://groceries.asda.com/product/1483913', 'product_name': 'Roberts Bakery Medium White Bread', 'product_price': '£1.00', 'product_additionals': '(12.5p/100g)'}, 475.0000000000001, 0.26315789473684204), ({'shop': 'asda', 'url': 'https://groceries.asda.com/product/77752150', 'product_name': 'Roberts Bakery Mega Thick White Bread', 'product_price': '£1.00', 'product_additionals': '(12.5p/100g)'}, 524.9999999999999, 0.23809523809523814), ({'shop': 'asda', 'url': 'https://groceries.asda.com/product/1483914', 'product_name': 'Roberts Bakery Thick White Bread', 'product_price': '£1.00', 'product_additionals': '(12.5p/100g)'}, 462.5, 0.2702702702702703), ({'shop': 'tesco', 'url': 'https://www.tesco.com/groceries/en-GB/products/301012347', 'product_name': 'Ryvita Chia Seed & Buckwheat Protein Crisp Bread 200G', 'product_price': '£ 1.60', 'product_additionals': '£0.80/100g'}, 57.99999999999998, 0.13793103448275867), ({'shop': 'tesco', 'url': 'https://www.tesco.com/groceries/en-GB/products/266319153', 'product_name': 'Ryvita Cracked Black Pepper Crisp Bread 5X40g', 'product_price': '£ 0.99', 'product_additionals': '£0.50/100g'}, 31.249999999999993, 0.16000000000000003), ({'shop': 'tesco', 'url': 'https://www.tesco.com/groceries/en-GB/products/254926368', 'product_name': 'Ryvita Crackerbread 200G', 'product_price': '£ 1.19', 'product_additionals': '£0.60/100g'}, 17.4, 0.3448275862068966), ({'shop': 'tesco', 'url': 'https://www.tesco.com/groceries/en-GB/products/256001031', 'product_name': 'Ryvita Dark Rye Crisp Bread 250G', 'product_price': '£ 1.19', 'product_additionals': '£0.48/100g'}, 22.2, 0.21621621621621623), ({'shop': 'asda', 'url': 'https://groceries.asda.com/product/8667410', 'product_name': 'Ryvita Dark Rye Crispbread', 'product_price': '£1.19', 'product_additionals': '(47.6p/100g)'}, 1475.6000000000004, 0.32258064516129026), ({'shop': 'asda', 'url': 'https://groceries.asda.com/product/910002492963', 'product_name': 'Ryvita Deli Cracked Black Pepper Rye Crispbread', 'product_price': '£1.59', 'product_additionals': '(79.5p/100g)'}, 4134.0, 0.1923076923076923), ({'shop': 'asda', 'url': 'https://groceries.asda.com/product/910002492316', 'product_name': 'Ryvita Deli Pumpkin Seeds & Oats Rye Crispbread', 'product_price': '£1.59', 'product_additionals': '(79.5p/100g)'}, 4134.0, 0.1923076923076923), ({'shop': 'asda', 'url': 'https://groceries.asda.com/product/910002493093', 'product_name': 'Ryvita Deli Sweet Onion Rye Crispbread 5 Packs of 4 Crispbreads', 'product_price': '£1.59', 'product_additionals': '(79.5p/100g)'}, 5405.999999999999, 0.1470588235294118), ({'shop': 'tesco', 'url': 'https://www.tesco.com/groceries/en-GB/products/261212413', 'product_name': 'Ryvita Fruit Crunch Crisp Bread 200G', 'product_price': '£ 0.99', 'product_additionals': '£0.50/100g'}, 25.625000000000007, 0.19512195121951215), ({'shop': 'asda', 'url': 'https://groceries.asda.com/product/910000471904', 'product_name': 'Ryvita Fruit Crunch Crispbread', 'product_price': '£1.59', 'product_additionals': '(79.5p/100g)'}, 2782.5, 0.2857142857142857), ({'shop': 'asda', 'url': 'https://groceries.asda.com/product/1000065970538', 'product_name': 'Ryvita Multigrain Crunchy Rye Breads', 'product_price': '£1.25', 'product_additionals': '(50.0p/100g)'}, 2562.5000000000005, 0.19512195121951215), ({'shop': 'tesco', 'url': 'https://www.tesco.com/groceries/en-GB/products/251107559', 'product_name': 'Ryvita Multigrain Rye Bread 250G', 'product_price': '£ 1.25', 'product_additionals': '£0.50/100g'}, 23.125, 0.21621621621621623), ({'shop': 'asda', 'url': 'https://groceries.asda.com/product/19839', 'product_name': 'Ryvita Original Crackerbread', 'product_price': '£1.19', 'product_additionals': '(59.5p/100g)'}, 1963.5000000000002, 0.303030303030303), ({'shop': 'tesco', 'url': 'https://www.tesco.com/groceries/en-GB/products/256001296', 'product_name': 'Ryvita Original Crisp Bread 250G', 'product_price': '£ 1.19', 'product_additionals': '£0.48/100g'}, 22.2, 0.21621621621621623), ({'shop': 'asda', 'url': 'https://groceries.asda.com/product/8667409', 'product_name': 'Ryvita Original Crispbread', 'product_price': '£1.19', 'product_additionals': '(47.6p/100g)'}, 1475.6000000000004, 0.32258064516129026), ({'shop': 'asda', 'url': 'https://groceries.asda.com/product/1000134959119', 'product_name': 'Ryvita Protein Chia Seed & Buckwheat Crispbreads', 'product_price': '£1.59', 'product_additionals': '(79.5p/100g)'}, 4213.500000000001, 0.18867924528301883), ({'shop': 'tesco', 'url': 'https://www.tesco.com/groceries/en-GB/products/255269055', 'product_name': 'Ryvita Pumpkin & Oats Crisp Bread 4X50g', 'product_price': '£ 0.99', 'product_additionals': '£0.50/100g'}, 27.49999999999999, 0.18181818181818188), ({'shop': 'tesco', 'url': 'https://www.tesco.com/groceries/en-GB/products/254926420', 'product_name': 'Ryvita Sesame Crisp Bread 250G', 'product_price': '£ 1.25', 'product_additionals': '£0.50/100g'}, 21.875000000000004, 0.22857142857142854), ({'shop': 'asda', 'url': 'https://groceries.asda.com/product/1000065970374', 'product_name': 'Ryvita Simply Sesame Crunchy Rye Breads', 'product_price': '£1.25', 'product_additionals': '(50.0p/100g)'}, 2749.999999999999, 0.18181818181818188), ({'shop': 'asda', 'url': 'https://groceries.asda.com/product/910002492675', 'product_name': 'Ryvita Thins Caramelised Onion Flatbreads', 'product_price': '£1.00', 'product_additionals': '(80.0p/100g)'}, 3680.0000000000005, 0.21739130434782605), ({'shop': 'asda', 'url': 'https://groceries.asda.com/product/910000421309', 'product_name': 'Ryvita Thins Cheddar and Cracked Black Pepper Flatbread', 'product_price': '£1.00', 'product_additionals': '(80.0p/100g)'}, 4800.000000000001, 0.16666666666666663), ({'shop': 'asda', 'url': 'https://groceries.asda.com/product/78840573', 'product_name': 'Ryvita Thins Multi-Seed Flatbreads', 'product_price': '£1.00', 'product_additionals': '(80.0p/100g)'}, 3120.0000000000005, 0.2564102564102564), ({'shop': 'asda', 'url': 'https://groceries.asda.com/product/1000134959115', 'product_name': 'Ryvita Thins Rosemary & Sea Salt Flatbreads', 'product_price': '£1.00', 'product_additionals': '(80.0p/100g)'}, 3839.9999999999995, 0.20833333333333337), ({'shop': 'asda', 'url': 'https://groceries.asda.com/product/910000254290', 'product_name': 'Ryvita Thins Sweet Chilli Flatbreads', 'product_price': '£1.00', 'product_additionals': '(80.0p/100g)'}, 3280.0, 0.24390243902439024), ({'shop': 'asda', 'url': 'https://groceries.asda.com/product/910003108937', 'product_name': 'Ryvita Thins Three Cheese Flatbreads', 'product_price': '£1.00', 'product_additionals': '(80.0p/100g)'}, 3280.0, 0.24390243902439024), ({'shop': 'tesco', 'url': 'https://www.tesco.com/groceries/en-GB/products/263232582', 'product_name': 'Ryvita Whole- Grain Cracker- Bread 125G', 'product_price': '£ 1.19', 'product_additionals': '£0.95/100g'}, 52.249999999999986, 0.18181818181818188), ({'shop': 'asda', 'url': 'https://groceries.asda.com/product/910000033515', 'product_name': 'Ryvita Wholegrain Crackerbread', 'product_price': '£1.19', 'product_additionals': '(95.2p/100g)'}, 3332.0, 0.2857142857142857), ({'shop': 'tesco', 'url': 'https://www.tesco.com/groceries/en-GB/products/268890894', 'product_name': 'Schar Crisp Bread 150G', 'product_price': '£ 1.30', 'product_additionals': '£0.87/100g'}, 29.3625, 0.2962962962962963), ({'shop': 'asda', 'url': 'https://groceries.asda.com/product/910003058887', 'product_name': 'Schneider Brot Protein Bread', 'product_price': '£1.56', 'product_additionals': '(62.4p/100g)'}, 2574.0, 0.24242424242424243), ({'shop': 'asda', 'url': 'https://groceries.asda.com/product/1000121694555', 'product_name': 'Schneider Brot Rye Bread', 'product_price': '£1.30', 'product_additionals': '(26.0p/100g)'}, 942.5, 0.27586206896551724), ({'shop': 'asda', 'url': 'https://groceries.asda.com/product/39588', 'product_name': 'Schwartz Luxury Bread Sauce Mix', 'product_price': '£0.85', 'product_additionals': '(£2.12/100g)'}, 95.4, 0.2222222222222222), ({'shop': 'asda', 'url': 'https://groceries.asda.com/product/19567', 'product_name': "Sharwood's 2 Flame Baked Plain Naan Bread", 'product_price': '£1.00', 'product_additionals': '(38.5p/100g)'}, 2213.75, 0.17391304347826086), ({'shop': 'tesco', 'url': 'https://www.tesco.com/groceries/en-GB/products/308482988', 'product_name': 'Simplycook Lamb Kofta Flatbread Recipe Kit 65G', 'product_price': '£ 2.50', 'product_additionals': '£3.85/100g'}, 196.35000000000002, 0.196078431372549), ({'shop': 'tesco', 'url': 'https://www.tesco.com/groceries/en-GB/products/286242984', 'product_name': 'T.Sunblush Tomato Tomato & Garlic Flatbread 235G', 'product_price': '£ 1.60', 'product_additionals': '£0.68/100g'}, 36.040000000000006, 0.18867924528301883), ({'shop': 'asda', 'url': 'https://groceries.asda.com/product/1000078311469', 'product_name': 'Tassimo 8 Costa Gingerbread Latte Coffee Pods', 'product_price': '£3.99', 'product_additionals': '(£1.47/100g)'}, 73.50000000000001, 0.19999999999999996), ({'shop': 'tesco', 'url': 'https://www.tesco.com/groceries/en-GB/products/281260313', 'product_name': 'Tesco 2 Breaded Chicken Breast Fillets 350', 'product_price': '£ 3.00', 'product_additionals': '£8.58/kg'}, 50.40749999999999, 0.17021276595744683), ({'shop': 'tesco', 'url': 'https://www.tesco.com/groceries/en-GB/products/271523387', 'product_name': 'Tesco 2 Breaded Chunky Cod Fillets 350G', 'product_price': '£ 3.50', 'product_additionals': '£10.00/kg'}, 54.99999999999998, 0.18181818181818188), ({'shop': 'tesco', 'url': 'https://www.tesco.com/groceries/en-GB/products/271529162', 'product_name': 'Tesco 2 Breaded Chunky Haddock Fillets 350G', 'product_price': '£ 3.50', 'product_additionals': '£10.00/kg'}, 60.000000000000014, 0.16666666666666663), ({'shop': 'tesco', 'url': 'https://www.tesco.com/groceries/en-GB/products/304381123', 'product_name': 'Tesco 2 Breaded Cod Fillets 300G', 'product_price': '£ 2.75', 'product_additionals': '£9.17/kg'}, 42.411249999999995, 0.21621621621621623), ({'shop': 'tesco', 'url': 'https://www.tesco.com/groceries/en-GB/products/259208151', 'product_name': 'Tesco 2 Pack Bread & Butter Pudding 2 X 120G', 'product_price': '£ 2.00', 'product_additionals': '£0.83/100g'}, 50.83750000000002, 0.16326530612244894), ({'shop': 'tesco', 'url': 'https://www.tesco.com/groceries/en-GB/products/304377590', 'product_name': 'Tesco 2 Pack Breaded Garlic Chicken Kievs 260G', 'product_price': '£ 2.00', 'product_additionals': '£7.70/kg'}, 49.0875, 0.1568627450980392), ({'shop': 'tesco', 'url': 'https://www.tesco.com/groceries/en-GB/products/281260768', 'product_name': 'Tesco 2 Southern Fried Breaded Chicken Fillets 300G', 'product_price': '£ 3.00', 'product_additionals': '£10.00/kg'}, 70.00000000000003, 0.1428571428571428), ({'shop': 'tesco', 'url': 'https://www.tesco.com/groceries/en-GB/products/271023178', 'product_name': 'Tesco 30 Breaded Chicken Breast Nuggets 450G', 'product_price': '£ 1.50', 'product_additionals': '£3.34/kg'}, 20.457500000000003, 0.16326530612244894), ({'shop': 'tesco', 'url': 'https://www.tesco.com/groceries/en-GB/products/286932070', 'product_name': 'Tesco 30 Mini Gingerbread 330G', 'product_price': '£ 1.80', 'product_additionals': '£0.55/100g'}, 19.25, 0.2857142857142857), ({'shop': 'tesco', 'url': 'https://www.tesco.com/groceries/en-GB/products/274730488', 'product_name': 'Tesco 30 Mini Gingerbread Men 270G', 'product_price': '£ 1.80', 'product_additionals': '£0.67/100g'}, 26.130000000000003, 0.2564102564102564), ({'shop': 'tesco', 'url': 'https://www.tesco.com/groceries/en-GB/products/297683100', 'product_name': 'Tesco 4 Breaded Chicken Steaks 380G', 'product_price': '£ 1.65', 'product_additionals': '£4.35/kg'}, 21.750000000000004, 0.19999999999999996), ({'shop': 'tesco', 'url': 'https://www.tesco.com/groceries/en-GB/products/264567506', 'product_name': 'Tesco 4 Breaded Chicken Steaks 505G', 'product_price': '£ 2.50', 'product_additionals': '£4.96/kg'}, 24.800000000000004, 0.19999999999999996), ({'shop': 'tesco', 'url': 'https://www.tesco.com/groceries/en-GB/products/258609605', 'product_name': 'Tesco 4 Breaded Chunky Prime Cod Fillets 500G', 'product_price': '£ 3.60', 'product_additionals': '£7.20/kg'}, 44.99999999999999, 0.16000000000000003), ({'shop': 'tesco', 'url': 'https://www.tesco.com/groceries/en-GB/products/266195171', 'product_name': 'Tesco 4 Breaded Cod Fillets 500G', 'product_price': '£ 3.00', 'product_additionals': '£6.00/kg'}, 27.75, 0.21621621621621623), ({'shop': 'tesco', 'url': 'https://www.tesco.com/groceries/en-GB/products/290017687', 'product_name': 'Tesco 4 Breaded Cod Fishcakes 340G', 'product_price': '£ 2.00', 'product_additionals': '£5.89/kg'}, 28.713750000000008, 0.20512820512820507), ({'shop': 'tesco', 'url': 'https://www.tesco.com/groceries/en-GB/products/305731289', 'product_name': 'Tesco 4 Breaded Plaice Fillets 500G', 'product_price': '£ 4.00', 'product_additionals': '£8.00/kg'}, 40.00000000000001, 0.19999999999999996), ({'shop': 'tesco', 'url': 'https://www.tesco.com/groceries/en-GB/products/293535996', 'product_name': 'Tesco 4 Cheese & Bacon Breaded Chicken Kievs 500G', 'product_price': '£ 2.50', 'product_additionals': '£0.50/100g'}, 33.75, 0.14814814814814814), ({'shop': 'tesco', 'url': 'https://www.tesco.com/groceries/en-GB/products/264322746', 'product_name': 'Tesco 4 Garlic Butter Breaded Chicken Kievs 500G', 'product_price': '£ 2.50', 'product_additionals': '£5.00/kg'}, 33.12500000000001, 0.15094339622641506), ({'shop': 'tesco', 'url': 'https://www.tesco.com/groceries/en-GB/products/264567593', 'product_name': 'Tesco 4 Southern Fried Breaded Chicken Steaks 505G', 'product_price': '£ 2.50', 'product_additionals': '£4.96/kg'}, 34.09999999999999, 0.1454545454545455), ({'shop': 'tesco', 'url': 'https://www.tesco.com/groceries/en-GB/products/272651665', 'product_name': 'Tesco 6 Pack Mini Breadsticks 120G', 'product_price': '£ 1.30', 'product_additionals': '£1.09/100g'}, 53.13750000000002, 0.20512820512820507), ({'shop': 'tesco', 'url': 'https://www.tesco.com/groceries/en-GB/products/289806238', 'product_name': 'Tesco 72 Breaded Chicken Nuggets 1Kg', 'product_price': '£ 3.15', 'product_additionals': '£3.15/kg'}, 16.143750000000004, 0.19512195121951215), ({'shop': 'tesco', 'url': 'https://www.tesco.com/groceries/en-GB/products/307353826', 'product_name': 'Tesco All Butter Chocolate Chip Shortbread 180G', 'product_price': '£ 1.00', 'product_additionals': '£0.56/100g'}, 29.12, 0.1923076923076923), ({'shop': 'tesco', 'url': 'https://www.tesco.com/groceries/en-GB/products/307342027', 'product_name': 'Tesco All Butter Shortbread Fingers 250G', 'product_price': '£ 0.69', 'product_additionals': '£0.28/100g'}, 12.6, 0.2222222222222222), ({'shop': 'tesco', 'url': 'https://www.tesco.com/groceries/en-GB/products/303629513', 'product_name': 'Tesco Both Together Bread 800G', 'product_price': '£ 0.59', 'product_additionals': '£0.07/100g'}, 3.0625000000000004, 0.22857142857142854), ({'shop': 'tesco', 'url': 'https://www.tesco.com/groceries/en-GB/products/254482788', 'product_name': 'Tesco Bread & Butter Pudding 500G', 'product_price': '£ 2.80', 'product_additionals': '£0.56/100g'}, 26.6, 0.21052631578947367), ({'shop': 'tesco', 'url': 'https://www.tesco.com/groceries/en-GB/products/279935929', 'product_name': 'Tesco Breaded Chicken Goujons 270G', 'product_price': '£ 2.00', 'product_additionals': '£7.41/kg'}, 36.12375000000001, 0.20512820512820507), ({'shop': 'tesco', 'url': 'https://www.tesco.com/groceries/en-GB/products/285091909', 'product_name': 'Tesco Breaded Chicken Goujons 540G', 'product_price': '£ 3.75', 'product_additionals': '£6.95/kg'}, 33.88125000000001, 0.20512820512820507), ({'shop': 'tesco', 'url': 'https://www.tesco.com/groceries/en-GB/products/264566899', 'product_name': 'Tesco Breaded Chicken Mini Fillets 305G', 'product_price': '£ 2.50', 'product_additionals': '£8.20/kg'}, 45.09999999999998, 0.18181818181818188), ({'shop': 'tesco', 'url': 'https://www.tesco.com/groceries/en-GB/products/293507310', 'product_name': 'Tesco Breaded Chicken Strips 300G', 'product_price': '£ 2.00', 'product_additionals': '£0.67/100g'}, 31.825000000000003, 0.21052631578947367), ({'shop': 'tesco', 'url': 'https://www.tesco.com/groceries/en-GB/products/262083592', 'product_name': 'Tesco Breaded Mini Chicken Fillets 300G', 'product_price': '£ 2.00', 'product_additionals': '£6.67/kg'}, 36.68499999999999, 0.18181818181818188), ({'shop': 'tesco', 'url': 'https://www.tesco.com/groceries/en-GB/products/257218318', 'product_name': 'Tesco Breaded Onion Rings 750G', 'product_price': '£ 1.25', 'product_additionals': '£1.67/kg'}, 7.306250000000001, 0.22857142857142854), ({'shop': 'tesco', 'url': 'https://www.tesco.com/groceries/en-GB/products/299054069', 'product_name': 'Tesco Breaded Wholetail Scampi 200G', 'product_price': '£ 3.00', 'product_additionals': '£15.00/kg'}, 75.00000000000001, 0.19999999999999996), ({'shop': 'tesco', 'url': 'https://www.tesco.com/groceries/en-GB/products/286265277', 'product_name': 'Tesco Cheese & Garlic Flatbread 230G', 'product_price': '£ 1.60', 'product_additionals': '£0.70/100g'}, 28.7, 0.24390243902439024), ({'shop': 'tesco', 'url': 'https://www.tesco.com/groceries/en-GB/products/299557298', 'product_name': 'Tesco Cheese & Garlic Pizza Bread 210G', 'product_price': '£ 1.00', 'product_additionals': '£4.77/kg'}, 25.638749999999998, 0.18604651162790697), ({'shop': 'tesco', 'url': 'https://www.tesco.com/groceries/en-GB/products/252109642', 'product_name': 'Tesco Cheese & Tomato Flatbread 225G', 'product_price': '£ 1.25', 'product_additionals': '£0.56/100g'}, 22.959999999999997, 0.24390243902439024), ({'shop': 'tesco', 'url': 'https://www.tesco.com/groceries/en-GB/products/299936610', 'product_name': 'Tesco Finest Basil Pesto & Tomato Flatbread 245G', 'product_price': '£ 2.45', 'product_additionals': '£1.00/100g'}, 53.000000000000014, 0.18867924528301883), ({'shop': 'tesco', 'url': 'https://www.tesco.com/groceries/en-GB/products/286266161', 'product_name': 'Tesco Finest Cheddar Red Onion Mini Flatbreads 295G', 'product_price': '£ 2.45', 'product_additionals': '£0.83/100g'}, 46.48, 0.1785714285714286), ({'shop': 'tesco', 'url': 'https://www.tesco.com/groceries/en-GB/products/307137419', 'product_name': 'Tesco Finest Free From Seeded Bread 400G', 'product_price': '£ 2.50', 'product_additionals': '£0.62/100g'}, 34.87499999999999, 0.1777777777777778), ({'shop': 'tesco', 'url': 'https://www.tesco.com/groceries/en-GB/products/307152724', 'product_name': 'Tesco Finest Free From Tiger Bread 400G', 'product_price': '£ 2.50', 'product_additionals': '£0.62/100g'}, 34.09999999999999, 0.18181818181818188), ({'shop': 'tesco', 'url': 'https://www.tesco.com/groceries/en-GB/products/306818969', 'product_name': 'Tesco Finest Fruited Sourdough Bread 400G', 'product_price': '£ 1.60', 'product_additionals': '£0.40/100g'}, 23.0, 0.17391304347826086), ({'shop': 'tesco', 'url': 'https://www.tesco.com/groceries/en-GB/products/304797553', 'product_name': 'Tesco Finest Garlic & Extra Virgin Olive Oil Flatbread 200G', 'product_price': '£ 2.45', 'product_additionals': '£1.23/100g'}, 78.72, 0.15625), ({'shop': 'tesco', 'url': 'https://www.tesco.com/groceries/en-GB/products/256089410', 'product_name': 'Tesco Finest Scottish Shortbread Fingers 165G', 'product_price': '£ 1.35', 'product_additionals': '£0.82/100g'}, 41.00000000000001, 0.19999999999999996), ({'shop': 'tesco', 'url': 'https://www.tesco.com/groceries/en-GB/products/257911663', 'product_name': 'Tesco Finest Shortbread Assortment 400G', 'product_price': '£ 3.00', 'product_additionals': '£0.75/100g'}, 33.0, 0.2272727272727273), ({'shop': 'tesco', 'url': 'https://www.tesco.com/groceries/en-GB/products/305836218', 'product_name': 'Tesco Finest Wholemeal Seeds And Grains Bread 400G', 'product_price': '£ 0.79', 'product_additionals': '£0.20/100g'}, 13.749999999999995, 0.1454545454545455), ({'shop': 'tesco', 'url': 'https://www.tesco.com/groceries/en-GB/products/305737088', 'product_name': 'Tesco Finest Wholemeal Seeds And Grains Bread 800G', 'product_price': '£ 1.10', 'product_additionals': '£0.14/100g'}, 9.624999999999996, 0.1454545454545455), ({'shop': 'tesco', 'url': 'https://www.tesco.com/groceries/en-GB/products/281865600', 'product_name': 'Tesco Free From 4 Breaded Chicken Steaks 380G', 'product_price': '£ 3.75', 'product_additionals': '£9.87/kg'}, 61.687499999999986, 0.16000000000000003), ({'shop': 'tesco', 'url': 'https://www.tesco.com/groceries/en-GB/products/298864892', 'product_name': 'Tesco Free From Breaded Chicken Goujons 270G', 'product_price': '£ 2.00', 'product_additionals': '£7.41/kg'}, 45.38625000000001, 0.16326530612244894), ({'shop': 'tesco', 'url': 'https://www.tesco.com/groceries/en-GB/products/299587383', 'product_name': 'Tesco Free From Breaded Chicken Goujons 300G', 'product_price': '£ 2.50', 'product_additionals': '£8.34/kg'}, 51.08250000000001, 0.16326530612244894), ({'shop': 'tesco', 'url': 'https://www.tesco.com/groceries/en-GB/products/281509384', 'product_name': 'Tesco Free From Brown Bread 550G', 'product_price': '£ 1.80', 'product_additionals': '£0.33/100g'}, 15.262499999999998, 0.21621621621621623), ({'shop': 'tesco', 'url': 'https://www.tesco.com/groceries/en-GB/products/304392571', 'product_name': 'Tesco Free From Gingerbread Men 154G', 'product_price': '£ 1.50', 'product_additionals': '£0.97/100g'}, 39.769999999999996, 0.24390243902439024), ({'shop': 'tesco', 'url': 'https://www.tesco.com/groceries/en-GB/products/304378272', 'product_name': 'Tesco Free From Shortbread 160G', 'product_price': '£ 1.50', 'product_additionals': '£0.94/100g'}, 33.839999999999996, 0.2777777777777778), ({'shop': 'tesco', 'url': 'https://www.tesco.com/groceries/en-GB/products/276605133', 'product_name': 'Tesco Free From Sliced White Bread 550G', 'product_price': '£ 1.80', 'product_additionals': '£0.33/100g'}, 18.14999999999999, 0.18181818181818188), ({'shop': 'tesco', 'url': 'https://www.tesco.com/groceries/en-GB/products/286264762', 'product_name': 'Tesco Garlic & & Rosemary Flatbread 220G', 'product_price': '£ 1.60', 'product_additionals': '£0.73/100g'}, 32.85, 0.2222222222222222), ({'shop': 'tesco', 'url': 'https://www.tesco.com/groceries/en-GB/products/252109688', 'product_name': 'Tesco Garlic & Parsley Flatbread 210G', 'product_price': '£ 1.25', 'product_additionals': '£0.60/100g'}, 25.199999999999996, 0.23809523809523814), ({'shop': 'tesco', 'url': 'https://www.tesco.com/groceries/en-GB/products/293723399', 'product_name': 'Tesco Garlic Breaded Mushrooms 400G', 'product_price': '£ 1.25', 'product_additionals': '£3.13/kg'}, 15.650000000000002, 0.19999999999999996), ({'shop': 'tesco', 'url': 'https://www.tesco.com/groceries/en-GB/products/288610223', 'product_name': 'Tesco Garlic Flatbread 255G', 'product_price': '£ 2.00', 'product_additionals': '£0.78/100g'}, 24.96, 0.3125), ({'shop': 'tesco', 'url': 'https://www.tesco.com/groceries/en-GB/products/289573832', 'product_name': 'Tesco Gingerbread Mix 225G', 'product_price': '£ 1.00', 'product_additionals': '£0.44/100g'}, 13.640000000000004, 0.32258064516129026), ({'shop': 'tesco', 'url': 'https://www.tesco.com/groceries/en-GB/products/278834077', 'product_name': 'Tesco Golden Breadcrumbs 175G', 'product_price': '£ 0.80', 'product_additionals': '£4.58/kg'}, 19.464999999999996, 0.23529411764705888), ({'shop': 'tesco', 'url': 'https://www.tesco.com/groceries/en-GB/products/267285351', 'product_name': 'Tesco Hot & Spicy Breaded Chicken Mini Fillets 305G', 'product_price': '£ 2.50', 'product_additionals': '£8.20/kg'}, 57.40000000000002, 0.1428571428571428), ({'shop': 'tesco', 'url': 'https://www.tesco.com/groceries/en-GB/products/256236588', 'product_name': 'Tesco Indian Naan Breads 320G', 'product_price': '£ 1.00', 'product_additionals': '£0.31/100g'}, 13.174999999999997, 0.23529411764705888), ({'shop': 'tesco', 'url': 'https://www.tesco.com/groceries/en-GB/products/285024271', 'product_name': 'Tesco Multiseed Bread Mix 500G', 'product_price': '£ 0.85', 'product_additionals': '£1.70/kg'}, 7.437500000000001, 0.22857142857142854), ({'shop': 'tesco', 'url': 'https://www.tesco.com/groceries/en-GB/products/258083897', 'product_name': 'Tesco Original Breadsticks 125G', 'product_price': '£ 0.84', 'product_additionals': '£0.67/100g'}, 30.150000000000002, 0.2222222222222222), ({'shop': 'tesco', 'url': 'https://www.tesco.com/groceries/en-GB/products/251697723', 'product_name': 'Tesco Original Mini Breadsticks 100G', 'product_price': '£ 1.00', 'product_additionals': '£1.00/100g'}, 51.250000000000014, 0.19512195121951215), ({'shop': 'tesco', 'url': 'https://www.tesco.com/groceries/en-GB/products/294706637', 'product_name': 'Tesco Original Rye Crisp Bread 250G', 'product_price': '£ 0.69', 'product_additionals': '£0.28/100g'}, 14.000000000000002, 0.19999999999999996), ({'shop': 'tesco', 'url': 'https://www.tesco.com/groceries/en-GB/products/268582625', 'product_name': 'Tesco Panko Breadcrumbs 150G', 'product_price': '£ 1.60', 'product_additionals': '£10.67/kg'}, 44.01375, 0.24242424242424243), ({'shop': 'tesco', 'url': 'https://www.tesco.com/groceries/en-GB/products/278104918', 'product_name': 'Tesco Peshwari Naan Breads 2 Pack 260G', 'product_price': '£ 0.95', 'product_additionals': '£0.37/100g'}, 19.887500000000003, 0.18604651162790697), ({'shop': 'tesco', 'url': 'https://www.tesco.com/groceries/en-GB/products/304784469', 'product_name': 'Tesco Plant Chef Breaded Goujons 190G', 'product_price': '£ 1.50', 'product_additionals': '£7.90/kg'}, 41.475, 0.19047619047619047), ({'shop': 'tesco', 'url': 'https://www.tesco.com/groceries/en-GB/products/306493425', 'product_name': 'Tesco Plant Chef Breaded Meat Free Nuggets 180G', 'product_price': '£ 1.50', 'product_additionals': '£8.34/kg'}, 54.209999999999994, 0.15384615384615385), ({'shop': 'tesco', 'url': 'https://www.tesco.com/groceries/en-GB/products/305727843', 'product_name': 'Tesco Plant Chef Breaded Nuggets 320G', 'product_price': '£ 1.75', 'product_additionals': '£0.55/100g'}, 28.875, 0.19047619047619047), ({'shop': 'tesco', 'url': 'https://www.tesco.com/groceries/en-GB/products/265940149', 'product_name': 'Tesco Sesame Breadsticks 125G', 'product_price': '£ 0.84', 'product_additionals': '£0.67/100g'}, 28.474999999999994, 0.23529411764705888), ({'shop': 'tesco', 'url': 'https://www.tesco.com/groceries/en-GB/products/294706650', 'product_name': 'Tesco Sesame Rye Crisp Bread 250G', 'product_price': '£ 0.69', 'product_additionals': '£0.28/100g'}, 13.3, 0.21052631578947367), ({'shop': 'tesco', 'url': 'https://www.tesco.com/groceries/en-GB/products/293574661', 'product_name': 'Tesco Shortbread Petticoat Tails 450G', 'product_price': '£ 2.00', 'product_additionals': '£0.44/100g'}, 18.479999999999997, 0.23809523809523814), ({'shop': 'tesco', 'url': 'https://www.tesco.com/groceries/en-GB/products/264566997', 'product_name': 'Tesco Southern Fried Breaded Chicken Mini Fillets 305G', 'product_price': '£ 2.50', 'product_additionals': '£8.20/kg'}, 60.47500000000001, 0.13559322033898302), ({'shop': 'tesco', 'url': 'https://www.tesco.com/groceries/en-GB/products/254917926', 'product_name': 'Tesco Strong Stone Ground 100% Wholemeal Bread Flour 1.5Kg', 'product_price': '£ 1.20', 'product_additionals': '£0.80/kg'}, 6.300000000000001, 0.12698412698412698), ({'shop': 'tesco', 'url': 'https://www.tesco.com/groceries/en-GB/products/299425748', 'product_name': 'Tesco Toastie White Bread Thick 800G', 'product_price': '£ 0.59', 'product_additionals': '£0.07/100g'}, 3.587500000000001, 0.19512195121951215), ({'shop': 'tesco', 'url': 'https://www.tesco.com/groceries/en-GB/products/299425760', 'product_name': 'Tesco Toastie Wholemeal Thick Bread 800G', 'product_price': '£ 0.59', 'product_additionals': '£0.07/100g'}, 3.937499999999999, 0.1777777777777778), ({'shop': 'tesco', 'url': 'https://www.tesco.com/groceries/en-GB/products/289597812', 'product_name': 'Tesco Very Strong Canadian Bread Flour 1Kg', 'product_price': '£ 1.35', 'product_additionals': '£1.35/kg'}, 7.9312499999999995, 0.17021276595744683), ({'shop': 'tesco', 'url': 'https://www.tesco.com/groceries/en-GB/products/299389116', 'product_name': 'Tesco White Bread 800G', 'product_price': '£ 0.59', 'product_additionals': '£0.07/100g'}, 2.3625, 0.2962962962962963), ({'shop': 'tesco', 'url': 'https://www.tesco.com/groceries/en-GB/products/301063378', 'product_name': 'Tesco White Breadcrumbs 175G', 'product_price': '£ 0.80', 'product_additionals': '£0.46/100g'}, 18.974999999999998, 0.24242424242424243), ({'shop': 'tesco', 'url': 'https://www.tesco.com/groceries/en-GB/products/299425783', 'product_name': 'Tesco Wholemeal Medium Bread 800G', 'product_price': '£ 0.59', 'product_additionals': '£0.07/100g'}, 3.325, 0.21052631578947367), ({'shop': 'tesco', 'url': 'https://www.tesco.com/groceries/en-GB/products/270953414', 'product_name': 'Tesco Wholetail Breaded Scampi 280G', 'product_price': '£ 3.00', 'product_additionals': '£10.72/kg'}, 53.600000000000016, 0.19999999999999996), ({'shop': 'tesco', 'url': 'https://www.tesco.com/groceries/en-GB/products/302744625', 'product_name': 'The Artisan Bread Co Garlic & Basil Sticks 100G', 'product_price': '£ 1.60', 'product_additionals': '£1.60/100g'}, 104.0, 0.15384615384615385), ({'shop': 'tesco', 'url': 'https://www.tesco.com/groceries/en-GB/products/302744055', 'product_name': 'The Artisan Bread Co Garlic & Chilli Flatbread 75G', 'product_price': '£ 1.60', 'product_additionals': '£2.14/100g'}, 117.69999999999995, 0.18181818181818188), ({'shop': 'tesco', 'url': 'https://www.tesco.com/groceries/en-GB/products/302743880', 'product_name': 'The Artisan Bread Company Classic Breadsticks 150G', 'product_price': '£ 1.60', 'product_additionals': '£1.07/100g'}, 73.56249999999997, 0.1454545454545455), ({'shop': 'tesco', 'url': 'https://www.tesco.com/groceries/en-GB/products/302744019', 'product_name': 'The Artisan Bread Company Rosemary Breadsticks 150G', 'product_price': '£ 1.60', 'product_additionals': '£1.07/100g'}, 74.90000000000003, 0.1428571428571428), ({'shop': 'tesco', 'url': 'https://www.tesco.com/groceries/en-GB/products/302744032', 'product_name': 'The Artisan Bread Company Sesame Breadsticks 150G', 'product_price': '£ 1.60', 'product_additionals': '£1.07/100g'}, 72.225, 0.14814814814814814), ({'shop': 'tesco', 'url': 'https://www.tesco.com/groceries/en-GB/products/300954309', 'product_name': 'The Artisan Bread Company Wheat Toast 125G', 'product_price': '£ 1.60', 'product_additionals': '£1.28/100g'}, 75.19999999999999, 0.17021276595744683), ({'shop': 'tesco', 'url': 'https://www.tesco.com/groceries/en-GB/products/304408969', 'product_name': 'The Pizza Company Deep Filled Garlic Bread 2 Pack 230G', 'product_price': '£ 3.00', 'product_additionals': '£1.31/100g'}, 96.61250000000001, 0.13559322033898302), ({'shop': 'asda', 'url': 'https://groceries.asda.com/product/63007060', 'product_name': 'The Polish Bakery Brown Bread - Chleb Wiejski', 'product_price': '£1.10', 'product_additionals': '(13.8p/100g)'}, 862.4999999999999, 0.16000000000000003), ({'shop': 'tesco', 'url': 'https://www.tesco.com/groceries/en-GB/products/267662020', 'product_name': 'The Polish Bakery Brown Bread 400G', 'product_price': '£ 0.75', 'product_additionals': '£0.19/100g'}, 9.262500000000003, 0.20512820512820507), ({'shop': 'asda', 'url': 'https://groceries.asda.com/product/910000474814', 'product_name': 'The Polish Bakery Dark Rye Bread with Inolin - Chleb Razowy z Inuliną', 'product_price': '£1.10', 'product_additionals': '(27.5p/100g)'}, 2543.75, 0.10810810810810811), ({'shop': 'asda', 'url': 'https://groceries.asda.com/product/63007064', 'product_name': "The Polish Bakery Granny's Bread - Chleb Babuni", 'product_price': '£1.10', 'product_additionals': '(27.5p/100g)'}, 1787.5, 0.15384615384615385), ({'shop': 'tesco', 'url': 'https://www.tesco.com/groceries/en-GB/products/267661977', 'product_name': "The Polish Bakery Granny's Sesame Seed Bread 400G", 'product_price': '£ 1.10', 'product_additionals': '£0.28/100g'}, 18.9, 0.14814814814814814), ({'shop': 'tesco', 'url': 'https://www.tesco.com/groceries/en-GB/products/265412971', 'product_name': 'The Polish Bakery Half Wheat Half Rye Bread 400G', 'product_price': '£ 0.70', 'product_additionals': '£0.18/100g'}, 11.925000000000002, 0.15094339622641506), ({'shop': 'tesco', 'url': 'https://www.tesco.com/groceries/en-GB/products/265412994', 'product_name': 'The Polish Bakery Half Wheat Half Rye Bread 900G', 'product_price': '£ 1.20', 'product_additionals': '£0.13/100g'}, 8.612500000000002, 0.15094339622641506), ({'shop': 'asda', 'url': 'https://groceries.asda.com/product/63007058', 'product_name': 'The Polish Bakery Half-Wheat Half-Rye Sourdough Bread', 'product_price': '£1.00', 'product_additionals': '(12.5p/100g)'}, 906.2499999999997, 0.13793103448275867), ({'shop': 'asda', 'url': 'https://groceries.asda.com/product/910001185467', 'product_name': 'The Polish Bakery Highlander Premium Bread', 'product_price': '£1.35', 'product_additionals': '(16.9p/100g)'}, 992.8749999999999, 0.17021276595744683), ({'shop': 'asda', 'url': 'https://groceries.asda.com/product/63007061', 'product_name': 'The Polish Bakery Polish Bread Half-Wheat Half-Rye Sourdough', 'product_price': '£0.70', 'product_additionals': '(17.5p/100g)'}, 1421.875, 0.12307692307692308), ({'shop': 'asda', 'url': 'https://groceries.asda.com/product/1000000469720', 'product_name': 'The Polish Bakery Premium Bread - Chleb Slonecznikowy', 'product_price': '£1.20', 'product_additionals': '(15.0p/100g)'}, 1087.4999999999995, 0.13793103448275867), ({'shop': 'tesco', 'url': 'https://www.tesco.com/groceries/en-GB/products/296844907', 'product_name': 'The Polish Bakery Pumpkin Bread 500G', 'product_price': '£ 1.85', 'product_additionals': '£0.37/100g'}, 18.962500000000006, 0.19512195121951215), ({'shop': 'tesco', 'url': 'https://www.tesco.com/groceries/en-GB/products/267662008', 'product_name': 'The Polish Bakery Sunflower Seed Bread 400G', 'product_price': '£ 0.75', 'product_additionals': '£0.19/100g'}, 11.400000000000002, 0.16666666666666663), ({'shop': 'asda', 'url': 'https://groceries.asda.com/product/910001185404', 'product_name': 'The Polish Bakery Sunflower Seeded Bread - Chleb Slonecznikowy', 'product_price': '£1.70', 'product_additionals': '(21.2p/100g)'}, 1775.4999999999998, 0.11940298507462688), ({'shop': 'tesco', 'url': 'https://www.tesco.com/groceries/en-GB/products/307135618', 'product_name': 'Trek Power Millionaire Shortbread Bar 55G', 'product_price': '£ 1.75', 'product_additionals': '£3.19/100g'}, 146.74, 0.21739130434782605), ({'shop': 'asda', 'url': 'https://groceries.asda.com/product/910002788096', 'product_name': 'Warburtons Country White Bread', 'product_price': '£2.00', 'product_additionals': '(50.0p/100g)'}, 1750.0, 0.2857142857142857), ({'shop': 'tesco', 'url': 'https://www.tesco.com/groceries/en-GB/products/300810619', 'product_name': 'Warburtons Country White Bread 400G', 'product_price': '£ 2.00', 'product_additionals': '£0.50/100g'}, 20.0, 0.25), ({'shop': 'tesco', 'url': 'https://www.tesco.com/groceries/en-GB/products/255727936', 'product_name': 'Warburtons Danish Sliced White Bread 400G', 'product_price': '£ 0.95', 'product_additionals': '£0.24/100g'}, 11.040000000000001, 0.21739130434782605), ({'shop': 'asda', 'url': 'https://groceries.asda.com/product/34545', 'product_name': 'Warburtons Farmhouse Soft White Bread', 'product_price': '£1.20', 'product_additionals': '(15.0p/100g)'}, 629.9999999999999, 0.23809523809523814), ({'shop': 'asda', 'url': 'https://groceries.asda.com/product/2046278', 'product_name': 'Warburtons Farmhouse Soft White Bread', 'product_price': '£1.10', 'product_additionals': '(27.5p/100g)'}, 1154.9999999999998, 0.23809523809523814), ({'shop': 'tesco', 'url': 'https://www.tesco.com/groceries/en-GB/products/250168194', 'product_name': 'Warburtons Farmhouse White Bread 800G', 'product_price': '£ 1.20', 'product_additionals': '£0.15/100g'}, 6.299999999999999, 0.23809523809523814), ({'shop': 'tesco', 'url': 'https://www.tesco.com/groceries/en-GB/products/304371279', 'product_name': 'Warburtons Half And Half Medium Bread 800G', 'product_price': '£ 1.05', 'product_additionals': '£0.13/100g'}, 6.110000000000001, 0.21276595744680848), ({'shop': 'tesco', 'url': 'https://www.tesco.com/groceries/en-GB/products/300810591', 'product_name': 'Warburtons Malted Grain & Seeds Bread 400G', 'product_price': '£ 1.50', 'product_additionals': '£0.38/100g'}, 17.860000000000003, 0.21276595744680848), ({'shop': 'asda', 'url': 'https://groceries.asda.com/product/34541', 'product_name': 'Warburtons Medium Sliced White Bread', 'product_price': '£0.95', 'product_additionals': '(23.8p/100g)'}, 975.8000000000001, 0.24390243902439024), ({'shop': 'tesco', 'url': 'https://www.tesco.com/groceries/en-GB/products/254942331', 'product_name': 'Warburtons Medium Sliced White Bread 400G', 'product_price': '£ 0.90', 'product_additionals': '£0.22/100g'}, 10.120000000000003, 0.21739130434782605), ({'shop': 'tesco', 'url': 'https://www.tesco.com/groceries/en-GB/products/254942325', 'product_name': 'Warburtons Medium Sliced White Bread 800G', 'product_price': '£ 1.10', 'product_additionals': '£0.14/100g'}, 6.44, 0.21739130434782605), ({'shop': 'asda', 'url': 'https://groceries.asda.com/product/34540', 'product_name': 'Warburtons Medium Sliced Wholemeal Bread', 'product_price': '£0.85', 'product_additionals': '(21.2p/100g)'}, 954.0, 0.2222222222222222), ({'shop': 'asda', 'url': 'https://groceries.asda.com/product/34538', 'product_name': 'Warburtons Medium Sliced Wholemeal Bread', 'product_price': '£1.10', 'product_additionals': '(13.8p/100g)'}, 621.0, 0.2222222222222222), ({'shop': 'asda', 'url': 'https://groceries.asda.com/product/34536', 'product_name': 'Warburtons Medium White Bread', 'product_price': '£1.10', 'product_additionals': '(13.8p/100g)'}, 469.1999999999999, 0.2941176470588236), ({'shop': 'tesco', 'url': 'https://www.tesco.com/groceries/en-GB/products/254942734', 'product_name': 'Warburtons Milk Roll Sliced White Bread 400G', 'product_price': '£ 0.90', 'product_additionals': '£0.22/100g'}, 10.780000000000001, 0.20408163265306123), ({'shop': 'tesco', 'url': 'https://www.tesco.com/groceries/en-GB/products/300810631', 'product_name': 'Warburtons Multi Grain & Seed Bread 400G', 'product_price': '£ 2.00', 'product_additionals': '£0.50/100g'}, 22.5, 0.2222222222222222), ({'shop': 'asda', 'url': 'https://groceries.asda.com/product/910002787978', 'product_name': 'Warburtons Multigrain & Seed Bread', 'product_price': '£2.00', 'product_additionals': '(50.0p/100g)'}, 1950.0000000000002, 0.2564102564102564), ({'shop': 'tesco', 'url': 'https://www.tesco.com/groceries/en-GB/products/300810579', 'product_name': 'Warburtons Old English White Bread 400G', 'product_price': '£ 1.50', 'product_additionals': '£0.38/100g'}, 16.72, 0.2272727272727273), ({'shop': 'asda', 'url': 'https://groceries.asda.com/product/34548', 'product_name': 'Warburtons Seeded Batch Bread', 'product_price': '£0.95', 'product_additionals': '(23.8p/100g)'}, 809.1999999999998, 0.2941176470588236), ({'shop': 'asda', 'url': 'https://groceries.asda.com/product/1233409', 'product_name': 'Warburtons Seeded Batch Bread', 'product_price': '£1.25', 'product_additionals': '(15.6p/100g)'}, 530.3999999999999, 0.2941176470588236), ({'shop': 'tesco', 'url': 'https://www.tesco.com/groceries/en-GB/products/251738895', 'product_name': 'Warburtons Seeded Batch Bread 400G', 'product_price': '£ 0.90', 'product_additionals': '£0.22/100g'}, 8.580000000000002, 0.2564102564102564), ({'shop': 'tesco', 'url': 'https://www.tesco.com/groceries/en-GB/products/257269645', 'product_name': 'Warburtons Seeded Batch Bread 800G', 'product_price': '£ 1.40', 'product_additionals': '£0.18/100g'}, 7.0200000000000005, 0.2564102564102564), ({'shop': 'tesco', 'url': 'https://www.tesco.com/groceries/en-GB/products/268104801', 'product_name': 'Warburtons Sliced Tiger Bread 600G', 'product_price': '£ 1.35', 'product_additionals': '£0.22/100g'}, 8.580000000000002, 0.2564102564102564), ({'shop': 'asda', 'url': 'https://groceries.asda.com/product/34543', 'product_name': 'Warburtons Thickest White Bread', 'product_price': '£1.10', 'product_additionals': '(13.8p/100g)'}, 496.79999999999995, 0.2777777777777778), ({'shop': 'tesco', 'url': 'https://www.tesco.com/groceries/en-GB/products/299608331', 'product_name': 'Warburtons Thoroughbread Lancashire 800G', 'product_price': '£ 1.40', 'product_additionals': '£0.18/100g'}, 8.100000000000001, 0.2222222222222222), ({'shop': 'tesco', 'url': 'https://www.tesco.com/groceries/en-GB/products/254942354', 'product_name': 'Warburtons Toastie Sliced White Bread 400G', 'product_price': '£ 0.85', 'product_additionals': '£0.21/100g'}, 9.870000000000001, 0.21276595744680848), ({'shop': 'tesco', 'url': 'https://www.tesco.com/groceries/en-GB/products/254942348', 'product_name': 'Warburtons Toastie Sliced White Bread 800G', 'product_price': '£ 1.10', 'product_additionals': '£0.14/100g'}, 6.58, 0.21276595744680848), ({'shop': 'asda', 'url': 'https://groceries.asda.com/product/34537', 'product_name': 'Warburtons Toastie Thick Sliced White Bread', 'product_price': '£1.10', 'product_additionals': '(13.8p/100g)'}, 662.3999999999999, 0.20833333333333337), ({'shop': 'asda', 'url': 'https://groceries.asda.com/product/34542', 'product_name': 'Warburtons Toastie White Thick Sliced Bread', 'product_price': '£0.85', 'product_additionals': '(21.2p/100g)'}, 1017.5999999999998, 0.20833333333333337), ({'shop': 'asda', 'url': 'https://groceries.asda.com/product/34539', 'product_name': 'Warburtons White Danish Bread', 'product_price': '£0.95', 'product_additionals': '(23.8p/100g)'}, 809.1999999999998, 0.2941176470588236), ({'shop': 'tesco', 'url': 'https://www.tesco.com/groceries/en-GB/products/302088635', 'product_name': 'Warburtons White Farmhouse Bread 400G', 'product_price': '£ 1.00', 'product_additionals': '£0.25/100g'}, 10.499999999999998, 0.23809523809523814), ({'shop': 'tesco', 'url': 'https://www.tesco.com/groceries/en-GB/products/302385928', 'product_name': 'Warburtons White Gluten Free Bread Sourdough 400G', 'product_price': '£ 3.40', 'product_additionals': '£0.85/100g'}, 45.90000000000001, 0.18518518518518512), ({'shop': 'asda', 'url': 'https://groceries.asda.com/product/36473', 'product_name': 'Warburtons White Milk Roll Bread', 'product_price': '£0.95', 'product_additionals': '(23.8p/100g)'}, 880.5999999999999, 0.2702702702702703), ({'shop': 'tesco', 'url': 'https://www.tesco.com/groceries/en-GB/products/254944283', 'product_name': 'Warburtons Wholemeal Medium Bread 400G', 'product_price': '£ 0.85', 'product_additionals': '£0.21/100g'}, 9.030000000000001, 0.2325581395348837), ({'shop': 'tesco', 'url': 'https://www.tesco.com/groceries/en-GB/products/254944260', 'product_name': 'Warburtons Wholemeal Medium Bread 800G', 'product_price': '£ 1.05', 'product_additionals': '£0.13/100g'}, 5.590000000000001, 0.2325581395348837), ({'shop': 'asda', 'url': 'https://groceries.asda.com/product/36477', 'product_name': 'Weight Watchers Danish Malted Bread', 'product_price': '£1.05', 'product_additionals': '(26.2p/100g)'}, 1310.0000000000002, 0.19999999999999996), ({'shop': 'tesco', 'url': 'https://www.tesco.com/groceries/en-GB/products/256641396', 'product_name': 'Weight Watchers Malted Danish Sliced Bread 400G', 'product_price': '£ 1.00', 'product_additionals': '£0.25/100g'}, 16.25, 0.15384615384615385), ({'shop': 'asda', 'url': 'https://groceries.asda.com/product/39577669', 'product_name': 'Weight Watchers Thick Wholemeal Bread', 'product_price': '£1.14', 'product_additionals': '(28.5p/100g)'}, 1496.25, 0.19047619047619047), ({'shop': 'tesco', 'url': 'https://www.tesco.com/groceries/en-GB/products/303630499', 'product_name': 'Whitby Seafoods Breaded Scampi Bites 190G', 'product_price': '£ 1.00', 'product_additionals': '£5.27/kg'}, 24.242, 0.21739130434782605), ({'shop': 'asda', 'url': 'https://groceries.asda.com/product/1000200731351', 'product_name': "Young's 4 Omega 3 Fish Fillets in Crispy Breadcrumbs", 'product_price': '£3.70', 'product_additionals': '(£6.17/kg)'}, 43.96125, 0.14035087719298245), ({'shop': 'tesco', 'url': 'https://www.tesco.com/groceries/en-GB/products/303391723', 'product_name': 'Youngs Simply Breaded 4 Large Cod Fillets 440G', 'product_price': '£ 4.00', 'product_additionals': '£9.10/kg'}, 58.012499999999996, 0.1568627450980392), ({'shop': 'tesco', 'url': 'https://www.tesco.com/groceries/en-GB/products/303391625', 'product_name': 'Youngs Simply Breaded Omega 3 4 Fish Fillets 400G', 'product_price': '£ 2.40', 'product_additionals': '£6.00/kg'}, 40.5, 0.14814814814814814)], [])

final
[{'shop': 'tesco', 'url': 'https://www.tesco.com/groceries/en-GB/products/254945564', 'product_name': 'Tesco 6 White Pitta Bread', 'product_price': '£ 0.45', 'product_additionals': '£0.08/each'}, {'shop': 'tesco', 'url': 'https://www.tesco.com/groceries/en-GB/products/254945610', 'product_name': 'Tesco 6 Wholemeal Pitta Bread', 'product_price': '£ 0.45', 'product_additionals': '£0.08/each'}, {'shop': 'tesco', 'url': 'https://www.tesco.com/groceries/en-GB/products/308110957', 'product_name': 'Tesco 10 Mini Easter Gingerbread Men', 'product_price': '£ 1.00', 'product_additionals': '£0.10/each'}, {'shop': 'tesco', 'url': 'https://www.tesco.com/groceries/en-GB/products/291376265', 'product_name': 'Tesco 6 Multiseed Folded Flatbreads', 'product_price': '£ 0.79', 'product_additionals': '£0.13/each'}, {'shop': 'tesco', 'url': 'https://www.tesco.com/groceries/en-GB/products/291376220', 'product_name': 'Tesco Folded Flatbreads Plain 6 Pack', 'product_price': '£ 0.79', 'product_additionals': '£0.13/each'}, {'shop': 'tesco', 'url': 'https://www.tesco.com/groceries/en-GB/products/308094029', 'product_name': 'Mission 6 Plain Pitta Breads', 'product_price': '£ 0.80', 'product_additionals': '£0.13/each'}, {'shop': 'tesco', 'url': 'https://www.tesco.com/groceries/en-GB/products/291376334', 'product_name': 'Tesco Malted Grain & Rye Folded Flatbread 6 Pack', 'product_price': '£ 0.79', 'product_additionals': '£0.13/each'}, {'shop': 'tesco', 'url': 'https://www.tesco.com/groceries/en-GB/products/274684882', 'product_name': 'Tesco 5 Gingerbread Men Kit 174G', 'product_price': '£ 1.80', 'product_additionals': '£0.36/each'}, {'shop': 'tesco', 'url': 'https://www.tesco.com/groceries/en-GB/products/303315815', 'product_name': 'Tesco 2 Plain Naan Breads', 'product_price': '£ 0.75', 'product_additionals': '£0.38/each'}, {'shop': 'tesco', 'url': 'https://www.tesco.com/groceries/en-GB/products/257800909', 'product_name': 'Finest Triple Chocolate Shortbread 4 Pack', 'product_price': '£ 1.50', 'product_additionals': '£0.38/each'}, {'shop': 'tesco', 'url': 'https://www.tesco.com/groceries/en-GB/products/305527187', 'product_name': 'Tesco 5 Decorate Your Own Gingerbread Easter Egg Kit', 'product_price': '£ 1.80', 'product_additionals': '£0.36/each'}, {'shop': 'tesco', 'url': 'https://www.tesco.com/groceries/en-GB/products/308079929', 'product_name': 'Tesco Seasonal Gingerbread Biscuit', 'product_price': '£ 0.60', 'product_additionals': '£0.60/each'}, {'shop': 'tesco', 'url': 'https://www.tesco.com/groceries/en-GB/products/250506912', 'product_name': 'Pataks Plain Naan Bread 2 Pack', 'product_price': '£ 1.25', 'product_additionals': '£0.62/each'}, {'shop': 'tesco', 'url': 'https://www.tesco.com/groceries/en-GB/products/259170533', 'product_name': 'Pataks Peshwari Naan Bread 2Pack', 'product_price': '£ 1.25', 'product_additionals': '£0.62/each'}, {'shop': 'tesco', 'url': 'https://www.tesco.com/groceries/en-GB/products/250523085', 'product_name': 'Pataks Garlic & Coriander Naan Bread 2 Pack', 'product_price': '£ 1.25', 'product_additionals': '£0.62/each'}, {'shop': 'tesco', 'url': 'https://www.tesco.com/groceries/en-GB/products/285498135', 'product_name': 'Tesco Corn Bread', 'product_price': '£ 1.60', 'product_additionals': '£1.60/each'}, {'shop': 'tesco', 'url': 'https://www.tesco.com/groceries/en-GB/products/272960719', 'product_name': 'Three Cheese Bread', 'product_price': '£ 1.60', 'product_additionals': '£1.60/each'}, {'shop': 'tesco', 'url': 'https://www.tesco.com/groceries/en-GB/products/308093498', 'product_name': "Irwin's Traditional Wheaten Bread", 'product_price': '£ 1.20', 'product_additionals': '£1.20/each'}, {'shop': 'asda', 'url': 'https://groceries.asda.com/product/1000159725341', 'product_name': 'George Home Gingerbread Man Cookie Cutters', 'product_price': '£2.00', 'product_additionals': '(£2.00/each)'}, {'shop': 'asda', 'url': 'https://groceries.asda.com/product/1000224243232', 'product_name': 'George Home Gingerbread Cappucino Mug', 'product_price': '£2.50', 'product_additionals': '(£2.50/each)'}, {'shop': 'tesco', 'url': 'https://www.tesco.com/groceries/en-GB/products/305834981', 'product_name': 'Tesco Finest 4 Millionaire Shortbread Slices', 'product_price': '£ 2.25', 'product_additionals': '£2.25/each'}, {'shop': 'asda', 'url': 'https://groceries.asda.com/product/1000229362652', 'product_name': 'George Home Multi Christmas Gingerbread House Mug', 'product_price': '£3.00', 'product_additionals': '(£3.00/each)'}, {'shop': 'asda', 'url': 'https://groceries.asda.com/product/1000150186101', 'product_name': 'George Home Gingerbread Napkins', 'product_price': '£1.00', 'product_additionals': '(5.0p/each)'}, {'shop': 'asda', 'url': 'https://groceries.asda.com/product/1000227127175', 'product_name': 'Eco Wix Gingerbread Small Candle', 'product_price': '£5.00', 'product_additionals': '(£5.00/each)'}, {'shop': 'asda', 'url': 'https://groceries.asda.com/product/1000229362801', 'product_name': 'George Home Gingerbread House Plate', 'product_price': '£5.00', 'product_additionals': '(£5.00/each)'}, {'shop': 'asda', 'url': 'https://groceries.asda.com/product/910001960493', 'product_name': 'ASDA White Pitta Breads', 'product_price': '£0.45', 'product_additionals': '(7.5p/each)'}, {'shop': 'asda', 'url': 'https://groceries.asda.com/product/1000229362679', 'product_name': 'George Home Grey Bread Bin', 'product_price': '£10.00', 'product_additionals': '(£10.00/each)'}, {'shop': 'asda', 'url': 'https://groceries.asda.com/product/1000229362594', 'product_name': 'George Home White Marble Bread Bin', 'product_price': '£10.00', 'product_additionals': '(£10.00/each)'}, {'shop': 'asda', 'url': 'https://groceries.asda.com/product/1000229362744', 'product_name': 'George Home Cream Bread Bin', 'product_price': '£10.00', 'product_additionals': '(£10.00/each)'}, {'shop': 'asda', 'url': 'https://groceries.asda.com/product/1000056262134', 'product_name': "ASDA Baker's Selection 20 Mini Shortbread Bites", 'product_price': '£2.00', 'product_additionals': '(10.0p/each)'}, {'shop': 'asda', 'url': 'https://groceries.asda.com/product/1000229362793', 'product_name': 'George Home Multi Christmas Gingerbread House Cookie Jar', 'product_price': '£12.00', 'product_additionals': '(£12.00/each)'}, {'shop': 'asda', 'url': 'https://groceries.asda.com/product/1000244026790', 'product_name': 'Cadbury Winter Gingerbread Chocolate Cake Bars', 'product_price': '£1.00', 'product_additionals': '(20.0p/each)'}, {'shop': 'asda', 'url': 'https://groceries.asda.com/product/1000188692416', 'product_name': 'Deli Kitchen Greek Style Flatbreads', 'product_price': '£1.35', 'product_additionals': '(33.8p/each)'}, {'shop': 'asda', 'url': 'https://groceries.asda.com/product/910003185883', 'product_name': 'ASDA 4 Mini Garlic & Coriander Naan Bread', 'product_price': '£1.00', 'product_additionals': '(25.0p/each)'}, {'shop': 'asda', 'url': 'https://groceries.asda.com/product/1000254237184', 'product_name': 'ASDA 2 Garlic & Parsley Flatbreads', 'product_price': '£1.26', 'product_additionals': '(63.0p/each)'}, {'shop': 'tesco', 'url': 'https://www.tesco.com/groceries/en-GB/products/299045570', 'product_name': "H W Nevill's White Bread 800G", 'product_price': '£ 0.36', 'product_additionals': '£0.04/100g'}, {'shop': 'tesco', 'url': 'https://www.tesco.com/groceries/en-GB/products/299045558', 'product_name': "H W Nevill's Wholemeal Bread 800G", 'product_price': '£ 0.36', 'product_additionals': '£0.04/100g'}, {'shop': 'tesco', 'url': 'https://www.tesco.com/groceries/en-GB/products/299389116', 'product_name': 'Tesco White Bread 800G', 'product_price': '£ 0.59', 'product_additionals': '£0.07/100g'}, {'shop': 'tesco', 'url': 'https://www.tesco.com/groceries/en-GB/products/303629513', 'product_name': 'Tesco Both Together Bread 800G', 'product_price': '£ 0.59', 'product_additionals': '£0.07/100g'}, {'shop': 'tesco', 'url': 'https://www.tesco.com/groceries/en-GB/products/299425783', 'product_name': 'Tesco Wholemeal Medium Bread 800G', 'product_price': '£ 0.59', 'product_additionals': '£0.07/100g'}, {'shop': 'tesco', 'url': 'https://www.tesco.com/groceries/en-GB/products/299425748', 'product_name': 'Tesco Toastie White Bread Thick 800G', 'product_price': '£ 0.59', 'product_additionals': '£0.07/100g'}, {'shop': 'tesco', 'url': 'https://www.tesco.com/groceries/en-GB/products/299425760', 'product_name': 'Tesco Toastie Wholemeal Thick Bread 800G', 'product_price': '£ 0.59', 'product_additionals': '£0.07/100g'}, {'shop': 'tesco', 'url': 'https://www.tesco.com/groceries/en-GB/products/252065992', 'product_name': 'Kingsmill 50/50 Thick Bread 800G', 'product_price': '£ 0.85', 'product_additionals': '£0.11/100g'}, {'shop': 'tesco', 'url': 'https://www.tesco.com/groceries/en-GB/products/261738730', 'product_name': 'Kingsmill 50/50 Medium Bread 800G', 'product_price': '£ 0.85', 'product_additionals': '£0.11/100g'}, {'shop': 'tesco', 'url': 'https://www.tesco.com/groceries/en-GB/products/254944260', 'product_name': 'Warburtons Wholemeal Medium Bread 800G', 'product_price': '£ 1.05', 'product_additionals': '£0.13/100g'}, {'shop': 'asda', 'url': 'https://groceries.asda.com/product/80190762', 'product_name': 'ASDA Organic White Bread Flour', 'product_price': '£1.29', 'product_additionals': '(£1.29/kg)'}, {'shop': 'tesco', 'url': 'https://www.tesco.com/groceries/en-GB/products/271273388', 'product_name': 'Allinson Wholemeal Bread 1.5Kg', 'product_price': '£ 2.00', 'product_additionals': '£1.34/kg'}, {'shop': 'asda', 'url': 'https://groceries.asda.com/product/77326875', 'product_name': 'Allinson Very Strong Bread Flour', 'product_price': '£1.97', 'product_additionals': '(£1.31/kg)'}, {'shop': 'tesco', 'url': 'https://www.tesco.com/groceries/en-GB/products/304371279', 'product_name': 'Warburtons Half And Half Medium Bread 800G', 'product_price': '£ 1.05', 'product_additionals': '£0.13/100g'}, {'shop': 'tesco', 'url': 'https://www.tesco.com/groceries/en-GB/products/250168194', 'product_name': 'Warburtons Farmhouse White Bread 800G', 'product_price': '£ 1.20', 'product_additionals': '£0.15/100g'}, {'shop': 'tesco', 'url': 'https://www.tesco.com/groceries/en-GB/products/259804983', 'product_name': 'Kingsmill Soft White Thick Bread 800G', 'product_price': '£ 0.95', 'product_additionals': '£0.12/100g'}, {'shop': 'tesco', 'url': 'https://www.tesco.com/groceries/en-GB/products/254917926', 'product_name': 'Tesco Strong Stone Ground 100% Wholemeal Bread Flour 1.5Kg', 'product_price': '£ 1.20', 'product_additionals': '£0.80/kg'}, {'shop': 'tesco', 'url': 'https://www.tesco.com/groceries/en-GB/products/254942325', 'product_name': 'Warburtons Medium Sliced White Bread 800G', 'product_price': '£ 1.10', 'product_additionals': '£0.14/100g'}, {'shop': 'tesco', 'url': 'https://www.tesco.com/groceries/en-GB/products/259804954', 'product_name': 'Kingsmill Soft White Medium Bread 800G', 'product_price': '£ 0.95', 'product_additionals': '£0.12/100g'}, {'shop': 'tesco', 'url': 'https://www.tesco.com/groceries/en-GB/products/263518014', 'product_name': 'Hovis Wholemeal Thick Bread 800G', 'product_price': '£ 1.10', 'product_additionals': '£0.14/100g'}, {'shop': 'tesco', 'url': 'https://www.tesco.com/groceries/en-GB/products/254942348', 'product_name': 'Warburtons Toastie Sliced White Bread 800G', 'product_price': '£ 1.10', 'product_additionals': '£0.14/100g'}, {'shop': 'tesco', 'url': 'https://www.tesco.com/groceries/en-GB/products/254550817', 'product_name': 'Hovis Soft White Thick Bread 800G', 'product_price': '£ 1.10', 'product_additionals': '£0.14/100g'}, {'shop': 'tesco', 'url': 'https://www.tesco.com/groceries/en-GB/products/255000362', 'product_name': 'Hovis Wholemeal Medium Bread 800G', 'product_price': '£ 1.10', 'product_additionals': '£0.14/100g'}, {'shop': 'asda', 'url': 'https://groceries.asda.com/product/1000001429981', 'product_name': 'Hovis Granary Bread Flour', 'product_price': '£1.79', 'product_additionals': '(£1.79/kg)'}, {'shop': 'tesco', 'url': 'https://www.tesco.com/groceries/en-GB/products/256174499', 'product_name': 'Hovis Soft White Medium Bread 800G', 'product_price': '£ 1.09', 'product_additionals': '£0.14/100g'}, {'shop': 'tesco', 'url': 'https://www.tesco.com/groceries/en-GB/products/257269645', 'product_name': 'Warburtons Seeded Batch Bread 800G', 'product_price': '£ 1.40', 'product_additionals': '£0.18/100g'}, {'shop': 'tesco', 'url': 'https://www.tesco.com/groceries/en-GB/products/252990345', 'product_name': 'Kingsmill Tasty Wholemeal Medium Bread 800G', 'product_price': '£ 0.95', 'product_additionals': '£0.12/100g'}, {'shop': 'tesco', 'url': 'https://www.tesco.com/groceries/en-GB/products/257218318', 'product_name': 'Tesco Breaded Onion Rings 750G', 'product_price': '£ 1.25', 'product_additionals': '£1.67/kg'}, {'shop': 'tesco', 'url': 'https://www.tesco.com/groceries/en-GB/products/256783233', 'product_name': 'Allinson Strong White Bread Flour 1.5Kg', 'product_price': '£ 2.00', 'product_additionals': '£1.34/kg'}, {'shop': 'tesco', 'url': 'https://www.tesco.com/groceries/en-GB/products/285024271', 'product_name': 'Tesco Multiseed Bread Mix 500G', 'product_price': '£ 0.85', 'product_additionals': '£1.70/kg'}, {'shop': 'asda', 'url': 'https://groceries.asda.com/product/77326876', 'product_name': 'Allinson Wholemeal Very Strong Bread Flour', 'product_price': '£1.97', 'product_additionals': '(£1.31/kg)'}, {'shop': 'tesco', 'url': 'https://www.tesco.com/groceries/en-GB/products/267363266', 'product_name': 'Hovis Soft White Extra Thick Bread 800G', 'product_price': '£ 1.10', 'product_additionals': '£0.14/100g'}, {'shop': 'tesco', 'url': 'https://www.tesco.com/groceries/en-GB/products/250871708', 'product_name': 'Hovis Granary Thick Bread 800G', 'product_price': '£ 1.45', 'product_additionals': '£0.18/100g'}, {'shop': 'tesco', 'url': 'https://www.tesco.com/groceries/en-GB/products/289597812', 'product_name': 'Tesco Very Strong Canadian Bread Flour 1Kg', 'product_price': '£ 1.35', 'product_additionals': '£1.35/kg'}, {'shop': 'tesco', 'url': 'https://www.tesco.com/groceries/en-GB/products/299608331', 'product_name': 'Warburtons Thoroughbread Lancashire 800G', 'product_price': '£ 1.40', 'product_additionals': '£0.18/100g'}, {'shop': 'tesco', 'url': 'https://www.tesco.com/groceries/en-GB/products/306822170', 'product_name': "Allinson's Country Grain Bread Flour 1Kg", 'product_price': '£ 1.50', 'product_additionals': '£1.50/kg'}, {'shop': 'tesco', 'url': 'https://www.tesco.com/groceries/en-GB/products/251738895', 'product_name': 'Warburtons Seeded Batch Bread 400G', 'product_price': '£ 0.90', 'product_additionals': '£0.22/100g'}, {'shop': 'tesco', 'url': 'https://www.tesco.com/groceries/en-GB/products/268104801', 'product_name': 'Warburtons Sliced Tiger Bread 600G', 'product_price': '£ 1.35', 'product_additionals': '£0.22/100g'}, {'shop': 'tesco', 'url': 'https://www.tesco.com/groceries/en-GB/products/265412994', 'product_name': 'The Polish Bakery Half Wheat Half Rye Bread 900G', 'product_price': '£ 1.20', 'product_additionals': '£0.13/100g'}, {'shop': 'tesco', 'url': 'https://www.tesco.com/groceries/en-GB/products/279505707', 'product_name': 'Hovis Best Of Both Thick White Bread 750G', 'product_price': '£ 1.10', 'product_additionals': '£0.15/100g'}, {'shop': 'tesco', 'url': 'https://www.tesco.com/groceries/en-GB/products/263190209', 'product_name': 'Prymat Breadcrumbs 400G', 'product_price': '£ 1.00', 'product_additionals': '£2.50/kg'}, {'shop': 'tesco', 'url': 'https://www.tesco.com/groceries/en-GB/products/254944133', 'product_name': 'Hovis Granary Wholemeal Bread 800G', 'product_price': '£ 1.45', 'product_additionals': '£0.18/100g'}, {'shop': 'tesco', 'url': 'https://www.tesco.com/groceries/en-GB/products/279505857', 'product_name': 'Hovis Best Of Both Medium White Bread 750G', 'product_price': '£ 1.10', 'product_additionals': '£0.15/100g'}, {'shop': 'tesco', 'url': 'https://www.tesco.com/groceries/en-GB/products/274811214', 'product_name': 'Hovis Original 7 Seeds Bread 800G', 'product_price': '£ 1.50', 'product_additionals': '£0.19/100g'}, {'shop': 'tesco', 'url': 'https://www.tesco.com/groceries/en-GB/products/254944283', 'product_name': 'Warburtons Wholemeal Medium Bread 400G', 'product_price': '£ 0.85', 'product_additionals': '£0.21/100g'}, {'shop': 'tesco', 'url': 'https://www.tesco.com/groceries/en-GB/products/274811254', 'product_name': 'Hovis 7 Seeds Wholemeal Bread 800G', 'product_price': '£ 1.50', 'product_additionals': '£0.19/100g'}, {'shop': 'tesco', 'url': 'https://www.tesco.com/groceries/en-GB/products/267662020', 'product_name': 'The Polish Bakery Brown Bread 400G', 'product_price': '£ 0.75', 'product_additionals': '£0.19/100g'}, {'shop': 'tesco', 'url': 'https://www.tesco.com/groceries/en-GB/products/307138172', 'product_name': 'Allinson Strong White Bread Flour 1Kg', 'product_price': '£ 1.80', 'product_additionals': '£1.80/kg'}, {'shop': 'tesco', 'url': 'https://www.tesco.com/groceries/en-GB/products/305737088', 'product_name': 'Tesco Finest Wholemeal Seeds And Grains Bread 800G', 'product_price': '£ 1.10', 'product_additionals': '£0.14/100g'}, {'shop': 'tesco', 'url': 'https://www.tesco.com/groceries/en-GB/products/254942354', 'product_name': 'Warburtons Toastie Sliced White Bread 400G', 'product_price': '£ 0.85', 'product_additionals': '£0.21/100g'}, {'shop': 'tesco', 'url': 'https://www.tesco.com/groceries/en-GB/products/250829858', 'product_name': 'Hovis Wholemeal Medium Bread 400G', 'product_price': '£ 0.85', 'product_additionals': '£0.21/100g'}, {'shop': 'tesco', 'url': 'https://www.tesco.com/groceries/en-GB/products/254942331', 'product_name': 'Warburtons Medium Sliced White Bread 400G', 'product_price': '£ 0.90', 'product_additionals': '£0.22/100g'}, {'shop': 'tesco', 'url': 'https://www.tesco.com/groceries/en-GB/products/258199403', 'product_name': "Paterson's Shortbread Fingers 380G", 'product_price': '£ 1.00', 'product_additionals': '£0.26/100g'}, {'shop': 'tesco', 'url': 'https://www.tesco.com/groceries/en-GB/products/257123599', 'product_name': 'Doves Farm Gluten Free White Bread Flour 1Kg', 'product_price': '£ 1.70', 'product_additionals': '£1.70/kg'}, {'shop': 'tesco', 'url': 'https://www.tesco.com/groceries/en-GB/products/302088635', 'product_name': 'Warburtons White Farmhouse Bread 400G', 'product_price': '£ 1.00', 'product_additionals': '£0.25/100g'}, {'shop': 'tesco', 'url': 'https://www.tesco.com/groceries/en-GB/products/296844942', 'product_name': 'Polish Bakery Highlander Bread Sourdough 800G', 'product_price': '£ 1.35', 'product_additionals': '£0.17/100g'}, {'shop': 'tesco', 'url': 'https://www.tesco.com/groceries/en-GB/products/254942734', 'product_name': 'Warburtons Milk Roll Sliced White Bread 400G', 'product_price': '£ 0.90', 'product_additionals': '£0.22/100g'}, {'shop': 'tesco', 'url': 'https://www.tesco.com/groceries/en-GB/products/306932886', 'product_name': 'Molino Pasini Pizza & Focaccia Bread Mix 1000G', 'product_price': '£ 1.70', 'product_additionals': '£1.70/kg'}, {'shop': 'tesco', 'url': 'https://www.tesco.com/groceries/en-GB/products/255727936', 'product_name': 'Warburtons Danish Sliced White Bread 400G', 'product_price': '£ 0.95', 'product_additionals': '£0.24/100g'}, {'shop': 'tesco', 'url': 'https://www.tesco.com/groceries/en-GB/products/259747508', 'product_name': 'Hovis Original Granary Bread 400G', 'product_price': '£ 0.95', 'product_additionals': '£0.24/100g'}, {'shop': 'tesco', 'url': 'https://www.tesco.com/groceries/en-GB/products/267662008', 'product_name': 'The Polish Bakery Sunflower Seed Bread 400G', 'product_price': '£ 0.75', 'product_additionals': '£0.19/100g'}, {'shop': 'tesco', 'url': 'https://www.tesco.com/groceries/en-GB/products/265412971', 'product_name': 'The Polish Bakery Half Wheat Half Rye Bread 400G', 'product_price': '£ 0.70', 'product_additionals': '£0.18/100g'}, {'shop': 'tesco', 'url': 'https://www.tesco.com/groceries/en-GB/products/307342027', 'product_name': 'Tesco All Butter Shortbread Fingers 250G', 'product_price': '£ 0.69', 'product_additionals': '£0.28/100g'}, {'shop': 'tesco', 'url': 'https://www.tesco.com/groceries/en-GB/products/256236588', 'product_name': 'Tesco Indian Naan Breads 320G', 'product_price': '£ 1.00', 'product_additionals': '£0.31/100g'}, {'shop': 'tesco', 'url': 'https://www.tesco.com/groceries/en-GB/products/294706650', 'product_name': 'Tesco Sesame Rye Crisp Bread 250G', 'product_price': '£ 0.69', 'product_additionals': '£0.28/100g'}, {'shop': 'tesco', 'url': 'https://www.tesco.com/groceries/en-GB/products/299596458', 'product_name': 'Hearty Food Co 8 Breaded Chicken Burgers 456G', 'product_price': '£ 0.97', 'product_additionals': '£2.13/kg'}, {'shop': 'tesco', 'url': 'https://www.tesco.com/groceries/en-GB/products/289573832', 'product_name': 'Tesco Gingerbread Mix 225G', 'product_price': '£ 1.00', 'product_additionals': '£0.44/100g'}, {'shop': 'tesco', 'url': 'https://www.tesco.com/groceries/en-GB/products/305836218', 'product_name': 'Tesco Finest Wholemeal Seeds And Grains Bread 400G', 'product_price': '£ 0.79', 'product_additionals': '£0.20/100g'}, {'shop': 'tesco', 'url': 'https://www.tesco.com/groceries/en-GB/products/294706637', 'product_name': 'Tesco Original Rye Crisp Bread 250G', 'product_price': '£ 0.69', 'product_additionals': '£0.28/100g'}, {'shop': 'tesco', 'url': 'https://www.tesco.com/groceries/en-GB/products/281509384', 'product_name': 'Tesco Free From Brown Bread 550G', 'product_price': '£ 1.80', 'product_additionals': '£0.33/100g'}, {'shop': 'tesco', 'url': 'https://www.tesco.com/groceries/en-GB/products/293723399', 'product_name': 'Tesco Garlic Breaded Mushrooms 400G', 'product_price': '£ 1.25', 'product_additionals': '£3.13/kg'}, {'shop': 'tesco', 'url': 'https://www.tesco.com/groceries/en-GB/products/289806238', 'product_name': 'Tesco 72 Breaded Chicken Nuggets 1Kg', 'product_price': '£ 3.15', 'product_additionals': '£3.15/kg'}, {'shop': 'tesco', 'url': 'https://www.tesco.com/groceries/en-GB/products/256641396', 'product_name': 'Weight Watchers Malted Danish Sliced Bread 400G', 'product_price': '£ 1.00', 'product_additionals': '£0.25/100g'}, {'shop': 'tesco', 'url': 'https://www.tesco.com/groceries/en-GB/products/300810579', 'product_name': 'Warburtons Old English White Bread 400G', 'product_price': '£ 1.50', 'product_additionals': '£0.38/100g'}, {'shop': 'asda', 'url': 'https://groceries.asda.com/product/80785008', 'product_name': 'Paxo Golden Breadcrumbs', 'product_price': '£1.09', 'product_additionals': '(£4.80/kg)'}, {'shop': 'tesco', 'url': 'https://www.tesco.com/groceries/en-GB/products/299587469', 'product_name': 'Hearty Food Co 20 Breaded Chicken Nuggets 320G', 'product_price': '£ 0.85', 'product_additionals': '£2.66/kg'}, {'shop': 'tesco', 'url': 'https://www.tesco.com/groceries/en-GB/products/254926368', 'product_name': 'Ryvita Crackerbread 200G', 'product_price': '£ 1.19', 'product_additionals': '£0.60/100g'}, {'shop': 'tesco', 'url': 'https://www.tesco.com/groceries/en-GB/products/300810591', 'product_name': 'Warburtons Malted Grain & Seeds Bread 400G', 'product_price': '£ 1.50', 'product_additionals': '£0.38/100g'}, {'shop': 'tesco', 'url': 'https://www.tesco.com/groceries/en-GB/products/260630288', 'product_name': 'Kingsmill 50/50 No Crusts Bread 400G', 'product_price': '£ 1.40', 'product_additionals': '£0.35/100g'}, {'shop': 'tesco', 'url': 'https://www.tesco.com/groceries/en-GB/products/276605133', 'product_name': 'Tesco Free From Sliced White Bread 550G', 'product_price': '£ 1.80', 'product_additionals': '£0.33/100g'}, {'shop': 'tesco', 'url': 'https://www.tesco.com/groceries/en-GB/products/293574661', 'product_name': 'Tesco Shortbread Petticoat Tails 450G', 'product_price': '£ 2.00', 'product_additionals': '£0.44/100g'}, {'shop': 'tesco', 'url': 'https://www.tesco.com/groceries/en-GB/products/267661977', 'product_name': "The Polish Bakery Granny's Sesame Seed Bread 400G", 'product_price': '£ 1.10', 'product_additionals': '£0.28/100g'}, {'shop': 'tesco', 'url': 'https://www.tesco.com/groceries/en-GB/products/296844907', 'product_name': 'The Polish Bakery Pumpkin Bread 500G', 'product_price': '£ 1.85', 'product_additionals': '£0.37/100g'}, {'shop': 'tesco', 'url': 'https://www.tesco.com/groceries/en-GB/products/301063378', 'product_name': 'Tesco White Breadcrumbs 175G', 'product_price': '£ 0.80', 'product_additionals': '£0.46/100g'}, {'shop': 'tesco', 'url': 'https://www.tesco.com/groceries/en-GB/products/286932070', 'product_name': 'Tesco 30 Mini Gingerbread 330G', 'product_price': '£ 1.80', 'product_additionals': '£0.55/100g'}, {'shop': 'tesco', 'url': 'https://www.tesco.com/groceries/en-GB/products/278834077', 'product_name': 'Tesco Golden Breadcrumbs 175G', 'product_price': '£ 0.80', 'product_additionals': '£4.58/kg'}, {'shop': 'tesco', 'url': 'https://www.tesco.com/groceries/en-GB/products/305530793', 'product_name': 'Deli Kitchen 4 Greek Style Flatbreads 320G', 'product_price': '£ 1.35', 'product_additionals': '£0.42/100g'}, {'shop': 'tesco', 'url': 'https://www.tesco.com/groceries/en-GB/products/278104918', 'product_name': 'Tesco Peshwari Naan Breads 2 Pack 260G', 'product_price': '£ 0.95', 'product_additionals': '£0.37/100g'}, {'shop': 'tesco', 'url': 'https://www.tesco.com/groceries/en-GB/products/300810619', 'product_name': 'Warburtons Country White Bread 400G', 'product_price': '£ 2.00', 'product_additionals': '£0.50/100g'}, {'shop': 'tesco', 'url': 'https://www.tesco.com/groceries/en-GB/products/262106716', 'product_name': 'Paxo Golden Breadcrumbs 227G', 'product_price': '£ 1.10', 'product_additionals': '£4.85/kg'}, {'shop': 'tesco', 'url': 'https://www.tesco.com/groceries/en-GB/products/271023178', 'product_name': 'Tesco 30 Breaded Chicken Breast Nuggets 450G', 'product_price': '£ 1.50', 'product_additionals': '£3.34/kg'}, {'shop': 'tesco', 'url': 'https://www.tesco.com/groceries/en-GB/products/262106739', 'product_name': 'Paxo Natural Breadcrumbs 227G', 'product_price': '£ 1.10', 'product_additionals': '£4.85/kg'}, {'shop': 'tesco', 'url': 'https://www.tesco.com/groceries/en-GB/products/306945888', 'product_name': 'Hearty Food Co. 4 Breaded Chicken Steaks 505G', 'product_price': '£ 1.69', 'product_additionals': '£3.35/kg'}, {'shop': 'tesco', 'url': 'https://www.tesco.com/groceries/en-GB/products/297683100', 'product_name': 'Tesco 4 Breaded Chicken Steaks 380G', 'product_price': '£ 1.65', 'product_additionals': '£4.35/kg'}, {'shop': 'tesco', 'url': 'https://www.tesco.com/groceries/en-GB/products/254926420', 'product_name': 'Ryvita Sesame Crisp Bread 250G', 'product_price': '£ 1.25', 'product_additionals': '£0.50/100g'}, {'shop': 'tesco', 'url': 'https://www.tesco.com/groceries/en-GB/products/256001031', 'product_name': 'Ryvita Dark Rye Crisp Bread 250G', 'product_price': '£ 1.19', 'product_additionals': '£0.48/100g'}, {'shop': 'tesco', 'url': 'https://www.tesco.com/groceries/en-GB/products/256001296', 'product_name': 'Ryvita Original Crisp Bread 250G', 'product_price': '£ 1.19', 'product_additionals': '£0.48/100g'}, {'shop': 'tesco', 'url': 'https://www.tesco.com/groceries/en-GB/products/300810631', 'product_name': 'Warburtons Multi Grain & Seed Bread 400G', 'product_price': '£ 2.00', 'product_additionals': '£0.50/100g'}, {'shop': 'tesco', 'url': 'https://www.tesco.com/groceries/en-GB/products/252109642', 'product_name': 'Tesco Cheese & Tomato Flatbread 225G', 'product_price': '£ 1.25', 'product_additionals': '£0.56/100g'}, {'shop': 'tesco', 'url': 'https://www.tesco.com/groceries/en-GB/products/306818969', 'product_name': 'Tesco Finest Fruited Sourdough Bread 400G', 'product_price': '£ 1.60', 'product_additionals': '£0.40/100g'}, {'shop': 'tesco', 'url': 'https://www.tesco.com/groceries/en-GB/products/251107559', 'product_name': 'Ryvita Multigrain Rye Bread 250G', 'product_price': '£ 1.25', 'product_additionals': '£0.50/100g'}, {'shop': 'tesco', 'url': 'https://www.tesco.com/groceries/en-GB/products/302289949', 'product_name': 'Nishaan Plain Mini Naan Breads 6 Pack 300G', 'product_price': '£ 1.20', 'product_additionals': '£0.40/100g'}, {'shop': 'tesco', 'url': 'https://www.tesco.com/groceries/en-GB/products/298865009', 'product_name': 'Hearty Food Co. Breaded Chicken Goujons 270G', 'product_price': '£ 1.05', 'product_additionals': '£3.89/kg'}, {'shop': 'tesco', 'url': 'https://www.tesco.com/groceries/en-GB/products/306798939', 'product_name': 'Clay Oven Bakery 2 Plain Naan Breads 360G', 'product_price': '£ 1.50', 'product_additionals': '£0.42/100g'}, {'shop': 'tesco', 'url': 'https://www.tesco.com/groceries/en-GB/products/303630499', 'product_name': 'Whitby Seafoods Breaded Scampi Bites 190G', 'product_price': '£ 1.00', 'product_additionals': '£5.27/kg'}, {'shop': 'tesco', 'url': 'https://www.tesco.com/groceries/en-GB/products/264567506', 'product_name': 'Tesco 4 Breaded Chicken Steaks 505G', 'product_price': '£ 2.50', 'product_additionals': '£4.96/kg'}, {'shop': 'tesco', 'url': 'https://www.tesco.com/groceries/en-GB/products/288610223', 'product_name': 'Tesco Garlic Flatbread 255G', 'product_price': '£ 2.00', 'product_additionals': '£0.78/100g'}, {'shop': 'tesco', 'url': 'https://www.tesco.com/groceries/en-GB/products/252109688', 'product_name': 'Tesco Garlic & Parsley Flatbread 210G', 'product_price': '£ 1.25', 'product_additionals': '£0.60/100g'}, {'shop': 'tesco', 'url': 'https://www.tesco.com/groceries/en-GB/products/261212413', 'product_name': 'Ryvita Fruit Crunch Crisp Bread 200G', 'product_price': '£ 0.99', 'product_additionals': '£0.50/100g'}, {'shop': 'tesco', 'url': 'https://www.tesco.com/groceries/en-GB/products/299557298', 'product_name': 'Tesco Cheese & Garlic Pizza Bread 210G', 'product_price': '£ 1.00', 'product_additionals': '£4.77/kg'}, {'shop': 'tesco', 'url': 'https://www.tesco.com/groceries/en-GB/products/274730488', 'product_name': 'Tesco 30 Mini Gingerbread Men 270G', 'product_price': '£ 1.80', 'product_additionals': '£0.67/100g'}, {'shop': 'tesco', 'url': 'https://www.tesco.com/groceries/en-GB/products/281840917', 'product_name': 'Jacobs Chive Crisp Bread 190G', 'product_price': '£ 1.49', 'product_additionals': '£0.78/100g'}, {'shop': 'tesco', 'url': 'https://www.tesco.com/groceries/en-GB/products/254482788', 'product_name': 'Tesco Bread & Butter Pudding 500G', 'product_price': '£ 2.80', 'product_additionals': '£0.56/100g'}, {'shop': 'tesco', 'url': 'https://www.tesco.com/groceries/en-GB/products/255269055', 'product_name': 'Ryvita Pumpkin & Oats Crisp Bread 4X50g', 'product_price': '£ 0.99', 'product_additionals': '£0.50/100g'}, {'shop': 'tesco', 'url': 'https://www.tesco.com/groceries/en-GB/products/266195171', 'product_name': 'Tesco 4 Breaded Cod Fillets 500G', 'product_price': '£ 3.00', 'product_additionals': '£6.00/kg'}, {'shop': 'tesco', 'url': 'https://www.tesco.com/groceries/en-GB/products/265940149', 'product_name': 'Tesco Sesame Breadsticks 125G', 'product_price': '£ 0.84', 'product_additionals': '£0.67/100g'}, {'shop': 'tesco', 'url': 'https://www.tesco.com/groceries/en-GB/products/286265277', 'product_name': 'Tesco Cheese & Garlic Flatbread 230G', 'product_price': '£ 1.60', 'product_additionals': '£0.70/100g'}, {'shop': 'tesco', 'url': 'https://www.tesco.com/groceries/en-GB/products/290017687', 'product_name': 'Tesco 4 Breaded Cod Fishcakes 340G', 'product_price': '£ 2.00', 'product_additionals': '£5.89/kg'}, {'shop': 'tesco', 'url': 'https://www.tesco.com/groceries/en-GB/products/305733449', 'product_name': 'Clay Oven Bakery 2 Large Stretched Naan Bread 360G', 'product_price': '£ 1.50', 'product_additionals': '£0.42/100g'}, {'shop': 'tesco', 'url': 'https://www.tesco.com/groceries/en-GB/products/305727843', 'product_name': 'Tesco Plant Chef Breaded Nuggets 320G', 'product_price': '£ 1.75', 'product_additionals': '£0.55/100g'}, {'shop': 'tesco', 'url': 'https://www.tesco.com/groceries/en-GB/products/307353826', 'product_name': 'Tesco All Butter Chocolate Chip Shortbread 180G', 'product_price': '£ 1.00', 'product_additionals': '£0.56/100g'}, {'shop': 'tesco', 'url': 'https://www.tesco.com/groceries/en-GB/products/268890894', 'product_name': 'Schar Crisp Bread 150G', 'product_price': '£ 1.30', 'product_additionals': '£0.87/100g'}, {'shop': 'tesco', 'url': 'https://www.tesco.com/groceries/en-GB/products/258083897', 'product_name': 'Tesco Original Breadsticks 125G', 'product_price': '£ 0.84', 'product_additionals': '£0.67/100g'}, {'shop': 'tesco', 'url': 'https://www.tesco.com/groceries/en-GB/products/307753917', 'product_name': 'Betty Crocker Salted Caramel Shortbread Mix 345G', 'product_price': '£ 2.00', 'product_additionals': '£5.80/kg'}, {'shop': 'tesco', 'url': 'https://www.tesco.com/groceries/en-GB/products/281841254', 'product_name': 'Jacobs Mixed Grain Crisp Bread 190G', 'product_price': '£ 1.49', 'product_additionals': '£0.78/100g'}, {'shop': 'tesco', 'url': 'https://www.tesco.com/groceries/en-GB/products/266319153', 'product_name': 'Ryvita Cracked Black Pepper Crisp Bread 5X40g', 'product_price': '£ 0.99', 'product_additionals': '£0.50/100g'}, {'shop': 'tesco', 'url': 'https://www.tesco.com/groceries/en-GB/products/293507310', 'product_name': 'Tesco Breaded Chicken Strips 300G', 'product_price': '£ 2.00', 'product_additionals': '£0.67/100g'}, {'shop': 'tesco', 'url': 'https://www.tesco.com/groceries/en-GB/products/286264762', 'product_name': 'Tesco Garlic & & Rosemary Flatbread 220G', 'product_price': '£ 1.60', 'product_additionals': '£0.73/100g'}, {'shop': 'tesco', 'url': 'https://www.tesco.com/groceries/en-GB/products/279844604', 'product_name': 'Fedon Breadsticks With Sesame Seeds250g', 'product_price': '£ 1.50', 'product_additionals': '£0.60/100g'}, {'shop': 'tesco', 'url': 'https://www.tesco.com/groceries/en-GB/products/257911663', 'product_name': 'Tesco Finest Shortbread Assortment 400G', 'product_price': '£ 3.00', 'product_additionals': '£0.75/100g'}, {'shop': 'tesco', 'url': 'https://www.tesco.com/groceries/en-GB/products/264322746', 'product_name': 'Tesco 4 Garlic Butter Breaded Chicken Kievs 500G', 'product_price': '£ 2.50', 'product_additionals': '£5.00/kg'}, {'shop': 'tesco', 'url': 'https://www.tesco.com/groceries/en-GB/products/306805663', 'product_name': 'Paxo Southern Fried Breadcrumbs 200G', 'product_price': '£ 1.30', 'product_additionals': '£6.50/kg'}, {'shop': 'tesco', 'url': 'https://www.tesco.com/groceries/en-GB/products/293535996', 'product_name': 'Tesco 4 Cheese & Bacon Breaded Chicken Kievs 500G', 'product_price': '£ 2.50', 'product_additionals': '£0.50/100g'}, {'shop': 'tesco', 'url': 'https://www.tesco.com/groceries/en-GB/products/304378272', 'product_name': 'Tesco Free From Shortbread 160G', 'product_price': '£ 1.50', 'product_additionals': '£0.94/100g'}, {'shop': 'tesco', 'url': 'https://www.tesco.com/groceries/en-GB/products/285091909', 'product_name': 'Tesco Breaded Chicken Goujons 540G', 'product_price': '£ 3.75', 'product_additionals': '£6.95/kg'}, {'shop': 'tesco', 'url': 'https://www.tesco.com/groceries/en-GB/products/292759370', 'product_name': "Ella's Kitchen Banana & Vanilla Bread Pudding 4X80g", 'product_price': '£ 1.75', 'product_additionals': '£4.87/kg'}, {'shop': 'tesco', 'url': 'https://www.tesco.com/groceries/en-GB/products/264567593', 'product_name': 'Tesco 4 Southern Fried Breaded Chicken Steaks 505G', 'product_price': '£ 2.50', 'product_additionals': '£4.96/kg'}, {'shop': 'tesco', 'url': 'https://www.tesco.com/groceries/en-GB/products/307152724', 'product_name': 'Tesco Finest Free From Tiger Bread 400G', 'product_price': '£ 2.50', 'product_additionals': '£0.62/100g'}, {'shop': 'asda', 'url': 'https://groceries.asda.com/product/910001400838', 'product_name': 'ASDA Mini Breadsticks', 'product_price': '£1.40', 'product_additionals': '(£1.06/100g)'}, {'shop': 'tesco', 'url': 'https://www.tesco.com/groceries/en-GB/products/307137419', 'product_name': 'Tesco Finest Free From Seeded Bread 400G', 'product_price': '£ 2.50', 'product_additionals': '£0.62/100g'}, {'shop': 'tesco', 'url': 'https://www.tesco.com/groceries/en-GB/products/307145249', 'product_name': 'Northern Dough Co. Sourdough Bread Dough 440G', 'product_price': '£ 2.50', 'product_additionals': '£0.57/100g'}, {'shop': 'tesco', 'url': 'https://www.tesco.com/groceries/en-GB/products/286242984', 'product_name': 'T.Sunblush Tomato Tomato & Garlic Flatbread 235G', 'product_price': '£ 1.60', 'product_additionals': '£0.68/100g'}, {'shop': 'tesco', 'url': 'https://www.tesco.com/groceries/en-GB/products/279935929', 'product_name': 'Tesco Breaded Chicken Goujons 270G', 'product_price': '£ 2.00', 'product_additionals': '£7.41/kg'}, {'shop': 'tesco', 'url': 'https://www.tesco.com/groceries/en-GB/products/262083592', 'product_name': 'Tesco Breaded Mini Chicken Fillets 300G', 'product_price': '£ 2.00', 'product_additionals': '£6.67/kg'}, {'shop': 'asda', 'url': 'https://groceries.asda.com/product/910000450649', 'product_name': 'ASDA Breaded 2 Haddock Fillets', 'product_price': '£2.40', 'product_additionals': '(£8.45/kg)'}, {'shop': 'tesco', 'url': 'https://www.tesco.com/groceries/en-GB/products/304392571', 'product_name': 'Tesco Free From Gingerbread Men 154G', 'product_price': '£ 1.50', 'product_additionals': '£0.97/100g'}, {'shop': 'tesco', 'url': 'https://www.tesco.com/groceries/en-GB/products/305731289', 'product_name': 'Tesco 4 Breaded Plaice Fillets 500G', 'product_price': '£ 4.00', 'product_additionals': '£8.00/kg'}, {'shop': 'tesco', 'url': 'https://www.tesco.com/groceries/en-GB/products/303391625', 'product_name': 'Youngs Simply Breaded Omega 3 4 Fish Fillets 400G', 'product_price': '£ 2.40', 'product_additionals': '£6.00/kg'}, {'shop': 'tesco', 'url': 'https://www.tesco.com/groceries/en-GB/products/256089410', 'product_name': 'Tesco Finest Scottish Shortbread Fingers 165G', 'product_price': '£ 1.35', 'product_additionals': '£0.82/100g'}, {'shop': 'tesco', 'url': 'https://www.tesco.com/groceries/en-GB/products/304784469', 'product_name': 'Tesco Plant Chef Breaded Goujons 190G', 'product_price': '£ 1.50', 'product_additionals': '£7.90/kg'}, {'shop': 'tesco', 'url': 'https://www.tesco.com/groceries/en-GB/products/304381123', 'product_name': 'Tesco 2 Breaded Cod Fillets 300G', 'product_price': '£ 2.75', 'product_additionals': '£9.17/kg'}, {'shop': 'asda', 'url': 'https://groceries.asda.com/product/910000331114', 'product_name': "Jacob's Salt & Black Pepper Flatbreads", 'product_price': '£1.50', 'product_additionals': '(£1.00/100g)'}, {'shop': 'asda', 'url': 'https://groceries.asda.com/product/910001460963', 'product_name': 'ASDA Breaded 2 Chunky Cod Fillets', 'product_price': '£3.20', 'product_additionals': '(£9.14/kg)'}, {'shop': 'asda', 'url': 'https://groceries.asda.com/product/1000200731351', 'product_name': "Young's 4 Omega 3 Fish Fillets in Crispy Breadcrumbs", 'product_price': '£3.70', 'product_additionals': '(£6.17/kg)'}, {'shop': 'tesco', 'url': 'https://www.tesco.com/groceries/en-GB/products/268582625', 'product_name': 'Tesco Panko Breadcrumbs 150G', 'product_price': '£ 1.60', 'product_additionals': '£10.67/kg'}, {'shop': 'tesco', 'url': 'https://www.tesco.com/groceries/en-GB/products/258609605', 'product_name': 'Tesco 4 Breaded Chunky Prime Cod Fillets 500G', 'product_price': '£ 3.60', 'product_additionals': '£7.20/kg'}, {'shop': 'tesco', 'url': 'https://www.tesco.com/groceries/en-GB/products/264566899', 'product_name': 'Tesco Breaded Chicken Mini Fillets 305G', 'product_price': '£ 2.50', 'product_additionals': '£8.20/kg'}, {'shop': 'tesco', 'url': 'https://www.tesco.com/groceries/en-GB/products/298864892', 'product_name': 'Tesco Free From Breaded Chicken Goujons 270G', 'product_price': '£ 2.00', 'product_additionals': '£7.41/kg'}, {'shop': 'tesco', 'url': 'https://www.tesco.com/groceries/en-GB/products/302385928', 'product_name': 'Warburtons White Gluten Free Bread Sourdough 400G', 'product_price': '£ 3.40', 'product_additionals': '£0.85/100g'}, {'shop': 'tesco', 'url': 'https://www.tesco.com/groceries/en-GB/products/286266161', 'product_name': 'Tesco Finest Cheddar Red Onion Mini Flatbreads 295G', 'product_price': '£ 2.45', 'product_additionals': '£0.83/100g'}, {'shop': 'asda', 'url': 'https://groceries.asda.com/product/1226074', 'product_name': 'Dairylea Dunkers Breadsticks with Cheese x4', 'product_price': '£1.50', 'product_additionals': '(£7.98/kg)'}, {'shop': 'tesco', 'url': 'https://www.tesco.com/groceries/en-GB/products/293417975', 'product_name': 'Marmite Flatbreads 140G', 'product_price': '£ 2.45', 'product_additionals': '£1.75/100g'}, {'shop': 'tesco', 'url': 'https://www.tesco.com/groceries/en-GB/products/304377590', 'product_name': 'Tesco 2 Pack Breaded Garlic Chicken Kievs 260G', 'product_price': '£ 2.00', 'product_additionals': '£7.70/kg'}, {'shop': 'tesco', 'url': 'https://www.tesco.com/groceries/en-GB/products/255335829', 'product_name': 'Organix Gingerbread Men 135G', 'product_price': '£ 2.00', 'product_additionals': '£1.49/100g'}, {'shop': 'tesco', 'url': 'https://www.tesco.com/groceries/en-GB/products/303617798', 'product_name': 'Bfree 7 Grain Pitta Bread 220G', 'product_price': '£ 2.50', 'product_additionals': '£1.14/100g'}, {'shop': 'tesco', 'url': 'https://www.tesco.com/groceries/en-GB/products/281260313', 'product_name': 'Tesco 2 Breaded Chicken Breast Fillets 350', 'product_price': '£ 3.00', 'product_additionals': '£8.58/kg'}, {'shop': 'tesco', 'url': 'https://www.tesco.com/groceries/en-GB/products/259208151', 'product_name': 'Tesco 2 Pack Bread & Butter Pudding 2 X 120G', 'product_price': '£ 2.00', 'product_additionals': '£0.83/100g'}, {'shop': 'asda', 'url': 'https://groceries.asda.com/product/1000000986358', 'product_name': 'Bernard Matthews Golden Breaded Turkey Escalopes', 'product_price': '£2.00', 'product_additionals': '(£7.69/kg)'}, {'shop': 'tesco', 'url': 'https://www.tesco.com/groceries/en-GB/products/299587383', 'product_name': 'Tesco Free From Breaded Chicken Goujons 300G', 'product_price': '£ 2.50', 'product_additionals': '£8.34/kg'}, {'shop': 'asda', 'url': 'https://groceries.asda.com/product/1000003407964', 'product_name': 'ASDA Breaded Ham on the Bone', 'product_price': '£1.65', 'product_additionals': '(£1.24/100g)'}, {'shop': 'tesco', 'url': 'https://www.tesco.com/groceries/en-GB/products/251697723', 'product_name': 'Tesco Original Mini Breadsticks 100G', 'product_price': '£ 1.00', 'product_additionals': '£1.00/100g'}, {'shop': 'tesco', 'url': 'https://www.tesco.com/groceries/en-GB/products/302181609', 'product_name': 'Fro Thyme & Sea Salt Crisp Bread 200G', 'product_price': '£ 1.95', 'product_additionals': '£0.98/100g'}, {'shop': 'tesco', 'url': 'https://www.tesco.com/groceries/en-GB/products/291243774', 'product_name': 'Bfree Stone Baked Pitta Bread 220G', 'product_price': '£ 2.35', 'product_additionals': '£10.69/kg'}, {'shop': 'tesco', 'url': 'https://www.tesco.com/groceries/en-GB/products/263232582', 'product_name': 'Ryvita Whole- Grain Cracker- Bread 125G', 'product_price': '£ 1.19', 'product_additionals': '£0.95/100g'}, {'shop': 'tesco', 'url': 'https://www.tesco.com/groceries/en-GB/products/277731954', 'product_name': 'Crosta & Mollica Torines Breadsticks 120G', 'product_price': '£ 1.09', 'product_additionals': '£0.91/100g'}, {'shop': 'tesco', 'url': 'https://www.tesco.com/groceries/en-GB/products/299936610', 'product_name': 'Tesco Finest Basil Pesto & Tomato Flatbread 245G', 'product_price': '£ 2.45', 'product_additionals': '£1.00/100g'}, {'shop': 'tesco', 'url': 'https://www.tesco.com/groceries/en-GB/products/272651665', 'product_name': 'Tesco 6 Pack Mini Breadsticks 120G', 'product_price': '£ 1.30', 'product_additionals': '£1.09/100g'}, {'shop': 'tesco', 'url': 'https://www.tesco.com/groceries/en-GB/products/270953414', 'product_name': 'Tesco Wholetail Breaded Scampi 280G', 'product_price': '£ 3.00', 'product_additionals': '£10.72/kg'}, {'shop': 'tesco', 'url': 'https://www.tesco.com/groceries/en-GB/products/306493425', 'product_name': 'Tesco Plant Chef Breaded Meat Free Nuggets 180G', 'product_price': '£ 1.50', 'product_additionals': '£8.34/kg'}, {'shop': 'tesco', 'url': 'https://www.tesco.com/groceries/en-GB/products/290564310', 'product_name': 'Dr Karg 3 Seeds Crisp Bread Slices 200G', 'product_price': '£ 2.00', 'product_additionals': '£1.00/100g'}, {'shop': 'tesco', 'url': 'https://www.tesco.com/groceries/en-GB/products/271523387', 'product_name': 'Tesco 2 Breaded Chunky Cod Fillets 350G', 'product_price': '£ 3.50', 'product_additionals': '£10.00/kg'}, {'shop': 'tesco', 'url': 'https://www.tesco.com/groceries/en-GB/products/302181582', 'product_name': 'Fro Oat & Sunflower Seed Crisp Bread 200G', 'product_price': '£ 1.95', 'product_additionals': '£0.98/100g'}, {'shop': 'tesco', 'url': 'https://www.tesco.com/groceries/en-GB/products/267285351', 'product_name': 'Tesco Hot & Spicy Breaded Chicken Mini Fillets 305G', 'product_price': '£ 2.50', 'product_additionals': '£8.20/kg'}, {'shop': 'tesco', 'url': 'https://www.tesco.com/groceries/en-GB/products/301012347', 'product_name': 'Ryvita Chia Seed & Buckwheat Protein Crisp Bread 200G', 'product_price': '£ 1.60', 'product_additionals': '£0.80/100g'}, {'shop': 'tesco', 'url': 'https://www.tesco.com/groceries/en-GB/products/303391723', 'product_name': 'Youngs Simply Breaded 4 Large Cod Fillets 440G', 'product_price': '£ 4.00', 'product_additionals': '£9.10/kg'}, {'shop': 'tesco', 'url': 'https://www.tesco.com/groceries/en-GB/products/303334280', 'product_name': 'Birds Eye 4 Large Breaded Haddock 440G', 'product_price': '£ 4.80', 'product_additionals': '£10.91/kg'}, {'shop': 'tesco', 'url': 'https://www.tesco.com/groceries/en-GB/products/271529162', 'product_name': 'Tesco 2 Breaded Chunky Haddock Fillets 350G', 'product_price': '£ 3.50', 'product_additionals': '£10.00/kg'}, {'shop': 'asda', 'url': 'https://groceries.asda.com/product/910002369651', 'product_name': 'ASDA Panko Breadcrumbs', 'product_price': '£1.25', 'product_additionals': '(£17.86/kg)'}, {'shop': 'tesco', 'url': 'https://www.tesco.com/groceries/en-GB/products/264566997', 'product_name': 'Tesco Southern Fried Breaded Chicken Mini Fillets 305G', 'product_price': '£ 2.50', 'product_additionals': '£8.20/kg'}, {'shop': 'tesco', 'url': 'https://www.tesco.com/groceries/en-GB/products/251015495', 'product_name': 'Dairylea Dunkers Breadsticks 4 X 47G', 'product_price': '£ 2.25', 'product_additionals': '£11.97/kg'}, {'shop': 'tesco', 'url': 'https://www.tesco.com/groceries/en-GB/products/281865600', 'product_name': 'Tesco Free From 4 Breaded Chicken Steaks 380G', 'product_price': '£ 3.75', 'product_additionals': '£9.87/kg'}, {'shop': 'asda', 'url': 'https://groceries.asda.com/product/910000226861', 'product_name': 'ASDA Thick Sliced Breaded Dry Cured Ham Slices', 'product_price': '£3.00', 'product_additionals': '(£1.00/100g)'}, {'shop': 'asda', 'url': 'https://groceries.asda.com/product/910000325058', 'product_name': 'ASDA Extra Special Italian Breadsticks', 'product_price': '£1.55', 'product_additionals': '(£1.19/100g)'}, {'shop': 'asda', 'url': 'https://groceries.asda.com/product/1000218525296', 'product_name': 'BOSH! Vegan Spiced Panko Breadcrumbs', 'product_price': '£2.49', 'product_additionals': '(£1.25/100g)'}, {'shop': 'tesco', 'url': 'https://www.tesco.com/groceries/en-GB/products/303334245', 'product_name': 'Birds Eye 4 Large Breaded Cod Fillets 440G', 'product_price': '£ 4.80', 'product_additionals': '£10.91/kg'}, {'shop': 'asda', 'url': 'https://groceries.asda.com/product/1000013420369', 'product_name': 'Marmite Yeast Extract Flatbreads', 'product_price': '£2.45', 'product_additionals': '(£1.75/100g)'}, {'shop': 'tesco', 'url': 'https://www.tesco.com/groceries/en-GB/products/267077511', 'product_name': 'Jacobs Flatbread Salt & Cracked Black Pepper 150G', 'product_price': '£ 1.79', 'product_additionals': '£1.20/100g'}, {'shop': 'tesco', 'url': 'https://www.tesco.com/groceries/en-GB/products/307348073', 'product_name': 'Heat & Enjoy Garlic Bread 200G', 'product_price': '£ 3.00', 'product_additionals': '£15.00/kg'}, {'shop': 'tesco', 'url': 'https://www.tesco.com/groceries/en-GB/products/301804113', 'product_name': 'Nairns Gluten Free Rosemary & Sea Salt Flatbreads 150G', 'product_price': '£ 1.75', 'product_additionals': '£1.17/100g'}, {'shop': 'tesco', 'url': 'https://www.tesco.com/groceries/en-GB/products/281260768', 'product_name': 'Tesco 2 Southern Fried Breaded Chicken Fillets 300G', 'product_price': '£ 3.00', 'product_additionals': '£10.00/kg'}, {'shop': 'tesco', 'url': 'https://www.tesco.com/groceries/en-GB/products/302744032', 'product_name': 'The Artisan Bread Company Sesame Breadsticks 150G', 'product_price': '£ 1.60', 'product_additionals': '£1.07/100g'}, {'shop': 'asda', 'url': 'https://groceries.asda.com/product/910001537650', 'product_name': "Colman's Bread Sauce Mix", 'product_price': '£0.80', 'product_additionals': '(£2.00/100g)'}, {'shop': 'asda', 'url': 'https://groceries.asda.com/product/1000078311469', 'product_name': 'Tassimo 8 Costa Gingerbread Latte Coffee Pods', 'product_price': '£3.99', 'product_additionals': '(£1.47/100g)'}, {'shop': 'tesco', 'url': 'https://www.tesco.com/groceries/en-GB/products/302743880', 'product_name': 'The Artisan Bread Company Classic Breadsticks 150G', 'product_price': '£ 1.60', 'product_additionals': '£1.07/100g'}, {'shop': 'tesco', 'url': 'https://www.tesco.com/groceries/en-GB/products/260391973', 'product_name': 'Dr Karg Organic Cheese & Pumpkin Seed Crisp Bread 200G', 'product_price': '£ 2.00', 'product_additionals': '£1.00/100g'}, {'shop': 'tesco', 'url': 'https://www.tesco.com/groceries/en-GB/products/302744019', 'product_name': 'The Artisan Bread Company Rosemary Breadsticks 150G', 'product_price': '£ 1.60', 'product_additionals': '£1.07/100g'}, {'shop': 'tesco', 'url': 'https://www.tesco.com/groceries/en-GB/products/299054069', 'product_name': 'Tesco Breaded Wholetail Scampi 200G', 'product_price': '£ 3.00', 'product_additionals': '£15.00/kg'}, {'shop': 'tesco', 'url': 'https://www.tesco.com/groceries/en-GB/products/300954309', 'product_name': 'The Artisan Bread Company Wheat Toast 125G', 'product_price': '£ 1.60', 'product_additionals': '£1.28/100g'}, {'shop': 'tesco', 'url': 'https://www.tesco.com/groceries/en-GB/products/266197791', 'product_name': 'Organix Mini Gingerbread Men 5 X 25G', 'product_price': '£ 2.30', 'product_additionals': '£18.40/kg'}, {'shop': 'tesco', 'url': 'https://www.tesco.com/groceries/en-GB/products/304797553', 'product_name': 'Tesco Finest Garlic & Extra Virgin Olive Oil Flatbread 200G', 'product_price': '£ 2.45', 'product_additionals': '£1.23/100g'}, {'shop': 'asda', 'url': 'https://groceries.asda.com/product/910000325010', 'product_name': 'ASDA Extra Special Italian Black Olive Breadsticks', 'product_price': '£1.55', 'product_additionals': '(£1.19/100g)'}, {'shop': 'tesco', 'url': 'https://www.tesco.com/groceries/en-GB/products/297373973', 'product_name': 'Bfree Stone Bake Gluten Free Pitta Bread 6X32g', 'product_price': '£ 2.50', 'product_additionals': '£1.31/100g'}, {'shop': 'tesco', 'url': 'https://www.tesco.com/groceries/en-GB/products/305435877', 'product_name': 'Creative Nature W.Grain Banana Bread Baking Mix 250G', 'product_price': '£ 2.99', 'product_additionals': '£11.96/kg'}, {'shop': 'asda', 'url': 'https://groceries.asda.com/product/39588', 'product_name': 'Schwartz Luxury Bread Sauce Mix', 'product_price': '£0.85', 'product_additionals': '(£2.12/100g)'}, {'shop': 'asda', 'url': 'https://groceries.asda.com/product/1000136352489', 'product_name': 'Caffe Amalfi Rustic Breadsticks with Sea Salt and Olive Oil', 'product_price': '£1.50', 'product_additionals': '(£1.20/100g)'}, {'shop': 'tesco', 'url': 'https://www.tesco.com/groceries/en-GB/products/304408969', 'product_name': 'The Pizza Company Deep Filled Garlic Bread 2 Pack 230G', 'product_price': '£ 3.00', 'product_additionals': '£1.31/100g'}, {'shop': 'tesco', 'url': 'https://www.tesco.com/groceries/en-GB/products/302744625', 'product_name': 'The Artisan Bread Co Garlic & Basil Sticks 100G', 'product_price': '£ 1.60', 'product_additionals': '£1.60/100g'}, {'shop': 'tesco', 'url': 'https://www.tesco.com/groceries/en-GB/products/302744055', 'product_name': 'The Artisan Bread Co Garlic & Chilli Flatbread 75G', 'product_price': '£ 1.60', 'product_additionals': '£2.14/100g'}, {'shop': 'tesco', 'url': 'https://www.tesco.com/groceries/en-GB/products/307135618', 'product_name': 'Trek Power Millionaire Shortbread Bar 55G', 'product_price': '£ 1.75', 'product_additionals': '£3.19/100g'}, {'shop': 'tesco', 'url': 'https://www.tesco.com/groceries/en-GB/products/300954322', 'product_name': 'Counter The Artisan Bread Company Tomato Sal Brus 70G', 'product_price': '£ 1.60', 'product_additionals': '£2.29/100g'}, {'shop': 'asda', 'url': 'https://groceries.asda.com/product/910001454708', 'product_name': 'Nutella & Go! Hazelnut Spread with Cocoa and Breadsticks Single', 'product_price': '£1.00', 'product_additionals': '(£2.08/100g)'}, {'shop': 'tesco', 'url': 'https://www.tesco.com/groceries/en-GB/products/308482988', 'product_name': 'Simplycook Lamb Kofta Flatbread Recipe Kit 65G', 'product_price': '£ 2.50', 'product_additionals': '£3.85/100g'}, {'shop': 'asda', 'url': 'https://groceries.asda.com/product/910002989320', 'product_name': 'ASDA Square Cut Medium White Bread', 'product_price': '£0.49', 'product_additionals': '(6.1p/100g)'}, {'shop': 'asda', 'url': 'https://groceries.asda.com/product/80190767', 'product_name': 'ASDA White Bread Mix', 'product_price': '£0.64', 'product_additionals': '(12.8p/100g)'}, {'shop': 'asda', 'url': 'https://groceries.asda.com/product/42747409', 'product_name': 'Kingsmill Thick 50/50 Bread', 'product_price': '£0.85', 'product_additionals': '(10.6p/100g)'}, {'shop': 'asda', 'url': 'https://groceries.asda.com/product/42747407', 'product_name': 'Kingsmill Medium 50/50 Bread', 'product_price': '£0.85', 'product_additionals': '(10.6p/100g)'}, {'shop': 'asda', 'url': 'https://groceries.asda.com/product/1483914', 'product_name': 'Roberts Bakery Thick White Bread', 'product_price': '£1.00', 'product_additionals': '(12.5p/100g)'}, {'shop': 'asda', 'url': 'https://groceries.asda.com/product/34536', 'product_name': 'Warburtons Medium White Bread', 'product_price': '£1.10', 'product_additionals': '(13.8p/100g)'}, {'shop': 'asda', 'url': 'https://groceries.asda.com/product/1483913', 'product_name': 'Roberts Bakery Medium White Bread', 'product_price': '£1.00', 'product_additionals': '(12.5p/100g)'}, {'shop': 'asda', 'url': 'https://groceries.asda.com/product/910003042066', 'product_name': 'ASDA Extra Special Super Seeded Bread', 'product_price': '£0.75', 'product_additionals': '(9.4p/100g)'}, {'shop': 'asda', 'url': 'https://groceries.asda.com/product/34543', 'product_name': 'Warburtons Thickest White Bread', 'product_price': '£1.10', 'product_additionals': '(13.8p/100g)'}, {'shop': 'asda', 'url': 'https://groceries.asda.com/product/42747401', 'product_name': 'Kingsmill Thick Soft White Bread', 'product_price': '£0.89', 'product_additionals': '(11.1p/100g)'}, {'shop': 'asda', 'url': 'https://groceries.asda.com/product/77752150', 'product_name': 'Roberts Bakery Mega Thick White Bread', 'product_price': '£1.00', 'product_additionals': '(12.5p/100g)'}, {'shop': 'asda', 'url': 'https://groceries.asda.com/product/42747415', 'product_name': 'Kingsmill Medium Soft White Bread', 'product_price': '£0.89', 'product_additionals': '(11.1p/100g)'}, {'shop': 'asda', 'url': 'https://groceries.asda.com/product/1233409', 'product_name': 'Warburtons Seeded Batch Bread', 'product_price': '£1.25', 'product_additionals': '(15.6p/100g)'}, {'shop': 'asda', 'url': 'https://groceries.asda.com/product/36493', 'product_name': 'Hovis Thick Wholemeal Bread', 'product_price': '£1.10', 'product_additionals': '(13.8p/100g)'}, {'shop': 'asda', 'url': 'https://groceries.asda.com/product/24742', 'product_name': 'Hovis Medium Wholemeal Bread', 'product_price': '£1.10', 'product_additionals': '(13.8p/100g)'}, {'shop': 'asda', 'url': 'https://groceries.asda.com/product/910000388173', 'product_name': 'Dina White Mini Pitta Bread', 'product_price': '£0.55', 'product_additionals': '(15.3p/100g)'}, {'shop': 'asda', 'url': 'https://groceries.asda.com/product/34538', 'product_name': 'Warburtons Medium Sliced Wholemeal Bread', 'product_price': '£1.10', 'product_additionals': '(13.8p/100g)'}, {'shop': 'asda', 'url': 'https://groceries.asda.com/product/537337', 'product_name': 'Burgen Soya & Linseed Bread', 'product_price': '£1.25', 'product_additionals': '(15.6p/100g)'}, {'shop': 'asda', 'url': 'https://groceries.asda.com/product/42747405', 'product_name': 'Kingsmill Thick Tasty Wholemeal Bread', 'product_price': '£0.95', 'product_additionals': '(11.9p/100g)'}, {'shop': 'asda', 'url': 'https://groceries.asda.com/product/34545', 'product_name': 'Warburtons Farmhouse Soft White Bread', 'product_price': '£1.20', 'product_additionals': '(15.0p/100g)'}, {'shop': 'asda', 'url': 'https://groceries.asda.com/product/42747403', 'product_name': 'Kingsmill Medium Tasty Wholemeal Bread', 'product_price': '£0.94', 'product_additionals': '(11.8p/100g)'}, {'shop': 'asda', 'url': 'https://groceries.asda.com/product/910001396772', 'product_name': 'ASDA Mixed Grain & Seed Bread Mix', 'product_price': '£0.69', 'product_additionals': '(13.8p/100g)'}, {'shop': 'asda', 'url': 'https://groceries.asda.com/product/34537', 'product_name': 'Warburtons Toastie Thick Sliced White Bread', 'product_price': '£1.10', 'product_additionals': '(13.8p/100g)'}, {'shop': 'asda', 'url': 'https://groceries.asda.com/product/910000388154', 'product_name': 'Dina Large White Bread Wraps', 'product_price': '£0.90', 'product_additionals': '(16.4p/100g)'}, {'shop': 'asda', 'url': 'https://groceries.asda.com/product/22642143', 'product_name': 'Hovis Thick Granary Bread', 'product_price': '£1.45', 'product_additionals': '(18.1p/100g)'}, {'shop': 'asda', 'url': 'https://groceries.asda.com/product/910002531302', 'product_name': 'Prymat Breadcumbs', 'product_price': '£1.00', 'product_additionals': '(25.0p/100g)'}, {'shop': 'asda', 'url': 'https://groceries.asda.com/product/910001184127', 'product_name': 'Dina Wholemeal Mini Pitta Breads', 'product_price': '£0.55', 'product_additionals': '(15.3p/100g)'}, {'shop': 'asda', 'url': 'https://groceries.asda.com/product/1000197281015', 'product_name': 'ASDA 2 Kebab Breads', 'product_price': '£1.00', 'product_additionals': '(30.3p/100g)'}, {'shop': 'asda', 'url': 'https://groceries.asda.com/product/910000063300', 'product_name': "ASDA Baker's Selection Tiger Tin Bread", 'product_price': '£1.10', 'product_additionals': '(13.8p/100g)'}, {'shop': 'asda', 'url': 'https://groceries.asda.com/product/82185114', 'product_name': 'Hovis Nimble Wholemeal Bread', 'product_price': '£0.90', 'product_additionals': '(22.5p/100g)'}, {'shop': 'asda', 'url': 'https://groceries.asda.com/product/394921', 'product_name': "ASDA Baker's Selection White Tin Bread", 'product_price': '£1.15', 'product_additionals': '(14.4p/100g)'}, {'shop': 'asda', 'url': 'https://groceries.asda.com/product/910000037999', 'product_name': "ASDA Baker's Selection White Tin Bread", 'product_price': '£1.15', 'product_additionals': '(14.4p/100g)'}, {'shop': 'asda', 'url': 'https://groceries.asda.com/product/910003041519', 'product_name': 'ASDA Extra Special Farmhouse White Bread', 'product_price': '£1.10', 'product_additionals': '(13.8p/100g)'}, {'shop': 'asda', 'url': 'https://groceries.asda.com/product/34548', 'product_name': 'Warburtons Seeded Batch Bread', 'product_price': '£0.95', 'product_additionals': '(23.8p/100g)'}, {'shop': 'asda', 'url': 'https://groceries.asda.com/product/34539', 'product_name': 'Warburtons White Danish Bread', 'product_price': '£0.95', 'product_additionals': '(23.8p/100g)'}, {'shop': 'asda', 'url': 'https://groceries.asda.com/product/38577', 'product_name': "ASDA Baker's Selection Tiger Chest Bread", 'product_price': '£1.15', 'product_additionals': '(14.4p/100g)'}, {'shop': 'asda', 'url': 'https://groceries.asda.com/product/21028', 'product_name': "ASDA Baker's Selection White Bloomer Bread", 'product_price': '£1.10', 'product_additionals': '(13.8p/100g)'}, {'shop': 'asda', 'url': 'https://groceries.asda.com/product/66006934', 'product_name': 'Hovis Tasty Wholemeal Bread', 'product_price': '£0.85', 'product_additionals': '(21.2p/100g)'}, {'shop': 'asda', 'url': 'https://groceries.asda.com/product/63007060', 'product_name': 'The Polish Bakery Brown Bread - Chleb Wiejski', 'product_price': '£1.10', 'product_additionals': '(13.8p/100g)'}, {'shop': 'asda', 'url': 'https://groceries.asda.com/product/1670454', 'product_name': 'Hovis Granary Wholemeal Bread', 'product_price': '£1.65', 'product_additionals': '(20.6p/100g)'}, {'shop': 'asda', 'url': 'https://groceries.asda.com/product/36473', 'product_name': 'Warburtons White Milk Roll Bread', 'product_price': '£0.95', 'product_additionals': '(23.8p/100g)'}, {'shop': 'asda', 'url': 'https://groceries.asda.com/product/44257364', 'product_name': "ASDA Baker's Selection White Farmhouse Bread", 'product_price': '£1.15', 'product_additionals': '(14.4p/100g)'}, {'shop': 'asda', 'url': 'https://groceries.asda.com/product/63007058', 'product_name': 'The Polish Bakery Half-Wheat Half-Rye Sourdough Bread', 'product_price': '£1.00', 'product_additionals': '(12.5p/100g)'}, {'shop': 'asda', 'url': 'https://groceries.asda.com/product/1000121694555', 'product_name': 'Schneider Brot Rye Bread', 'product_price': '£1.30', 'product_additionals': '(26.0p/100g)'}, {'shop': 'asda', 'url': 'https://groceries.asda.com/product/910003041844', 'product_name': 'ASDA Extra Special Farmhouse Wholemeal & Rye Bread', 'product_price': '£1.10', 'product_additionals': '(13.8p/100g)'}, {'shop': 'asda', 'url': 'https://groceries.asda.com/product/34540', 'product_name': 'Warburtons Medium Sliced Wholemeal Bread', 'product_price': '£0.85', 'product_additionals': '(21.2p/100g)'}, {'shop': 'asda', 'url': 'https://groceries.asda.com/product/1000217307826', 'product_name': "ASDA Baker's Selection Wholemeal Tin Bread Loaf ", 'product_price': '£1.15', 'product_additionals': '(14.4p/100g)'}, {'shop': 'asda', 'url': 'https://groceries.asda.com/product/32725', 'product_name': "ASDA Baker's Selection White Bread", 'product_price': '£0.79', 'product_additionals': '(19.8p/100g)'}, {'shop': 'asda', 'url': 'https://groceries.asda.com/product/34541', 'product_name': 'Warburtons Medium Sliced White Bread', 'product_price': '£0.95', 'product_additionals': '(23.8p/100g)'}, {'shop': 'asda', 'url': 'https://groceries.asda.com/product/910001185467', 'product_name': 'The Polish Bakery Highlander Premium Bread', 'product_price': '£1.35', 'product_additionals': '(16.9p/100g)'}, {'shop': 'asda', 'url': 'https://groceries.asda.com/product/22642144', 'product_name': 'Hovis Authentic Granary Bread', 'product_price': '£0.95', 'product_additionals': '(23.8p/100g)'}, {'shop': 'asda', 'url': 'https://groceries.asda.com/product/34542', 'product_name': 'Warburtons Toastie White Thick Sliced Bread', 'product_price': '£0.85', 'product_additionals': '(21.2p/100g)'}, {'shop': 'asda', 'url': 'https://groceries.asda.com/product/9277509', 'product_name': 'Hovis Original Wheatgerm Bread', 'product_price': '£0.95', 'product_additionals': '(23.8p/100g)'}, {'shop': 'asda', 'url': 'https://groceries.asda.com/product/910000876519', 'product_name': 'Hovis Seed Sensations Wholemeal Bread', 'product_price': '£1.65', 'product_additionals': '(20.6p/100g)'}, {'shop': 'asda', 'url': 'https://groceries.asda.com/product/1000000469720', 'product_name': 'The Polish Bakery Premium Bread - Chleb Slonecznikowy', 'product_price': '£1.20', 'product_additionals': '(15.0p/100g)'}, {'shop': 'asda', 'url': 'https://groceries.asda.com/product/910000875750', 'product_name': 'Hovis Seed Sensations Seven Seeds Bread', 'product_price': '£1.64', 'product_additionals': '(20.5p/100g)'}, {'shop': 'asda', 'url': 'https://groceries.asda.com/product/910000063295', 'product_name': "ASDA Baker's Selection Tiger Tin Bread", 'product_price': '£0.85', 'product_additionals': '(21.2p/100g)'}, {'shop': 'asda', 'url': 'https://groceries.asda.com/product/2046278', 'product_name': 'Warburtons Farmhouse Soft White Bread', 'product_price': '£1.10', 'product_additionals': '(27.5p/100g)'}, {'shop': 'asda', 'url': 'https://groceries.asda.com/product/910002961674', 'product_name': "Allinson's The Champion Wholemeal Bread", 'product_price': '£1.40', 'product_additionals': '(21.5p/100g)'}, {'shop': 'asda', 'url': 'https://groceries.asda.com/product/38578', 'product_name': "ASDA Baker's Selection Tiger Chest Bread", 'product_price': '£0.85', 'product_additionals': '(21.2p/100g)'}, {'shop': 'asda', 'url': 'https://groceries.asda.com/product/44257365', 'product_name': "ASDA Baker's Selection White Farmhouse Bread", 'product_price': '£0.79', 'product_additionals': '(19.8p/100g)'}, {'shop': 'asda', 'url': 'https://groceries.asda.com/product/910000284816', 'product_name': 'ASDA Crispbread', 'product_price': '£0.76', 'product_additionals': '(60.8p/100g)'}, {'shop': 'asda', 'url': 'https://groceries.asda.com/product/1000232966973', 'product_name': 'Arise Bakery White Bread Mix', 'product_price': '£1.50', 'product_additionals': '(30.0p/100g)'}, {'shop': 'asda', 'url': 'https://groceries.asda.com/product/1000001820108', 'product_name': 'ASDA Plain Folded Flatbreads', 'product_price': '£0.79', 'product_additionals': '(37.6p/100g)'}, {'shop': 'asda', 'url': 'https://groceries.asda.com/product/35245', 'product_name': "ASDA Baker's Selection White Bloomer Bread", 'product_price': '£0.85', 'product_additionals': '(21.2p/100g)'}, {'shop': 'asda', 'url': 'https://groceries.asda.com/product/910002082693', 'product_name': 'Benus Sliced Four Whole Grain Bread', 'product_price': '£1.25', 'product_additionals': '(25.0p/100g)'}, {'shop': 'asda', 'url': 'https://groceries.asda.com/product/1000001205348', 'product_name': 'Hovis Lower Carb Deliciously Seeded Bread', 'product_price': '£1.10', 'product_additionals': '(27.5p/100g)'}, {'shop': 'asda', 'url': 'https://groceries.asda.com/product/36477', 'product_name': 'Weight Watchers Danish Malted Bread', 'product_price': '£1.05', 'product_additionals': '(26.2p/100g)'}, {'shop': 'asda', 'url': 'https://groceries.asda.com/product/1000217307822', 'product_name': "ASDA Baker's Selection Wholemeal Tin Bread Loaf ", 'product_price': '£0.85', 'product_additionals': '(21.2p/100g)'}, {'shop': 'asda', 'url': 'https://groceries.asda.com/product/63007061', 'product_name': 'The Polish Bakery Polish Bread Half-Wheat Half-Rye Sourdough', 'product_price': '£0.70', 'product_additionals': '(17.5p/100g)'}, {'shop': 'asda', 'url': 'https://groceries.asda.com/product/910000876228', 'product_name': 'Hovis Seed Sensations Seven Seeds Bread', 'product_price': '£1.05', 'product_additionals': '(26.2p/100g)'}, {'shop': 'asda', 'url': 'https://groceries.asda.com/product/8667410', 'product_name': 'Ryvita Dark Rye Crispbread', 'product_price': '£1.19', 'product_additionals': '(47.6p/100g)'}, {'shop': 'asda', 'url': 'https://groceries.asda.com/product/8667409', 'product_name': 'Ryvita Original Crispbread', 'product_price': '£1.19', 'product_additionals': '(47.6p/100g)'}, {'shop': 'asda', 'url': 'https://groceries.asda.com/product/39577669', 'product_name': 'Weight Watchers Thick Wholemeal Bread', 'product_price': '£1.14', 'product_additionals': '(28.5p/100g)'}, {'shop': 'asda', 'url': 'https://groceries.asda.com/product/1000001822245', 'product_name': 'ASDA Multi Seeded Folded Flatbreads', 'product_price': '£0.79', 'product_additionals': '(37.6p/100g)'}, {'shop': 'asda', 'url': 'https://groceries.asda.com/product/910000387572', 'product_name': 'Dina Paninette White Bread Wraps', 'product_price': '£0.90', 'product_additionals': '(32.7p/100g)'}, {'shop': 'asda', 'url': 'https://groceries.asda.com/product/910002521575', 'product_name': 'ASDA Plain Breadcrumbs', 'product_price': '£0.80', 'product_additionals': '(45.7p/100g)'}, {'shop': 'asda', 'url': 'https://groceries.asda.com/product/910002521969', 'product_name': 'ASDA Golden Breadcrumbs', 'product_price': '£0.80', 'product_additionals': '(45.7p/100g)'}, {'shop': 'asda', 'url': 'https://groceries.asda.com/product/910000388107', 'product_name': 'Dina Paninette Wholemeal Bread Wraps', 'product_price': '£0.90', 'product_additionals': '(32.7p/100g)'}, {'shop': 'asda', 'url': 'https://groceries.asda.com/product/31248811', 'product_name': 'Kingsmill No Crusts 50/50 Bread', 'product_price': '£1.50', 'product_additionals': '(37.5p/100g)'}, {'shop': 'asda', 'url': 'https://groceries.asda.com/product/910002788096', 'product_name': 'Warburtons Country White Bread', 'product_price': '£2.00', 'product_additionals': '(50.0p/100g)'}, {'shop': 'asda', 'url': 'https://groceries.asda.com/product/910002327657', 'product_name': 'Kingsmill No Crusts Wholemeal Bread', 'product_price': '£1.40', 'product_additionals': '(35.0p/100g)'}, {'shop': 'asda', 'url': 'https://groceries.asda.com/product/910002370522', 'product_name': "Riya's Original Recipe 3 Plain Naan Bread", 'product_price': '£1.20', 'product_additionals': '(30.8p/100g)'}, {'shop': 'asda', 'url': 'https://groceries.asda.com/product/910001185404', 'product_name': 'The Polish Bakery Sunflower Seeded Bread - Chleb Slonecznikowy', 'product_price': '£1.70', 'product_additionals': '(21.2p/100g)'}, {'shop': 'asda', 'url': 'https://groceries.asda.com/product/910003090815', 'product_name': 'ASDA Extra Special Parisian Bread', 'product_price': '£1.50', 'product_additionals': '(37.5p/100g)'}, {'shop': 'asda', 'url': 'https://groceries.asda.com/product/63007064', 'product_name': "The Polish Bakery Granny's Bread - Chleb Babuni", 'product_price': '£1.10', 'product_additionals': '(27.5p/100g)'}, {'shop': 'asda', 'url': 'https://groceries.asda.com/product/31248810', 'product_name': 'Kingsmill No Crusts Soft White Bread', 'product_price': '£1.40', 'product_additionals': '(35.0p/100g)'}, {'shop': 'asda', 'url': 'https://groceries.asda.com/product/910003011020', 'product_name': 'ASDA Breaded Ham Slices', 'product_price': '£1.65', 'product_additionals': '(55.0p/100g)'}, {'shop': 'asda', 'url': 'https://groceries.asda.com/product/910002787978', 'product_name': 'Warburtons Multigrain & Seed Bread', 'product_price': '£2.00', 'product_additionals': '(50.0p/100g)'}, {'shop': 'asda', 'url': 'https://groceries.asda.com/product/19839', 'product_name': 'Ryvita Original Crackerbread', 'product_price': '£1.19', 'product_additionals': '(59.5p/100g)'}, {'shop': 'asda', 'url': 'https://groceries.asda.com/product/19567', 'product_name': "Sharwood's 2 Flame Baked Plain Naan Bread", 'product_price': '£1.00', 'product_additionals': '(38.5p/100g)'}, {'shop': 'asda', 'url': 'https://groceries.asda.com/product/1000201691532', 'product_name': 'Paxo Southern Fried Breadcrumbs', 'product_price': '£1.00', 'product_additionals': '(50.0p/100g)'}, {'shop': 'asda', 'url': 'https://groceries.asda.com/product/910002370521', 'product_name': "Riya's Original Recipe 3 Garlic & Coriander Naan Bread", 'product_price': '£1.20', 'product_additionals': '(30.8p/100g)'}, {'shop': 'asda', 'url': 'https://groceries.asda.com/product/910000042143', 'product_name': 'Grissini Plain Breadsticks', 'product_price': '£0.80', 'product_additionals': '(64.0p/100g)'}, {'shop': 'asda', 'url': 'https://groceries.asda.com/product/910000474814', 'product_name': 'The Polish Bakery Dark Rye Bread with Inolin - Chleb Razowy z Inuliną', 'product_price': '£1.10', 'product_additionals': '(27.5p/100g)'}, {'shop': 'asda', 'url': 'https://groceries.asda.com/product/1000065970538', 'product_name': 'Ryvita Multigrain Crunchy Rye Breads', 'product_price': '£1.25', 'product_additionals': '(50.0p/100g)'}, {'shop': 'asda', 'url': 'https://groceries.asda.com/product/910003058887', 'product_name': 'Schneider Brot Protein Bread', 'product_price': '£1.56', 'product_additionals': '(62.4p/100g)'}, {'shop': 'asda', 'url': 'https://groceries.asda.com/product/1000162824589', 'product_name': 'ASDA All-Butter Shortbread Petticoat Tails', 'product_price': '£2.50', 'product_additionals': '(55.6p/100g)'}, {'shop': 'asda', 'url': 'https://groceries.asda.com/product/910001257536', 'product_name': "Jacob's Mixed Seed Crispbread", 'product_price': '£1.50', 'product_additionals': '(79.0p/100g)'}, {'shop': 'asda', 'url': 'https://groceries.asda.com/product/1000065970374', 'product_name': 'Ryvita Simply Sesame Crunchy Rye Breads', 'product_price': '£1.25', 'product_additionals': '(50.0p/100g)'}, {'shop': 'asda', 'url': 'https://groceries.asda.com/product/1000188692325', 'product_name': 'Deli Kitchen Brioche Folded Flatbreads', 'product_price': '£1.35', 'product_additionals': '(64.3p/100g)'}, {'shop': 'asda', 'url': 'https://groceries.asda.com/product/910001258151', 'product_name': "Jacob's Mixed Grain Crispbread", 'product_price': '£1.50', 'product_additionals': '(79.0p/100g)'}, {'shop': 'asda', 'url': 'https://groceries.asda.com/product/910000471904', 'product_name': 'Ryvita Fruit Crunch Crispbread', 'product_price': '£1.59', 'product_additionals': '(79.5p/100g)'}, {'shop': 'asda', 'url': 'https://groceries.asda.com/product/1000001431175', 'product_name': "ASDA Extra Special Bake in the Box Belgian Chocolate Millionaires' Shortbread", 'product_price': '£1.30', 'product_additionals': '(34.2p/100g)'}, {'shop': 'asda', 'url': 'https://groceries.asda.com/product/910001400485', 'product_name': 'ASDA Sesame Italian Breadsticks', 'product_price': '£0.84', 'product_additionals': '(67.2p/100g)'}, {'shop': 'asda', 'url': 'https://groceries.asda.com/product/910000543337', 'product_name': 'ASDA Bread Sauce Mix', 'product_price': '£0.39', 'product_additionals': '(97.5p/100g)'}, {'shop': 'asda', 'url': 'https://groceries.asda.com/product/1000162824659', 'product_name': 'ASDA All-Butter Shortbread Biscuits Tin', 'product_price': '£3.50', 'product_additionals': '(70.0p/100g)'}, {'shop': 'asda', 'url': 'https://groceries.asda.com/product/78840573', 'product_name': 'Ryvita Thins Multi-Seed Flatbreads', 'product_price': '£1.00', 'product_additionals': '(80.0p/100g)'}, {'shop': 'asda', 'url': 'https://groceries.asda.com/product/1000232966998', 'product_name': 'ASDA 10 Gingerbread Festive Friends', 'product_price': '£0.80', 'product_additionals': '(80.0p/100g)'}, {'shop': 'asda', 'url': 'https://groceries.asda.com/product/910000254290', 'product_name': 'Ryvita Thins Sweet Chilli Flatbreads', 'product_price': '£1.00', 'product_additionals': '(80.0p/100g)'}, {'shop': 'asda', 'url': 'https://groceries.asda.com/product/910003108937', 'product_name': 'Ryvita Thins Three Cheese Flatbreads', 'product_price': '£1.00', 'product_additionals': '(80.0p/100g)'}, {'shop': 'asda', 'url': 'https://groceries.asda.com/product/910001258488', 'product_name': "Jacob's Simply Baked Chive Crispbread", 'product_price': '£1.50', 'product_additionals': '(79.0p/100g)'}, {'shop': 'asda', 'url': 'https://groceries.asda.com/product/910000033515', 'product_name': 'Ryvita Wholegrain Crackerbread', 'product_price': '£1.19', 'product_additionals': '(95.2p/100g)'}, {'shop': 'asda', 'url': 'https://groceries.asda.com/product/1000242811762', 'product_name': "McVitie's Digestives Gingerbread Milk Chocolate Biscuits", 'product_price': '£1.50', 'product_additionals': '(60.0p/100g)'}, {'shop': 'asda', 'url': 'https://groceries.asda.com/product/910002492675', 'product_name': 'Ryvita Thins Caramelised Onion Flatbreads', 'product_price': '£1.00', 'product_additionals': '(80.0p/100g)'}, {'shop': 'asda', 'url': 'https://groceries.asda.com/product/1000113394406', 'product_name': "McVitie's Mini Gingerbread Men 6 Packs", 'product_price': '£1.00', 'product_additionals': '(87.7p/100g)'}, {'shop': 'asda', 'url': 'https://groceries.asda.com/product/1000230163870', 'product_name': 'ASDA Christmas Shortbread Baking Kit', 'product_price': '£2.00', 'product_additionals': '(92.2p/100g)'}, {'shop': 'asda', 'url': 'https://groceries.asda.com/product/1000233167238', 'product_name': 'ASDA Extra Special Shortbread Biscuits Selection', 'product_price': '£4.00', 'product_additionals': '(71.4p/100g)'}, {'shop': 'asda', 'url': 'https://groceries.asda.com/product/1000134959115', 'product_name': 'Ryvita Thins Rosemary & Sea Salt Flatbreads', 'product_price': '£1.00', 'product_additionals': '(80.0p/100g)'}, {'shop': 'asda', 'url': 'https://groceries.asda.com/product/1000169694811', 'product_name': 'Cadbury Dairy Milk Gingerbread Chocolate Bar', 'product_price': '£1.00', 'product_additionals': '(83.3p/100g)'}, {'shop': 'asda', 'url': 'https://groceries.asda.com/product/910002492963', 'product_name': 'Ryvita Deli Cracked Black Pepper Rye Crispbread', 'product_price': '£1.59', 'product_additionals': '(79.5p/100g)'}, {'shop': 'asda', 'url': 'https://groceries.asda.com/product/910002492316', 'product_name': 'Ryvita Deli Pumpkin Seeds & Oats Rye Crispbread', 'product_price': '£1.59', 'product_additionals': '(79.5p/100g)'}, {'shop': 'asda', 'url': 'https://groceries.asda.com/product/910000028999', 'product_name': 'ASDA Extra Special Scottish Shortbread Fingers', 'product_price': '£1.65', 'product_additionals': '(82.5p/100g)'}, {'shop': 'asda', 'url': 'https://groceries.asda.com/product/1000134959119', 'product_name': 'Ryvita Protein Chia Seed & Buckwheat Crispbreads', 'product_price': '£1.59', 'product_additionals': '(79.5p/100g)'}, {'shop': 'asda', 'url': 'https://groceries.asda.com/product/1000136816427', 'product_name': 'ASDA Extra Special 9 All-Butter Shortbread Rounds', 'product_price': '£1.52', 'product_additionals': '(84.4p/100g)'}, {'shop': 'asda', 'url': 'https://groceries.asda.com/product/910000421309', 'product_name': 'Ryvita Thins Cheddar and Cracked Black Pepper Flatbread', 'product_price': '£1.00', 'product_additionals': '(80.0p/100g)'}, {'shop': 'asda', 'url': 'https://groceries.asda.com/product/910002493093', 'product_name': 'Ryvita Deli Sweet Onion Rye Crispbread 5 Packs of 4 Crispbreads', 'product_price': '£1.59', 'product_additionals': '(79.5p/100g)'}, {'shop': 'asda', 'url': 'https://groceries.asda.com/product/1000157579205', 'product_name': 'Quality Street Limited Edition Matchmakers Gingerbread Flavour', 'product_price': '£1.00', 'product_additionals': '(83.3p/100g)'}, {'shop': 'asda', 'url': 'https://groceries.asda.com/product/1000136352492', 'product_name': 'Caffe Amalfi Thin Italian Breadsticks with Olive Oil', 'product_price': '£1.00', 'product_additionals': '(83.3p/100g)'}, {'shop': 'asda', 'url': 'https://groceries.asda.com/product/1000135191500', 'product_name': "Dr. Karg's Organic Crispbread Emmental Cheese & Pumpkin Seed", 'product_price': '£1.89', 'product_additionals': '(94.5p/100g)'}]

