rv[('aldi', 'https://www.aldi.co.uk/4-breaded-cod-fish-fillets/p/041949410422602', '4 Breaded Cod Fish Fillets', '2.39', '£4.78 per kg'), ('aldi', 'https://www.aldi.co.uk/6-white-folded-flatbreads/p/010790255115100', '6 White Folded Flatbreads', '0.69', '33p per 100g'), ('aldi', 'https://www.aldi.co.uk/all-butter-shortbread-fingers/p/046072003630600', 'All Butter Shortbread Fingers', '0.39', '18.6p per 100g'), ('tesco', 'https://www.tesco.com/groceries/en-GB/products/256783233', 'Allinson Strong White Bread Flour 1.5Kg', '£ 2.00', '£1.34/kg'), ('tesco', 'https://www.tesco.com/groceries/en-GB/products/307138172', 'Allinson Strong White Bread Flour 1Kg', '£ 1.80', '£1.80/kg'), ('tesco', 'https://www.tesco.com/groceries/en-GB/products/271273388', 'Allinson Wholemeal Bread 1.5Kg', '£ 2.00', '£1.34/kg'), ('tesco', 'https://www.tesco.com/groceries/en-GB/products/306822170', "Allinson's Country Grain Bread Flour 1Kg", '£ 1.50', '£1.50/kg'), ('tesco', 'https://www.tesco.com/groceries/en-GB/products/307753917', 'Betty Crocker Salted Caramel Shortbread Mix 345G', '£ 2.00', '£5.80/kg'), ('tesco', 'https://www.tesco.com/groceries/en-GB/products/303617798', 'Bfree 7 Grain Pitta Bread 220G', '£ 2.50', '£1.14/100g'), ('tesco', 'https://www.tesco.com/groceries/en-GB/products/297373973', 'Bfree Stone Bake Gluten Free Pitta Bread 6X32g', '£ 2.50', '£1.31/100g'), ('tesco', 'https://www.tesco.com/groceries/en-GB/products/291243774', 'Bfree Stone Baked Pitta Bread 220G', '£ 2.35', '£10.69/kg'), ('tesco', 'https://www.tesco.com/groceries/en-GB/products/303334245', 'Birds Eye 4 Large Breaded Cod Fillets 440G', '£ 4.80', '£10.91/kg'), ('tesco', 'https://www.tesco.com/groceries/en-GB/products/303334280', 'Birds Eye 4 Large Breaded Haddock 440G', '£ 4.80', '£10.91/kg'), ('aldi', 'https://www.aldi.co.uk/breaded-chicken-mini-fillets/p/016060276702000', 'Breaded Chicken Mini Fillets', '2.15', '£7.05 per kg'), ('aldi', 'https://www.aldi.co.uk/breaded-ham/p/706315410178601', 'Breaded Ham', '1.59', '39.8p per 100g'), ('aldi', 'https://www.aldi.co.uk/breaded-hot-%26-spicy-chicken-strips/p/016802278453400', 'Breaded Hot & Spicy Chicken Strips', '2.15', '£7.05 per kg'), ('aldi', 'https://www.aldi.co.uk/cheddar-cheese-%26-red-onion-flatbread/p/701013314550000', 'Cheddar Cheese & Red Onion Flatbread', '1.69', '£6.76 per kg'), ('aldi', 'https://www.aldi.co.uk/chocolate-chunk-shortbread-rounds/p/062612247688101', 'Chocolate Chunk Shortbread Rounds', '1.09', '68.1p per 100g'), ('aldi', 'https://www.aldi.co.uk/chunky-breaded-haddock-fish-fillets/p/004132092084200', 'Chunky Breaded Haddock Fish Fillets', '2.59', '£5.18 per kg'), ('tesco', 'https://www.tesco.com/groceries/en-GB/products/305733449', 'Clay Oven Bakery 2 Large Stretched Naan Bread 360G', '£ 1.50', '£0.42/100g'), ('tesco', 'https://www.tesco.com/groceries/en-GB/products/306798939', 'Clay Oven Bakery 2 Plain Naan Breads 360G', '£ 1.50', '£0.42/100g'), ('tesco', 'https://www.tesco.com/groceries/en-GB/products/300954322', 'Counter The Artisan Bread Company Tomato Sal Brus 70G', '£ 1.60', '£2.29/100g'), ('tesco', 'https://www.tesco.com/groceries/en-GB/products/305435877', 'Creative Nature W.Grain Banana Bread Baking Mix 250G', '£ 2.99', '£11.96/kg'), ('tesco', 'https://www.tesco.com/groceries/en-GB/products/277731954', 'Crosta & Mollica Torines Breadsticks 120G', '£ 1.09', '£0.91/100g'), ('tesco', 'https://www.tesco.com/groceries/en-GB/products/251015495', 'Dairylea Dunkers Breadsticks 4 X 47G', '£ 2.25', '£11.97/kg'), ('tesco', 'https://www.tesco.com/groceries/en-GB/products/305530793', 'Deli Kitchen 4 Greek Style Flatbreads 320G', '£ 1.35', '£0.42/100g'), ('tesco', 'https://www.tesco.com/groceries/en-GB/products/257123599', 'Doves Farm Gluten Free White Bread Flour 1Kg', '£ 1.70', '£1.70/kg'), ('tesco', 'https://www.tesco.com/groceries/en-GB/products/290564310', 'Dr Karg 3 Seeds Crisp Bread Slices 200G', '£ 2.00', '£1.00/100g'), ('tesco', 'https://www.tesco.com/groceries/en-GB/products/260391973', 'Dr Karg Organic Cheese & Pumpkin Seed Crisp Bread 200G', '£ 2.00', '£1.00/100g'), ('tesco', 'https://www.tesco.com/groceries/en-GB/products/292759370', "Ella's Kitchen Banana & Vanilla Bread Pudding 4X80g", '£ 1.75', '£4.87/kg'), ('tesco', 'https://www.tesco.com/groceries/en-GB/products/279844604', 'Fedon Breadsticks With Sesame Seeds250g', '£ 1.50', '£0.60/100g'), ('aldi', 'https://www.aldi.co.uk/finely-sliced-breaded-ham/p/010021285889300', 'Finely Sliced Breaded Ham', '1.49', '£1.49 per 100g'), ('tesco', 'https://www.tesco.com/groceries/en-GB/products/257800909', 'Finest Triple Chocolate Shortbread 4 Pack', '£ 1.50', '£0.38/each'), ('aldi', 'https://www.aldi.co.uk/flat-bread-thins-cheese-%26-pepper/p/074900259327501', 'Flat Bread Thins Cheese & Pepper', '0.49', '98p per 100g'), ('aldi', 'https://www.aldi.co.uk/flatbread-thin-bites-sweet-chilli/p/074900259327702', 'Flatbread Thin Bites Sweet Chilli', '0.49', '98p per 100g'), ('tesco', 'https://www.tesco.com/groceries/en-GB/products/302181582', 'Fro Oat & Sunflower Seed Crisp Bread 200G', '£ 1.95', '£0.98/100g'), ('tesco', 'https://www.tesco.com/groceries/en-GB/products/302181609', 'Fro Thyme & Sea Salt Crisp Bread 200G', '£ 1.95', '£0.98/100g'), ('aldi', 'https://www.aldi.co.uk/golden-breadcrumbs/p/015497306817301', 'Golden Breadcrumbs', '0.65', '37.1p per 100g'), ('tesco', 'https://www.tesco.com/groceries/en-GB/products/299045570', "H W Nevill's White Bread 800G", '£ 0.36', '£0.04/100g'), ('tesco', 'https://www.tesco.com/groceries/en-GB/products/299045558', "H W Nevill's Wholemeal Bread 800G", '£ 0.36', '£0.04/100g'), ('tesco', 'https://www.tesco.com/groceries/en-GB/products/299587469', 'Hearty Food Co 20 Breaded Chicken Nuggets 320G', '£ 0.85', '£2.66/kg'), ('tesco', 'https://www.tesco.com/groceries/en-GB/products/299596458', 'Hearty Food Co 8 Breaded Chicken Burgers 456G', '£ 0.97', '£2.13/kg'), ('tesco', 'https://www.tesco.com/groceries/en-GB/products/306945888', 'Hearty Food Co. 4 Breaded Chicken Steaks 505G', '£ 1.69', '£3.35/kg'), ('tesco', 'https://www.tesco.com/groceries/en-GB/products/298865009', 'Hearty Food Co. Breaded Chicken Goujons 270G', '£ 1.05', '£3.89/kg'), ('tesco', 'https://www.tesco.com/groceries/en-GB/products/307348073', 'Heat & Enjoy Garlic Bread 200G', '£ 3.00', '£15.00/kg'), ('tesco', 'https://www.tesco.com/groceries/en-GB/products/274811254', 'Hovis 7 Seeds Wholemeal Bread 800G', '£ 1.50', '£0.19/100g'), ('tesco', 'https://www.tesco.com/groceries/en-GB/products/279505857', 'Hovis Best Of Both Medium White Bread 750G', '£ 1.10', '£0.15/100g'), ('tesco', 'https://www.tesco.com/groceries/en-GB/products/279505707', 'Hovis Best Of Both Thick White Bread 750G', '£ 1.10', '£0.15/100g'), ('tesco', 'https://www.tesco.com/groceries/en-GB/products/250871708', 'Hovis Granary Thick Bread 800G', '£ 1.45', '£0.18/100g'), ('tesco', 'https://www.tesco.com/groceries/en-GB/products/254944133', 'Hovis Granary Wholemeal Bread 800G', '£ 1.45', '£0.18/100g'), ('tesco', 'https://www.tesco.com/groceries/en-GB/products/274811214', 'Hovis Original 7 Seeds Bread 800G', '£ 1.50', '£0.19/100g'), ('tesco', 'https://www.tesco.com/groceries/en-GB/products/259747508', 'Hovis Original Granary Bread 400G', '£ 0.95', '£0.24/100g'), ('tesco', 'https://www.tesco.com/groceries/en-GB/products/267363266', 'Hovis Soft White Extra Thick Bread 800G', '£ 1.10', '£0.14/100g'), ('tesco', 'https://www.tesco.com/groceries/en-GB/products/256174499', 'Hovis Soft White Medium Bread 800G', '£ 1.09', '£0.14/100g'), ('tesco', 'https://www.tesco.com/groceries/en-GB/products/254550817', 'Hovis Soft White Thick Bread 800G', '£ 1.10', '£0.14/100g'), ('tesco', 'https://www.tesco.com/groceries/en-GB/products/250829858', 'Hovis Wholemeal Medium Bread 400G', '£ 0.85', '£0.21/100g'), ('tesco', 'https://www.tesco.com/groceries/en-GB/products/255000362', 'Hovis Wholemeal Medium Bread 800G', '£ 1.10', '£0.14/100g'), ('tesco', 'https://www.tesco.com/groceries/en-GB/products/263518014', 'Hovis Wholemeal Thick Bread 800G', '£ 1.10', '£0.14/100g'), ('tesco', 'https://www.tesco.com/groceries/en-GB/products/308093498', "Irwin's Traditional Wheaten Bread", '£ 1.20', '£1.20/each'), ('tesco', 'https://www.tesco.com/groceries/en-GB/products/281840917', 'Jacobs Chive Crisp Bread 190G', '£ 1.49', '£0.78/100g'), ('tesco', 'https://www.tesco.com/groceries/en-GB/products/267077511', 'Jacobs Flatbread Salt & Cracked Black Pepper 150G', '£ 1.79', '£1.20/100g'), ('tesco', 'https://www.tesco.com/groceries/en-GB/products/281841254', 'Jacobs Mixed Grain Crisp Bread 190G', '£ 1.49', '£0.78/100g'), ('tesco', 'https://www.tesco.com/groceries/en-GB/products/261738730', 'Kingsmill 50/50 Medium Bread 800G', '£ 0.85', '£0.11/100g'), ('tesco', 'https://www.tesco.com/groceries/en-GB/products/260630288', 'Kingsmill 50/50 No Crusts Bread 400G', '£ 1.40', '£0.35/100g'), ('tesco', 'https://www.tesco.com/groceries/en-GB/products/252065992', 'Kingsmill 50/50 Thick Bread 800G', '£ 0.85', '£0.11/100g'), ('tesco', 'https://www.tesco.com/groceries/en-GB/products/259804954', 'Kingsmill Soft White Medium Bread 800G', '£ 0.95', '£0.12/100g'), ('tesco', 'https://www.tesco.com/groceries/en-GB/products/259804983', 'Kingsmill Soft White Thick Bread 800G', '£ 0.95', '£0.12/100g'), ('tesco', 'https://www.tesco.com/groceries/en-GB/products/252990345', 'Kingsmill Tasty Wholemeal Medium Bread 800G', '£ 0.95', '£0.12/100g'), ('tesco', 'https://www.tesco.com/groceries/en-GB/products/293417975', 'Marmite Flatbreads 140G', '£ 2.45', '£1.75/100g'), ('tesco', 'https://www.tesco.com/groceries/en-GB/products/308094029', 'Mission 6 Plain Pitta Breads', '£ 0.80', '£0.13/each'), ('tesco', 'https://www.tesco.com/groceries/en-GB/products/306932886', 'Molino Pasini Pizza & Focaccia Bread Mix 1000G', '£ 1.70', '£1.70/kg'), ('tesco', 'https://www.tesco.com/groceries/en-GB/products/301804113', 'Nairns Gluten Free Rosemary & Sea Salt Flatbreads 150G', '£ 1.75', '£1.17/100g'), ('tesco', 'https://www.tesco.com/groceries/en-GB/products/302289949', 'Nishaan Plain Mini Naan Breads 6 Pack 300G', '£ 1.20', '£0.40/100g'), ('tesco', 'https://www.tesco.com/groceries/en-GB/products/307145249', 'Northern Dough Co. Sourdough Bread Dough 440G', '£ 2.50', '£0.57/100g'), ('tesco', 'https://www.tesco.com/groceries/en-GB/products/255335829', 'Organix Gingerbread Men 135G', '£ 2.00', '£1.49/100g'), ('tesco', 'https://www.tesco.com/groceries/en-GB/products/266197791', 'Organix Mini Gingerbread Men 5 X 25G', '£ 2.30', '£18.40/kg'), ('aldi', 'https://www.aldi.co.uk/original-rye-crispbread/p/705395401383800', 'Original Rye Crispbread', '0.59', '23.6p per 100g'), ('tesco', 'https://www.tesco.com/groceries/en-GB/products/250523085', 'Pataks Garlic & Coriander Naan Bread 2 Pack', '£ 1.25', '£0.62/each'), ('tesco', 'https://www.tesco.com/groceries/en-GB/products/259170533', 'Pataks Peshwari Naan Bread 2Pack', '£ 1.25', '£0.62/each'), ('tesco', 'https://www.tesco.com/groceries/en-GB/products/250506912', 'Pataks Plain Naan Bread 2 Pack', '£ 1.25', '£0.62/each'), ('tesco', 'https://www.tesco.com/groceries/en-GB/products/258199403', "Paterson's Shortbread Fingers 380G", '£ 1.00', '£0.26/100g'), ('tesco', 'https://www.tesco.com/groceries/en-GB/products/262106716', 'Paxo Golden Breadcrumbs 227G', '£ 1.10', '£4.85/kg'), ('tesco', 'https://www.tesco.com/groceries/en-GB/products/262106739', 'Paxo Natural Breadcrumbs 227G', '£ 1.10', '£4.85/kg'), ('tesco', 'https://www.tesco.com/groceries/en-GB/products/306805663', 'Paxo Southern Fried Breadcrumbs 200G', '£ 1.30', '£6.50/kg'), ('tesco', 'https://www.tesco.com/groceries/en-GB/products/296844942', 'Polish Bakery Highlander Bread Sourdough 800G', '£ 1.35', '£0.17/100g'), ('tesco', 'https://www.tesco.com/groceries/en-GB/products/263190209', 'Prymat Breadcrumbs 400G', '£ 1.00', '£2.50/kg'), ('tesco', 'https://www.tesco.com/groceries/en-GB/products/301012347', 'Ryvita Chia Seed & Buckwheat Protein Crisp Bread 200G', '£ 1.60', '£0.80/100g'), ('tesco', 'https://www.tesco.com/groceries/en-GB/products/266319153', 'Ryvita Cracked Black Pepper Crisp Bread 5X40g', '£ 0.99', '£0.50/100g'), ('tesco', 'https://www.tesco.com/groceries/en-GB/products/254926368', 'Ryvita Crackerbread 200G', '£ 1.19', '£0.60/100g'), ('tesco', 'https://www.tesco.com/groceries/en-GB/products/256001031', 'Ryvita Dark Rye Crisp Bread 250G', '£ 1.19', '£0.48/100g'), ('tesco', 'https://www.tesco.com/groceries/en-GB/products/261212413', 'Ryvita Fruit Crunch Crisp Bread 200G', '£ 0.99', '£0.50/100g'), ('tesco', 'https://www.tesco.com/groceries/en-GB/products/251107559', 'Ryvita Multigrain Rye Bread 250G', '£ 1.25', '£0.50/100g'), ('tesco', 'https://www.tesco.com/groceries/en-GB/products/256001296', 'Ryvita Original Crisp Bread 250G', '£ 1.19', '£0.48/100g'), ('tesco', 'https://www.tesco.com/groceries/en-GB/products/255269055', 'Ryvita Pumpkin & Oats Crisp Bread 4X50g', '£ 0.99', '£0.50/100g'), ('tesco', 'https://www.tesco.com/groceries/en-GB/products/254926420', 'Ryvita Sesame Crisp Bread 250G', '£ 1.25', '£0.50/100g'), ('tesco', 'https://www.tesco.com/groceries/en-GB/products/263232582', 'Ryvita Whole- Grain Cracker- Bread 125G', '£ 1.19', '£0.95/100g'), ('tesco', 'https://www.tesco.com/groceries/en-GB/products/268890894', 'Schar Crisp Bread 150G', '£ 1.30', '£0.87/100g'), ('aldi', 'https://www.aldi.co.uk/sesame-crispbread/p/705396401384000', 'Sesame Crispbread', '0.59', '23.6p per 100g'), ('tesco', 'https://www.tesco.com/groceries/en-GB/products/308482988', 'Simplycook Lamb Kofta Flatbread Recipe Kit 65G', '£ 2.50', '£3.85/100g'), ('aldi', 'https://www.aldi.co.uk/soft-white-thick-bread/p/701827332875700', 'Soft White Thick Bread', '1.10', '13.8p per 100g'), ('aldi', 'https://www.aldi.co.uk/stonebaked-flatbread-chicken-%26-mango/p/705761383096600', 'Stonebaked Flatbread Chicken & Mango', '1.75', '44.9p per 100g'), ('tesco', 'https://www.tesco.com/groceries/en-GB/products/286242984', 'T.Sunblush Tomato Tomato & Garlic Flatbread 235G', '£ 1.60', '£0.68/100g'), ('tesco', 'https://www.tesco.com/groceries/en-GB/products/308110957', 'Tesco 10 Mini Easter Gingerbread Men', '£ 1.00', '£0.10/each'), ('tesco', 'https://www.tesco.com/groceries/en-GB/products/281260313', 'Tesco 2 Breaded Chicken Breast Fillets 350', '£ 3.00', '£8.58/kg'), ('tesco', 'https://www.tesco.com/groceries/en-GB/products/271523387', 'Tesco 2 Breaded Chunky Cod Fillets 350G', '£ 3.50', '£10.00/kg'), ('tesco', 'https://www.tesco.com/groceries/en-GB/products/271529162', 'Tesco 2 Breaded Chunky Haddock Fillets 350G', '£ 3.50', '£10.00/kg'), ('tesco', 'https://www.tesco.com/groceries/en-GB/products/304381123', 'Tesco 2 Breaded Cod Fillets 300G', '£ 2.75', '£9.17/kg'), ('tesco', 'https://www.tesco.com/groceries/en-GB/products/259208151', 'Tesco 2 Pack Bread & Butter Pudding 2 X 120G', '£ 2.00', '£0.83/100g'), ('tesco', 'https://www.tesco.com/groceries/en-GB/products/304377590', 'Tesco 2 Pack Breaded Garlic Chicken Kievs 260G', '£ 2.00', '£7.70/kg'), ('tesco', 'https://www.tesco.com/groceries/en-GB/products/303315815', 'Tesco 2 Plain Naan Breads', '£ 0.75', '£0.38/each'), ('tesco', 'https://www.tesco.com/groceries/en-GB/products/281260768', 'Tesco 2 Southern Fried Breaded Chicken Fillets 300G', '£ 3.00', '£10.00/kg'), ('tesco', 'https://www.tesco.com/groceries/en-GB/products/271023178', 'Tesco 30 Breaded Chicken Breast Nuggets 450G', '£ 1.50', '£3.34/kg'), ('tesco', 'https://www.tesco.com/groceries/en-GB/products/286932070', 'Tesco 30 Mini Gingerbread 330G', '£ 1.80', '£0.55/100g'), ('tesco', 'https://www.tesco.com/groceries/en-GB/products/274730488', 'Tesco 30 Mini Gingerbread Men 270G', '£ 1.80', '£0.67/100g'), ('tesco', 'https://www.tesco.com/groceries/en-GB/products/297683100', 'Tesco 4 Breaded Chicken Steaks 380G', '£ 1.65', '£4.35/kg'), ('tesco', 'https://www.tesco.com/groceries/en-GB/products/264567506', 'Tesco 4 Breaded Chicken Steaks 505G', '£ 2.50', '£4.96/kg'), ('tesco', 'https://www.tesco.com/groceries/en-GB/products/258609605', 'Tesco 4 Breaded Chunky Prime Cod Fillets 500G', '£ 3.60', '£7.20/kg'), ('tesco', 'https://www.tesco.com/groceries/en-GB/products/266195171', 'Tesco 4 Breaded Cod Fillets 500G', '£ 3.00', '£6.00/kg'), ('tesco', 'https://www.tesco.com/groceries/en-GB/products/290017687', 'Tesco 4 Breaded Cod Fishcakes 340G', '£ 2.00', '£5.89/kg'), ('tesco', 'https://www.tesco.com/groceries/en-GB/products/305731289', 'Tesco 4 Breaded Plaice Fillets 500G', '£ 4.00', '£8.00/kg'), ('tesco', 'https://www.tesco.com/groceries/en-GB/products/293535996', 'Tesco 4 Cheese & Bacon Breaded Chicken Kievs 500G', '£ 2.50', '£0.50/100g'), ('tesco', 'https://www.tesco.com/groceries/en-GB/products/264322746', 'Tesco 4 Garlic Butter Breaded Chicken Kievs 500G', '£ 2.50', '£5.00/kg'), ('tesco', 'https://www.tesco.com/groceries/en-GB/products/264567593', 'Tesco 4 Southern Fried Breaded Chicken Steaks 505G', '£ 2.50', '£4.96/kg'), ('tesco', 'https://www.tesco.com/groceries/en-GB/products/305527187', 'Tesco 5 Decorate Your Own Gingerbread Easter Egg Kit', '£ 1.80', '£0.36/each'), ('tesco', 'https://www.tesco.com/groceries/en-GB/products/274684882', 'Tesco 5 Gingerbread Men Kit 174G', '£ 1.80', '£0.36/each'), ('tesco', 'https://www.tesco.com/groceries/en-GB/products/291376265', 'Tesco 6 Multiseed Folded Flatbreads', '£ 0.79', '£0.13/each'), ('tesco', 'https://www.tesco.com/groceries/en-GB/products/272651665', 'Tesco 6 Pack Mini Breadsticks 120G', '£ 1.30', '£1.09/100g'), ('tesco', 'https://www.tesco.com/groceries/en-GB/products/254945564', 'Tesco 6 White Pitta Bread', '£ 0.45', '£0.08/each'), ('tesco', 'https://www.tesco.com/groceries/en-GB/products/254945610', 'Tesco 6 Wholemeal Pitta Bread', '£ 0.45', '£0.08/each'), ('tesco', 'https://www.tesco.com/groceries/en-GB/products/289806238', 'Tesco 72 Breaded Chicken Nuggets 1Kg', '£ 3.15', '£3.15/kg'), ('tesco', 'https://www.tesco.com/groceries/en-GB/products/307353826', 'Tesco All Butter Chocolate Chip Shortbread 180G', '£ 1.00', '£0.56/100g'), ('tesco', 'https://www.tesco.com/groceries/en-GB/products/307342027', 'Tesco All Butter Shortbread Fingers 250G', '£ 0.69', '£0.28/100g'), ('tesco', 'https://www.tesco.com/groceries/en-GB/products/303629513', 'Tesco Both Together Bread 800G', '£ 0.59', '£0.07/100g'), ('tesco', 'https://www.tesco.com/groceries/en-GB/products/254482788', 'Tesco Bread & Butter Pudding 500G', '£ 2.80', '£0.56/100g'), ('tesco', 'https://www.tesco.com/groceries/en-GB/products/279935929', 'Tesco Breaded Chicken Goujons 270G', '£ 2.00', '£7.41/kg'), ('tesco', 'https://www.tesco.com/groceries/en-GB/products/285091909', 'Tesco Breaded Chicken Goujons 540G', '£ 3.75', '£6.95/kg'), ('tesco', 'https://www.tesco.com/groceries/en-GB/products/264566899', 'Tesco Breaded Chicken Mini Fillets 305G', '£ 2.50', '£8.20/kg'), ('tesco', 'https://www.tesco.com/groceries/en-GB/products/293507310', 'Tesco Breaded Chicken Strips 300G', '£ 2.00', '£0.67/100g'), ('tesco', 'https://www.tesco.com/groceries/en-GB/products/262083592', 'Tesco Breaded Mini Chicken Fillets 300G', '£ 2.00', '£6.67/kg'), ('tesco', 'https://www.tesco.com/groceries/en-GB/products/257218318', 'Tesco Breaded Onion Rings 750G', '£ 1.25', '£1.67/kg'), ('tesco', 'https://www.tesco.com/groceries/en-GB/products/299054069', 'Tesco Breaded Wholetail Scampi 200G', '£ 3.00', '£15.00/kg'), ('tesco', 'https://www.tesco.com/groceries/en-GB/products/286265277', 'Tesco Cheese & Garlic Flatbread 230G', '£ 1.60', '£0.70/100g'), ('tesco', 'https://www.tesco.com/groceries/en-GB/products/299557298', 'Tesco Cheese & Garlic Pizza Bread 210G', '£ 1.00', '£4.77/kg'), ('tesco', 'https://www.tesco.com/groceries/en-GB/products/252109642', 'Tesco Cheese & Tomato Flatbread 225G', '£ 1.25', '£0.56/100g'), ('tesco', 'https://www.tesco.com/groceries/en-GB/products/285498135', 'Tesco Corn Bread', '£ 1.60', '£1.60/each'), ('tesco', 'https://www.tesco.com/groceries/en-GB/products/305834981', 'Tesco Finest 4 Millionaire Shortbread Slices', '£ 2.25', '£2.25/each'), ('tesco', 'https://www.tesco.com/groceries/en-GB/products/299936610', 'Tesco Finest Basil Pesto & Tomato Flatbread 245G', '£ 2.45', '£1.00/100g'), ('tesco', 'https://www.tesco.com/groceries/en-GB/products/286266161', 'Tesco Finest Cheddar Red Onion Mini Flatbreads 295G', '£ 2.45', '£0.83/100g'), ('tesco', 'https://www.tesco.com/groceries/en-GB/products/307137419', 'Tesco Finest Free From Seeded Bread 400G', '£ 2.50', '£0.62/100g'), ('tesco', 'https://www.tesco.com/groceries/en-GB/products/307152724', 'Tesco Finest Free From Tiger Bread 400G', '£ 2.50', '£0.62/100g'), ('tesco', 'https://www.tesco.com/groceries/en-GB/products/306818969', 'Tesco Finest Fruited Sourdough Bread 400G', '£ 1.60', '£0.40/100g'), ('tesco', 'https://www.tesco.com/groceries/en-GB/products/304797553', 'Tesco Finest Garlic & Extra Virgin Olive Oil Flatbread 200G', '£ 2.45', '£1.23/100g'), ('tesco', 'https://www.tesco.com/groceries/en-GB/products/306824605', 'Tesco Finest Gingerbread Latte Cream Liqueur 70Cl', '£ 10.00', '£14.29/litre'), ('tesco', 'https://www.tesco.com/groceries/en-GB/products/256089410', 'Tesco Finest Scottish Shortbread Fingers 165G', '£ 1.35', '£0.82/100g'), ('tesco', 'https://www.tesco.com/groceries/en-GB/products/257911663', 'Tesco Finest Shortbread Assortment 400G', '£ 3.00', '£0.75/100g'), ('tesco', 'https://www.tesco.com/groceries/en-GB/products/305836218', 'Tesco Finest Wholemeal Seeds And Grains Bread 400G', '£ 0.79', '£0.20/100g'), ('tesco', 'https://www.tesco.com/groceries/en-GB/products/305737088', 'Tesco Finest Wholemeal Seeds And Grains Bread 800G', '£ 1.10', '£0.14/100g'), ('tesco', 'https://www.tesco.com/groceries/en-GB/products/291376220', 'Tesco Folded Flatbreads Plain 6 Pack', '£ 0.79', '£0.13/each'), ('tesco', 'https://www.tesco.com/groceries/en-GB/products/281865600', 'Tesco Free From 4 Breaded Chicken Steaks 380G', '£ 3.75', '£9.87/kg'), ('tesco', 'https://www.tesco.com/groceries/en-GB/products/298864892', 'Tesco Free From Breaded Chicken Goujons 270G', '£ 2.00', '£7.41/kg'), ('tesco', 'https://www.tesco.com/groceries/en-GB/products/299587383', 'Tesco Free From Breaded Chicken Goujons 300G', '£ 2.50', '£8.34/kg'), ('tesco', 'https://www.tesco.com/groceries/en-GB/products/281509384', 'Tesco Free From Brown Bread 550G', '£ 1.80', '£0.33/100g'), ('tesco', 'https://www.tesco.com/groceries/en-GB/products/304392571', 'Tesco Free From Gingerbread Men 154G', '£ 1.50', '£0.97/100g'), ('tesco', 'https://www.tesco.com/groceries/en-GB/products/304378272', 'Tesco Free From Shortbread 160G', '£ 1.50', '£0.94/100g'), ('tesco', 'https://www.tesco.com/groceries/en-GB/products/276605133', 'Tesco Free From Sliced White Bread 550G', '£ 1.80', '£0.33/100g'), ('tesco', 'https://www.tesco.com/groceries/en-GB/products/286264762', 'Tesco Garlic & & Rosemary Flatbread 220G', '£ 1.60', '£0.73/100g'), ('tesco', 'https://www.tesco.com/groceries/en-GB/products/252109688', 'Tesco Garlic & Parsley Flatbread 210G', '£ 1.25', '£0.60/100g'), ('tesco', 'https://www.tesco.com/groceries/en-GB/products/293723399', 'Tesco Garlic Breaded Mushrooms 400G', '£ 1.25', '£3.13/kg'), ('tesco', 'https://www.tesco.com/groceries/en-GB/products/288610223', 'Tesco Garlic Flatbread 255G', '£ 2.00', '£0.78/100g'), ('tesco', 'https://www.tesco.com/groceries/en-GB/products/289573832', 'Tesco Gingerbread Mix 225G', '£ 1.00', '£0.44/100g'), ('tesco', 'https://www.tesco.com/groceries/en-GB/products/278834077', 'Tesco Golden Breadcrumbs 175G', '£ 0.80', '£4.58/kg'), ('tesco', 'https://www.tesco.com/groceries/en-GB/products/267285351', 'Tesco Hot & Spicy Breaded Chicken Mini Fillets 305G', '£ 2.50', '£8.20/kg'), ('tesco', 'https://www.tesco.com/groceries/en-GB/products/256236588', 'Tesco Indian Naan Breads 320G', '£ 1.00', '£0.31/100g'), ('tesco', 'https://www.tesco.com/groceries/en-GB/products/291376334', 'Tesco Malted Grain & Rye Folded Flatbread 6 Pack', '£ 0.79', '£0.13/each'), ('tesco', 'https://www.tesco.com/groceries/en-GB/products/285024271', 'Tesco Multiseed Bread Mix 500G', '£ 0.85', '£1.70/kg'), ('tesco', 'https://www.tesco.com/groceries/en-GB/products/258083897', 'Tesco Original Breadsticks 125G', '£ 0.84', '£0.67/100g'), ('tesco', 'https://www.tesco.com/groceries/en-GB/products/251697723', 'Tesco Original Mini Breadsticks 100G', '£ 1.00', '£1.00/100g'), ('tesco', 'https://www.tesco.com/groceries/en-GB/products/294706637', 'Tesco Original Rye Crisp Bread 250G', '£ 0.69', '£0.28/100g'), ('tesco', 'https://www.tesco.com/groceries/en-GB/products/268582625', 'Tesco Panko Breadcrumbs 150G', '£ 1.60', '£10.67/kg'), ('tesco', 'https://www.tesco.com/groceries/en-GB/products/278104918', 'Tesco Peshwari Naan Breads 2 Pack 260G', '£ 0.95', '£0.37/100g'), ('tesco', 'https://www.tesco.com/groceries/en-GB/products/304784469', 'Tesco Plant Chef Breaded Goujons 190G', '£ 1.50', '£7.90/kg'), ('tesco', 'https://www.tesco.com/groceries/en-GB/products/306493425', 'Tesco Plant Chef Breaded Meat Free Nuggets 180G', '£ 1.50', '£8.34/kg'), ('tesco', 'https://www.tesco.com/groceries/en-GB/products/305727843', 'Tesco Plant Chef Breaded Nuggets 320G', '£ 1.75', '£0.55/100g'), ('tesco', 'https://www.tesco.com/groceries/en-GB/products/308079929', 'Tesco Seasonal Gingerbread Biscuit', '£ 0.60', '£0.60/each'), ('tesco', 'https://www.tesco.com/groceries/en-GB/products/265940149', 'Tesco Sesame Breadsticks 125G', '£ 0.84', '£0.67/100g'), ('tesco', 'https://www.tesco.com/groceries/en-GB/products/294706650', 'Tesco Sesame Rye Crisp Bread 250G', '£ 0.69', '£0.28/100g'), ('tesco', 'https://www.tesco.com/groceries/en-GB/products/293574661', 'Tesco Shortbread Petticoat Tails 450G', '£ 2.00', '£0.44/100g'), ('tesco', 'https://www.tesco.com/groceries/en-GB/products/264566997', 'Tesco Southern Fried Breaded Chicken Mini Fillets 305G', '£ 2.50', '£8.20/kg'), ('tesco', 'https://www.tesco.com/groceries/en-GB/products/254917926', 'Tesco Strong Stone Ground 100% Wholemeal Bread Flour 1.5Kg', '£ 1.20', '£0.80/kg'), ('tesco', 'https://www.tesco.com/groceries/en-GB/products/299425748', 'Tesco Toastie White Bread Thick 800G', '£ 0.59', '£0.07/100g'), ('tesco', 'https://www.tesco.com/groceries/en-GB/products/299425760', 'Tesco Toastie Wholemeal Thick Bread 800G', '£ 0.59', '£0.07/100g'), ('tesco', 'https://www.tesco.com/groceries/en-GB/products/289597812', 'Tesco Very Strong Canadian Bread Flour 1Kg', '£ 1.35', '£1.35/kg'), ('tesco', 'https://www.tesco.com/groceries/en-GB/products/299389116', 'Tesco White Bread 800G', '£ 0.59', '£0.07/100g'), ('tesco', 'https://www.tesco.com/groceries/en-GB/products/301063378', 'Tesco White Breadcrumbs 175G', '£ 0.80', '£0.46/100g'), ('tesco', 'https://www.tesco.com/groceries/en-GB/products/299425783', 'Tesco Wholemeal Medium Bread 800G', '£ 0.59', '£0.07/100g'), ('tesco', 'https://www.tesco.com/groceries/en-GB/products/270953414', 'Tesco Wholetail Breaded Scampi 280G', '£ 3.00', '£10.72/kg'), ('tesco', 'https://www.tesco.com/groceries/en-GB/products/302744625', 'The Artisan Bread Co Garlic & Basil Sticks 100G', '£ 1.60', '£1.60/100g'), ('tesco', 'https://www.tesco.com/groceries/en-GB/products/302744055', 'The Artisan Bread Co Garlic & Chilli Flatbread 75G', '£ 1.60', '£2.14/100g'), ('tesco', 'https://www.tesco.com/groceries/en-GB/products/302743880', 'The Artisan Bread Company Classic Breadsticks 150G', '£ 1.60', '£1.07/100g'), ('tesco', 'https://www.tesco.com/groceries/en-GB/products/302744019', 'The Artisan Bread Company Rosemary Breadsticks 150G', '£ 1.60', '£1.07/100g'), ('tesco', 'https://www.tesco.com/groceries/en-GB/products/302744032', 'The Artisan Bread Company Sesame Breadsticks 150G', '£ 1.60', '£1.07/100g'), ('tesco', 'https://www.tesco.com/groceries/en-GB/products/300954309', 'The Artisan Bread Company Wheat Toast 125G', '£ 1.60', '£1.28/100g'), ('tesco', 'https://www.tesco.com/groceries/en-GB/products/304408969', 'The Pizza Company Deep Filled Garlic Bread 2 Pack 230G', '£ 3.00', '£1.31/100g'), ('tesco', 'https://www.tesco.com/groceries/en-GB/products/267662020', 'The Polish Bakery Brown Bread 400G', '£ 0.75', '£0.19/100g'), ('tesco', 'https://www.tesco.com/groceries/en-GB/products/267661977', "The Polish Bakery Granny's Sesame Seed Bread 400G", '£ 1.10', '£0.28/100g'), ('tesco', 'https://www.tesco.com/groceries/en-GB/products/265412971', 'The Polish Bakery Half Wheat Half Rye Bread 400G', '£ 0.70', '£0.18/100g'), ('tesco', 'https://www.tesco.com/groceries/en-GB/products/265412994', 'The Polish Bakery Half Wheat Half Rye Bread 900G', '£ 1.20', '£0.13/100g'), ('tesco', 'https://www.tesco.com/groceries/en-GB/products/296844907', 'The Polish Bakery Pumpkin Bread 500G', '£ 1.85', '£0.37/100g'), ('tesco', 'https://www.tesco.com/groceries/en-GB/products/267662008', 'The Polish Bakery Sunflower Seed Bread 400G', '£ 0.75', '£0.19/100g'), ('aldi', 'https://www.aldi.co.uk/thins-multi-seed-flatbread/p/064611260939602', 'Thins Multi-seed Flatbread', '0.99', '79.2p per 100g'), ('tesco', 'https://www.tesco.com/groceries/en-GB/products/272960719', 'Three Cheese Bread', '£ 1.60', '£1.60/each'), ('aldi', 'https://www.aldi.co.uk/toastie-thick-soft-white-bread/p/047096003773200', 'Toastie Thick Soft White Bread', '1.10', '13.8p per 100g'), ('tesco', 'https://www.tesco.com/groceries/en-GB/products/307135618', 'Trek Power Millionaire Shortbread Bar 55G', '£ 1.75', '£3.19/100g'), ('aldi', 'https://www.aldi.co.uk/village-bakery-wholemeal-pitta-bread/p/066192386427601', 'Village Bakery Wholemeal Pitta Bread', '0.35', '5.8p each'), ('tesco', 'https://www.tesco.com/groceries/en-GB/products/300810619', 'Warburtons Country White Bread 400G', '£ 2.00', '£0.50/100g'), ('tesco', 'https://www.tesco.com/groceries/en-GB/products/255727936', 'Warburtons Danish Sliced White Bread 400G', '£ 0.95', '£0.24/100g'), ('tesco', 'https://www.tesco.com/groceries/en-GB/products/250168194', 'Warburtons Farmhouse White Bread 800G', '£ 1.20', '£0.15/100g'), ('tesco', 'https://www.tesco.com/groceries/en-GB/products/304371279', 'Warburtons Half And Half Medium Bread 800G', '£ 1.05', '£0.13/100g'), ('tesco', 'https://www.tesco.com/groceries/en-GB/products/300810591', 'Warburtons Malted Grain & Seeds Bread 400G', '£ 1.50', '£0.38/100g'), ('tesco', 'https://www.tesco.com/groceries/en-GB/products/254942331', 'Warburtons Medium Sliced White Bread 400G', '£ 0.90', '£0.22/100g'), ('tesco', 'https://www.tesco.com/groceries/en-GB/products/254942325', 'Warburtons Medium Sliced White Bread 800G', '£ 1.10', '£0.14/100g'), ('tesco', 'https://www.tesco.com/groceries/en-GB/products/254942734', 'Warburtons Milk Roll Sliced White Bread 400G', '£ 0.90', '£0.22/100g'), ('tesco', 'https://www.tesco.com/groceries/en-GB/products/300810631', 'Warburtons Multi Grain & Seed Bread 400G', '£ 2.00', '£0.50/100g'), ('tesco', 'https://www.tesco.com/groceries/en-GB/products/300810579', 'Warburtons Old English White Bread 400G', '£ 1.50', '£0.38/100g'), ('tesco', 'https://www.tesco.com/groceries/en-GB/products/251738895', 'Warburtons Seeded Batch Bread 400G', '£ 0.90', '£0.22/100g'), ('tesco', 'https://www.tesco.com/groceries/en-GB/products/257269645', 'Warburtons Seeded Batch Bread 800G', '£ 1.40', '£0.18/100g'), ('tesco', 'https://www.tesco.com/groceries/en-GB/products/268104801', 'Warburtons Sliced Tiger Bread 600G', '£ 1.35', '£0.22/100g'), ('tesco', 'https://www.tesco.com/groceries/en-GB/products/299608331', 'Warburtons Thoroughbread Lancashire 800G', '£ 1.40', '£0.18/100g'), ('tesco', 'https://www.tesco.com/groceries/en-GB/products/254942354', 'Warburtons Toastie Sliced White Bread 400G', '£ 0.85', '£0.21/100g'), ('tesco', 'https://www.tesco.com/groceries/en-GB/products/254942348', 'Warburtons Toastie Sliced White Bread 800G', '£ 1.10', '£0.14/100g'), ('tesco', 'https://www.tesco.com/groceries/en-GB/products/302088635', 'Warburtons White Farmhouse Bread 400G', '£ 1.00', '£0.25/100g'), ('tesco', 'https://www.tesco.com/groceries/en-GB/products/302385928', 'Warburtons White Gluten Free Bread Sourdough 400G', '£ 3.40', '£0.85/100g'), ('tesco', 'https://www.tesco.com/groceries/en-GB/products/254944283', 'Warburtons Wholemeal Medium Bread 400G', '£ 0.85', '£0.21/100g'), ('tesco', 'https://www.tesco.com/groceries/en-GB/products/254944260', 'Warburtons Wholemeal Medium Bread 800G', '£ 1.05', '£0.13/100g'), ('tesco', 'https://www.tesco.com/groceries/en-GB/products/256641396', 'Weight Watchers Malted Danish Sliced Bread 400G', '£ 1.00', '£0.25/100g'), ('tesco', 'https://www.tesco.com/groceries/en-GB/products/303630499', 'Whitby Seafoods Breaded Scampi Bites 190G', '£ 1.00', '£5.27/kg'), ('tesco', 'https://www.tesco.com/groceries/en-GB/products/303391723', 'Youngs Simply Breaded 4 Large Cod Fillets 440G', '£ 4.00', '£9.10/kg'), ('tesco', 'https://www.tesco.com/groceries/en-GB/products/303391625', 'Youngs Simply Breaded Omega 3 4 Fish Fillets 400G', '£ 2.40', '£6.00/kg')]


json_data[{'shop': 'aldi', 'url': 'https://www.aldi.co.uk/4-breaded-cod-fish-fillets/p/041949410422602', 'product_name': '4 Breaded Cod Fish Fillets', 'product_price': '2.39', 'product_additionals': '£4.78 per kg'}, {'shop': 'aldi', 'url': 'https://www.aldi.co.uk/6-white-folded-flatbreads/p/010790255115100', 'product_name': '6 White Folded Flatbreads', 'product_price': '0.69', 'product_additionals': '33p per 100g'}, {'shop': 'aldi', 'url': 'https://www.aldi.co.uk/all-butter-shortbread-fingers/p/046072003630600', 'product_name': 'All Butter Shortbread Fingers', 'product_price': '0.39', 'product_additionals': '18.6p per 100g'}, {'shop': 'tesco', 'url': 'https://www.tesco.com/groceries/en-GB/products/256783233', 'product_name': 'Allinson Strong White Bread Flour 1.5Kg', 'product_price': '£ 2.00', 'product_additionals': '£1.34/kg'}, {'shop': 'tesco', 'url': 'https://www.tesco.com/groceries/en-GB/products/307138172', 'product_name': 'Allinson Strong White Bread Flour 1Kg', 'product_price': '£ 1.80', 'product_additionals': '£1.80/kg'}, {'shop': 'tesco', 'url': 'https://www.tesco.com/groceries/en-GB/products/271273388', 'product_name': 'Allinson Wholemeal Bread 1.5Kg', 'product_price': '£ 2.00', 'product_additionals': '£1.34/kg'}, {'shop': 'tesco', 'url': 'https://www.tesco.com/groceries/en-GB/products/306822170', 'product_name': "Allinson's Country Grain Bread Flour 1Kg", 'product_price': '£ 1.50', 'product_additionals': '£1.50/kg'}, {'shop': 'tesco', 'url': 'https://www.tesco.com/groceries/en-GB/products/307753917', 'product_name': 'Betty Crocker Salted Caramel Shortbread Mix 345G', 'product_price': '£ 2.00', 'product_additionals': '£5.80/kg'}, {'shop': 'tesco', 'url': 'https://www.tesco.com/groceries/en-GB/products/303617798', 'product_name': 'Bfree 7 Grain Pitta Bread 220G', 'product_price': '£ 2.50', 'product_additionals': '£1.14/100g'}, {'shop': 'tesco', 'url': 'https://www.tesco.com/groceries/en-GB/products/297373973', 'product_name': 'Bfree Stone Bake Gluten Free Pitta Bread 6X32g', 'product_price': '£ 2.50', 'product_additionals': '£1.31/100g'}, {'shop': 'tesco', 'url': 'https://www.tesco.com/groceries/en-GB/products/291243774', 'product_name': 'Bfree Stone Baked Pitta Bread 220G', 'product_price': '£ 2.35', 'product_additionals': '£10.69/kg'}, {'shop': 'tesco', 'url': 'https://www.tesco.com/groceries/en-GB/products/303334245', 'product_name': 'Birds Eye 4 Large Breaded Cod Fillets 440G', 'product_price': '£ 4.80', 'product_additionals': '£10.91/kg'}, {'shop': 'tesco', 'url': 'https://www.tesco.com/groceries/en-GB/products/303334280', 'product_name': 'Birds Eye 4 Large Breaded Haddock 440G', 'product_price': '£ 4.80', 'product_additionals': '£10.91/kg'}, {'shop': 'aldi', 'url': 'https://www.aldi.co.uk/breaded-chicken-mini-fillets/p/016060276702000', 'product_name': 'Breaded Chicken Mini Fillets', 'product_price': '2.15', 'product_additionals': '£7.05 per kg'}, {'shop': 'aldi', 'url': 'https://www.aldi.co.uk/breaded-ham/p/706315410178601', 'product_name': 'Breaded Ham', 'product_price': '1.59', 'product_additionals': '39.8p per 100g'}, {'shop': 'aldi', 'url': 'https://www.aldi.co.uk/breaded-hot-%26-spicy-chicken-strips/p/016802278453400', 'product_name': 'Breaded Hot & Spicy Chicken Strips', 'product_price': '2.15', 'product_additionals': '£7.05 per kg'}, {'shop': 'aldi', 'url': 'https://www.aldi.co.uk/cheddar-cheese-%26-red-onion-flatbread/p/701013314550000', 'product_name': 'Cheddar Cheese & Red Onion Flatbread', 'product_price': '1.69', 'product_additionals': '£6.76 per kg'}, {'shop': 'aldi', 'url': 'https://www.aldi.co.uk/chocolate-chunk-shortbread-rounds/p/062612247688101', 'product_name': 'Chocolate Chunk Shortbread Rounds', 'product_price': '1.09', 'product_additionals': '68.1p per 100g'}, {'shop': 'aldi', 'url': 'https://www.aldi.co.uk/chunky-breaded-haddock-fish-fillets/p/004132092084200', 'product_name': 'Chunky Breaded Haddock Fish Fillets', 'product_price': '2.59', 'product_additionals': '£5.18 per kg'}, {'shop': 'tesco', 'url': 'https://www.tesco.com/groceries/en-GB/products/305733449', 'product_name': 'Clay Oven Bakery 2 Large Stretched Naan Bread 360G', 'product_price': '£ 1.50', 'product_additionals': '£0.42/100g'}, {'shop': 'tesco', 'url': 'https://www.tesco.com/groceries/en-GB/products/306798939', 'product_name': 'Clay Oven Bakery 2 Plain Naan Breads 360G', 'product_price': '£ 1.50', 'product_additionals': '£0.42/100g'}, {'shop': 'tesco', 'url': 'https://www.tesco.com/groceries/en-GB/products/300954322', 'product_name': 'Counter The Artisan Bread Company Tomato Sal Brus 70G', 'product_price': '£ 1.60', 'product_additionals': '£2.29/100g'}, {'shop': 'tesco', 'url': 'https://www.tesco.com/groceries/en-GB/products/305435877', 'product_name': 'Creative Nature W.Grain Banana Bread Baking Mix 250G', 'product_price': '£ 2.99', 'product_additionals': '£11.96/kg'}, {'shop': 'tesco', 'url': 'https://www.tesco.com/groceries/en-GB/products/277731954', 'product_name': 'Crosta & Mollica Torines Breadsticks 120G', 'product_price': '£ 1.09', 'product_additionals': '£0.91/100g'}, {'shop': 'tesco', 'url': 'https://www.tesco.com/groceries/en-GB/products/251015495', 'product_name': 'Dairylea Dunkers Breadsticks 4 X 47G', 'product_price': '£ 2.25', 'product_additionals': '£11.97/kg'}, {'shop': 'tesco', 'url': 'https://www.tesco.com/groceries/en-GB/products/305530793', 'product_name': 'Deli Kitchen 4 Greek Style Flatbreads 320G', 'product_price': '£ 1.35', 'product_additionals': '£0.42/100g'}, {'shop': 'tesco', 'url': 'https://www.tesco.com/groceries/en-GB/products/257123599', 'product_name': 'Doves Farm Gluten Free White Bread Flour 1Kg', 'product_price': '£ 1.70', 'product_additionals': '£1.70/kg'}, {'shop': 'tesco', 'url': 'https://www.tesco.com/groceries/en-GB/products/290564310', 'product_name': 'Dr Karg 3 Seeds Crisp Bread Slices 200G', 'product_price': '£ 2.00', 'product_additionals': '£1.00/100g'}, {'shop': 'tesco', 'url': 'https://www.tesco.com/groceries/en-GB/products/260391973', 'product_name': 'Dr Karg Organic Cheese & Pumpkin Seed Crisp Bread 200G', 'product_price': '£ 2.00', 'product_additionals': '£1.00/100g'}, {'shop': 'tesco', 'url': 'https://www.tesco.com/groceries/en-GB/products/292759370', 'product_name': "Ella's Kitchen Banana & Vanilla Bread Pudding 4X80g", 'product_price': '£ 1.75', 'product_additionals': '£4.87/kg'}, {'shop': 'tesco', 'url': 'https://www.tesco.com/groceries/en-GB/products/279844604', 'product_name': 'Fedon Breadsticks With Sesame Seeds250g', 'product_price': '£ 1.50', 'product_additionals': '£0.60/100g'}, {'shop': 'aldi', 'url': 'https://www.aldi.co.uk/finely-sliced-breaded-ham/p/010021285889300', 'product_name': 'Finely Sliced Breaded Ham', 'product_price': '1.49', 'product_additionals': '£1.49 per 100g'}, {'shop': 'tesco', 'url': 'https://www.tesco.com/groceries/en-GB/products/257800909', 'product_name': 'Finest Triple Chocolate Shortbread 4 Pack', 'product_price': '£ 1.50', 'product_additionals': '£0.38/each'}, {'shop': 'aldi', 'url': 'https://www.aldi.co.uk/flat-bread-thins-cheese-%26-pepper/p/074900259327501', 'product_name': 'Flat Bread Thins Cheese & Pepper', 'product_price': '0.49', 'product_additionals': '98p per 100g'}, {'shop': 'aldi', 'url': 'https://www.aldi.co.uk/flatbread-thin-bites-sweet-chilli/p/074900259327702', 'product_name': 'Flatbread Thin Bites Sweet Chilli', 'product_price': '0.49', 'product_additionals': '98p per 100g'}, {'shop': 'tesco', 'url': 'https://www.tesco.com/groceries/en-GB/products/302181582', 'product_name': 'Fro Oat & Sunflower Seed Crisp Bread 200G', 'product_price': '£ 1.95', 'product_additionals': '£0.98/100g'}, {'shop': 'tesco', 'url': 'https://www.tesco.com/groceries/en-GB/products/302181609', 'product_name': 'Fro Thyme & Sea Salt Crisp Bread 200G', 'product_price': '£ 1.95', 'product_additionals': '£0.98/100g'}, {'shop': 'aldi', 'url': 'https://www.aldi.co.uk/golden-breadcrumbs/p/015497306817301', 'product_name': 'Golden Breadcrumbs', 'product_price': '0.65', 'product_additionals': '37.1p per 100g'}, {'shop': 'tesco', 'url': 'https://www.tesco.com/groceries/en-GB/products/299045570', 'product_name': "H W Nevill's White Bread 800G", 'product_price': '£ 0.36', 'product_additionals': '£0.04/100g'}, {'shop': 'tesco', 'url': 'https://www.tesco.com/groceries/en-GB/products/299045558', 'product_name': "H W Nevill's Wholemeal Bread 800G", 'product_price': '£ 0.36', 'product_additionals': '£0.04/100g'}, {'shop': 'tesco', 'url': 'https://www.tesco.com/groceries/en-GB/products/299587469', 'product_name': 'Hearty Food Co 20 Breaded Chicken Nuggets 320G', 'product_price': '£ 0.85', 'product_additionals': '£2.66/kg'}, {'shop': 'tesco', 'url': 'https://www.tesco.com/groceries/en-GB/products/299596458', 'product_name': 'Hearty Food Co 8 Breaded Chicken Burgers 456G', 'product_price': '£ 0.97', 'product_additionals': '£2.13/kg'}, {'shop': 'tesco', 'url': 'https://www.tesco.com/groceries/en-GB/products/306945888', 'product_name': 'Hearty Food Co. 4 Breaded Chicken Steaks 505G', 'product_price': '£ 1.69', 'product_additionals': '£3.35/kg'}, {'shop': 'tesco', 'url': 'https://www.tesco.com/groceries/en-GB/products/298865009', 'product_name': 'Hearty Food Co. Breaded Chicken Goujons 270G', 'product_price': '£ 1.05', 'product_additionals': '£3.89/kg'}, {'shop': 'tesco', 'url': 'https://www.tesco.com/groceries/en-GB/products/307348073', 'product_name': 'Heat & Enjoy Garlic Bread 200G', 'product_price': '£ 3.00', 'product_additionals': '£15.00/kg'}, {'shop': 'tesco', 'url': 'https://www.tesco.com/groceries/en-GB/products/274811254', 'product_name': 'Hovis 7 Seeds Wholemeal Bread 800G', 'product_price': '£ 1.50', 'product_additionals': '£0.19/100g'}, {'shop': 'tesco', 'url': 'https://www.tesco.com/groceries/en-GB/products/279505857', 'product_name': 'Hovis Best Of Both Medium White Bread 750G', 'product_price': '£ 1.10', 'product_additionals': '£0.15/100g'}, {'shop': 'tesco', 'url': 'https://www.tesco.com/groceries/en-GB/products/279505707', 'product_name': 'Hovis Best Of Both Thick White Bread 750G', 'product_price': '£ 1.10', 'product_additionals': '£0.15/100g'}, {'shop': 'tesco', 'url': 'https://www.tesco.com/groceries/en-GB/products/250871708', 'product_name': 'Hovis Granary Thick Bread 800G', 'product_price': '£ 1.45', 'product_additionals': '£0.18/100g'}, {'shop': 'tesco', 'url': 'https://www.tesco.com/groceries/en-GB/products/254944133', 'product_name': 'Hovis Granary Wholemeal Bread 800G', 'product_price': '£ 1.45', 'product_additionals': '£0.18/100g'}, {'shop': 'tesco', 'url': 'https://www.tesco.com/groceries/en-GB/products/274811214', 'product_name': 'Hovis Original 7 Seeds Bread 800G', 'product_price': '£ 1.50', 'product_additionals': '£0.19/100g'}, {'shop': 'tesco', 'url': 'https://www.tesco.com/groceries/en-GB/products/259747508', 'product_name': 'Hovis Original Granary Bread 400G', 'product_price': '£ 0.95', 'product_additionals': '£0.24/100g'}, {'shop': 'tesco', 'url': 'https://www.tesco.com/groceries/en-GB/products/267363266', 'product_name': 'Hovis Soft White Extra Thick Bread 800G', 'product_price': '£ 1.10', 'product_additionals': '£0.14/100g'}, {'shop': 'tesco', 'url': 'https://www.tesco.com/groceries/en-GB/products/256174499', 'product_name': 'Hovis Soft White Medium Bread 800G', 'product_price': '£ 1.09', 'product_additionals': '£0.14/100g'}, {'shop': 'tesco', 'url': 'https://www.tesco.com/groceries/en-GB/products/254550817', 'product_name': 'Hovis Soft White Thick Bread 800G', 'product_price': '£ 1.10', 'product_additionals': '£0.14/100g'}, {'shop': 'tesco', 'url': 'https://www.tesco.com/groceries/en-GB/products/250829858', 'product_name': 'Hovis Wholemeal Medium Bread 400G', 'product_price': '£ 0.85', 'product_additionals': '£0.21/100g'}, {'shop': 'tesco', 'url': 'https://www.tesco.com/groceries/en-GB/products/255000362', 'product_name': 'Hovis Wholemeal Medium Bread 800G', 'product_price': '£ 1.10', 'product_additionals': '£0.14/100g'}, {'shop': 'tesco', 'url': 'https://www.tesco.com/groceries/en-GB/products/263518014', 'product_name': 'Hovis Wholemeal Thick Bread 800G', 'product_price': '£ 1.10', 'product_additionals': '£0.14/100g'}, {'shop': 'tesco', 'url': 'https://www.tesco.com/groceries/en-GB/products/308093498', 'product_name': "Irwin's Traditional Wheaten Bread", 'product_price': '£ 1.20', 'product_additionals': '£1.20/each'}, {'shop': 'tesco', 'url': 'https://www.tesco.com/groceries/en-GB/products/281840917', 'product_name': 'Jacobs Chive Crisp Bread 190G', 'product_price': '£ 1.49', 'product_additionals': '£0.78/100g'}, {'shop': 'tesco', 'url': 'https://www.tesco.com/groceries/en-GB/products/267077511', 'product_name': 'Jacobs Flatbread Salt & Cracked Black Pepper 150G', 'product_price': '£ 1.79', 'product_additionals': '£1.20/100g'}, {'shop': 'tesco', 'url': 'https://www.tesco.com/groceries/en-GB/products/281841254', 'product_name': 'Jacobs Mixed Grain Crisp Bread 190G', 'product_price': '£ 1.49', 'product_additionals': '£0.78/100g'}, {'shop': 'tesco', 'url': 'https://www.tesco.com/groceries/en-GB/products/261738730', 'product_name': 'Kingsmill 50/50 Medium Bread 800G', 'product_price': '£ 0.85', 'product_additionals': '£0.11/100g'}, {'shop': 'tesco', 'url': 'https://www.tesco.com/groceries/en-GB/products/260630288', 'product_name': 'Kingsmill 50/50 No Crusts Bread 400G', 'product_price': '£ 1.40', 'product_additionals': '£0.35/100g'}, {'shop': 'tesco', 'url': 'https://www.tesco.com/groceries/en-GB/products/252065992', 'product_name': 'Kingsmill 50/50 Thick Bread 800G', 'product_price': '£ 0.85', 'product_additionals': '£0.11/100g'}, {'shop': 'tesco', 'url': 'https://www.tesco.com/groceries/en-GB/products/259804954', 'product_name': 'Kingsmill Soft White Medium Bread 800G', 'product_price': '£ 0.95', 'product_additionals': '£0.12/100g'}, {'shop': 'tesco', 'url': 'https://www.tesco.com/groceries/en-GB/products/259804983', 'product_name': 'Kingsmill Soft White Thick Bread 800G', 'product_price': '£ 0.95', 'product_additionals': '£0.12/100g'}, {'shop': 'tesco', 'url': 'https://www.tesco.com/groceries/en-GB/products/252990345', 'product_name': 'Kingsmill Tasty Wholemeal Medium Bread 800G', 'product_price': '£ 0.95', 'product_additionals': '£0.12/100g'}, {'shop': 'tesco', 'url': 'https://www.tesco.com/groceries/en-GB/products/293417975', 'product_name': 'Marmite Flatbreads 140G', 'product_price': '£ 2.45', 'product_additionals': '£1.75/100g'}, {'shop': 'tesco', 'url': 'https://www.tesco.com/groceries/en-GB/products/308094029', 'product_name': 'Mission 6 Plain Pitta Breads', 'product_price': '£ 0.80', 'product_additionals': '£0.13/each'}, {'shop': 'tesco', 'url': 'https://www.tesco.com/groceries/en-GB/products/306932886', 'product_name': 'Molino Pasini Pizza & Focaccia Bread Mix 1000G', 'product_price': '£ 1.70', 'product_additionals': '£1.70/kg'}, {'shop': 'tesco', 'url': 'https://www.tesco.com/groceries/en-GB/products/301804113', 'product_name': 'Nairns Gluten Free Rosemary & Sea Salt Flatbreads 150G', 'product_price': '£ 1.75', 'product_additionals': '£1.17/100g'}, {'shop': 'tesco', 'url': 'https://www.tesco.com/groceries/en-GB/products/302289949', 'product_name': 'Nishaan Plain Mini Naan Breads 6 Pack 300G', 'product_price': '£ 1.20', 'product_additionals': '£0.40/100g'}, {'shop': 'tesco', 'url': 'https://www.tesco.com/groceries/en-GB/products/307145249', 'product_name': 'Northern Dough Co. Sourdough Bread Dough 440G', 'product_price': '£ 2.50', 'product_additionals': '£0.57/100g'}, {'shop': 'tesco', 'url': 'https://www.tesco.com/groceries/en-GB/products/255335829', 'product_name': 'Organix Gingerbread Men 135G', 'product_price': '£ 2.00', 'product_additionals': '£1.49/100g'}, {'shop': 'tesco', 'url': 'https://www.tesco.com/groceries/en-GB/products/266197791', 'product_name': 'Organix Mini Gingerbread Men 5 X 25G', 'product_price': '£ 2.30', 'product_additionals': '£18.40/kg'}, {'shop': 'aldi', 'url': 'https://www.aldi.co.uk/original-rye-crispbread/p/705395401383800', 'product_name': 'Original Rye Crispbread', 'product_price': '0.59', 'product_additionals': '23.6p per 100g'}, {'shop': 'tesco', 'url': 'https://www.tesco.com/groceries/en-GB/products/250523085', 'product_name': 'Pataks Garlic & Coriander Naan Bread 2 Pack', 'product_price': '£ 1.25', 'product_additionals': '£0.62/each'}, {'shop': 'tesco', 'url': 'https://www.tesco.com/groceries/en-GB/products/259170533', 'product_name': 'Pataks Peshwari Naan Bread 2Pack', 'product_price': '£ 1.25', 'product_additionals': '£0.62/each'}, {'shop': 'tesco', 'url': 'https://www.tesco.com/groceries/en-GB/products/250506912', 'product_name': 'Pataks Plain Naan Bread 2 Pack', 'product_price': '£ 1.25', 'product_additionals': '£0.62/each'}, {'shop': 'tesco', 'url': 'https://www.tesco.com/groceries/en-GB/products/258199403', 'product_name': "Paterson's Shortbread Fingers 380G", 'product_price': '£ 1.00', 'product_additionals': '£0.26/100g'}, {'shop': 'tesco', 'url': 'https://www.tesco.com/groceries/en-GB/products/262106716', 'product_name': 'Paxo Golden Breadcrumbs 227G', 'product_price': '£ 1.10', 'product_additionals': '£4.85/kg'}, {'shop': 'tesco', 'url': 'https://www.tesco.com/groceries/en-GB/products/262106739', 'product_name': 'Paxo Natural Breadcrumbs 227G', 'product_price': '£ 1.10', 'product_additionals': '£4.85/kg'}, {'shop': 'tesco', 'url': 'https://www.tesco.com/groceries/en-GB/products/306805663', 'product_name': 'Paxo Southern Fried Breadcrumbs 200G', 'product_price': '£ 1.30', 'product_additionals': '£6.50/kg'}, {'shop': 'tesco', 'url': 'https://www.tesco.com/groceries/en-GB/products/296844942', 'product_name': 'Polish Bakery Highlander Bread Sourdough 800G', 'product_price': '£ 1.35', 'product_additionals': '£0.17/100g'}, {'shop': 'tesco', 'url': 'https://www.tesco.com/groceries/en-GB/products/263190209', 'product_name': 'Prymat Breadcrumbs 400G', 'product_price': '£ 1.00', 'product_additionals': '£2.50/kg'}, {'shop': 'tesco', 'url': 'https://www.tesco.com/groceries/en-GB/products/301012347', 'product_name': 'Ryvita Chia Seed & Buckwheat Protein Crisp Bread 200G', 'product_price': '£ 1.60', 'product_additionals': '£0.80/100g'}, {'shop': 'tesco', 'url': 'https://www.tesco.com/groceries/en-GB/products/266319153', 'product_name': 'Ryvita Cracked Black Pepper Crisp Bread 5X40g', 'product_price': '£ 0.99', 'product_additionals': '£0.50/100g'}, {'shop': 'tesco', 'url': 'https://www.tesco.com/groceries/en-GB/products/254926368', 'product_name': 'Ryvita Crackerbread 200G', 'product_price': '£ 1.19', 'product_additionals': '£0.60/100g'}, {'shop': 'tesco', 'url': 'https://www.tesco.com/groceries/en-GB/products/256001031', 'product_name': 'Ryvita Dark Rye Crisp Bread 250G', 'product_price': '£ 1.19', 'product_additionals': '£0.48/100g'}, {'shop': 'tesco', 'url': 'https://www.tesco.com/groceries/en-GB/products/261212413', 'product_name': 'Ryvita Fruit Crunch Crisp Bread 200G', 'product_price': '£ 0.99', 'product_additionals': '£0.50/100g'}, {'shop': 'tesco', 'url': 'https://www.tesco.com/groceries/en-GB/products/251107559', 'product_name': 'Ryvita Multigrain Rye Bread 250G', 'product_price': '£ 1.25', 'product_additionals': '£0.50/100g'}, {'shop': 'tesco', 'url': 'https://www.tesco.com/groceries/en-GB/products/256001296', 'product_name': 'Ryvita Original Crisp Bread 250G', 'product_price': '£ 1.19', 'product_additionals': '£0.48/100g'}, {'shop': 'tesco', 'url': 'https://www.tesco.com/groceries/en-GB/products/255269055', 'product_name': 'Ryvita Pumpkin & Oats Crisp Bread 4X50g', 'product_price': '£ 0.99', 'product_additionals': '£0.50/100g'}, {'shop': 'tesco', 'url': 'https://www.tesco.com/groceries/en-GB/products/254926420', 'product_name': 'Ryvita Sesame Crisp Bread 250G', 'product_price': '£ 1.25', 'product_additionals': '£0.50/100g'}, {'shop': 'tesco', 'url': 'https://www.tesco.com/groceries/en-GB/products/263232582', 'product_name': 'Ryvita Whole- Grain Cracker- Bread 125G', 'product_price': '£ 1.19', 'product_additionals': '£0.95/100g'}, {'shop': 'tesco', 'url': 'https://www.tesco.com/groceries/en-GB/products/268890894', 'product_name': 'Schar Crisp Bread 150G', 'product_price': '£ 1.30', 'product_additionals': '£0.87/100g'}, {'shop': 'aldi', 'url': 'https://www.aldi.co.uk/sesame-crispbread/p/705396401384000', 'product_name': 'Sesame Crispbread', 'product_price': '0.59', 'product_additionals': '23.6p per 100g'}, {'shop': 'tesco', 'url': 'https://www.tesco.com/groceries/en-GB/products/308482988', 'product_name': 'Simplycook Lamb Kofta Flatbread Recipe Kit 65G', 'product_price': '£ 2.50', 'product_additionals': '£3.85/100g'}, {'shop': 'aldi', 'url': 'https://www.aldi.co.uk/soft-white-thick-bread/p/701827332875700', 'product_name': 'Soft White Thick Bread', 'product_price': '1.10', 'product_additionals': '13.8p per 100g'}, {'shop': 'aldi', 'url': 'https://www.aldi.co.uk/stonebaked-flatbread-chicken-%26-mango/p/705761383096600', 'product_name': 'Stonebaked Flatbread Chicken & Mango', 'product_price': '1.75', 'product_additionals': '44.9p per 100g'}, {'shop': 'tesco', 'url': 'https://www.tesco.com/groceries/en-GB/products/286242984', 'product_name': 'T.Sunblush Tomato Tomato & Garlic Flatbread 235G', 'product_price': '£ 1.60', 'product_additionals': '£0.68/100g'}, {'shop': 'tesco', 'url': 'https://www.tesco.com/groceries/en-GB/products/308110957', 'product_name': 'Tesco 10 Mini Easter Gingerbread Men', 'product_price': '£ 1.00', 'product_additionals': '£0.10/each'}, {'shop': 'tesco', 'url': 'https://www.tesco.com/groceries/en-GB/products/281260313', 'product_name': 'Tesco 2 Breaded Chicken Breast Fillets 350', 'product_price': '£ 3.00', 'product_additionals': '£8.58/kg'}, {'shop': 'tesco', 'url': 'https://www.tesco.com/groceries/en-GB/products/271523387', 'product_name': 'Tesco 2 Breaded Chunky Cod Fillets 350G', 'product_price': '£ 3.50', 'product_additionals': '£10.00/kg'}, {'shop': 'tesco', 'url': 'https://www.tesco.com/groceries/en-GB/products/271529162', 'product_name': 'Tesco 2 Breaded Chunky Haddock Fillets 350G', 'product_price': '£ 3.50', 'product_additionals': '£10.00/kg'}, {'shop': 'tesco', 'url': 'https://www.tesco.com/groceries/en-GB/products/304381123', 'product_name': 'Tesco 2 Breaded Cod Fillets 300G', 'product_price': '£ 2.75', 'product_additionals': '£9.17/kg'}, {'shop': 'tesco', 'url': 'https://www.tesco.com/groceries/en-GB/products/259208151', 'product_name': 'Tesco 2 Pack Bread & Butter Pudding 2 X 120G', 'product_price': '£ 2.00', 'product_additionals': '£0.83/100g'}, {'shop': 'tesco', 'url': 'https://www.tesco.com/groceries/en-GB/products/304377590', 'product_name': 'Tesco 2 Pack Breaded Garlic Chicken Kievs 260G', 'product_price': '£ 2.00', 'product_additionals': '£7.70/kg'}, {'shop': 'tesco', 'url': 'https://www.tesco.com/groceries/en-GB/products/303315815', 'product_name': 'Tesco 2 Plain Naan Breads', 'product_price': '£ 0.75', 'product_additionals': '£0.38/each'}, {'shop': 'tesco', 'url': 'https://www.tesco.com/groceries/en-GB/products/281260768', 'product_name': 'Tesco 2 Southern Fried Breaded Chicken Fillets 300G', 'product_price': '£ 3.00', 'product_additionals': '£10.00/kg'}, {'shop': 'tesco', 'url': 'https://www.tesco.com/groceries/en-GB/products/271023178', 'product_name': 'Tesco 30 Breaded Chicken Breast Nuggets 450G', 'product_price': '£ 1.50', 'product_additionals': '£3.34/kg'}, {'shop': 'tesco', 'url': 'https://www.tesco.com/groceries/en-GB/products/286932070', 'product_name': 'Tesco 30 Mini Gingerbread 330G', 'product_price': '£ 1.80', 'product_additionals': '£0.55/100g'}, {'shop': 'tesco', 'url': 'https://www.tesco.com/groceries/en-GB/products/274730488', 'product_name': 'Tesco 30 Mini Gingerbread Men 270G', 'product_price': '£ 1.80', 'product_additionals': '£0.67/100g'}, {'shop': 'tesco', 'url': 'https://www.tesco.com/groceries/en-GB/products/297683100', 'product_name': 'Tesco 4 Breaded Chicken Steaks 380G', 'product_price': '£ 1.65', 'product_additionals': '£4.35/kg'}, {'shop': 'tesco', 'url': 'https://www.tesco.com/groceries/en-GB/products/264567506', 'product_name': 'Tesco 4 Breaded Chicken Steaks 505G', 'product_price': '£ 2.50', 'product_additionals': '£4.96/kg'}, {'shop': 'tesco', 'url': 'https://www.tesco.com/groceries/en-GB/products/258609605', 'product_name': 'Tesco 4 Breaded Chunky Prime Cod Fillets 500G', 'product_price': '£ 3.60', 'product_additionals': '£7.20/kg'}, {'shop': 'tesco', 'url': 'https://www.tesco.com/groceries/en-GB/products/266195171', 'product_name': 'Tesco 4 Breaded Cod Fillets 500G', 'product_price': '£ 3.00', 'product_additionals': '£6.00/kg'}, {'shop': 'tesco', 'url': 'https://www.tesco.com/groceries/en-GB/products/290017687', 'product_name': 'Tesco 4 Breaded Cod Fishcakes 340G', 'product_price': '£ 2.00', 'product_additionals': '£5.89/kg'}, {'shop': 'tesco', 'url': 'https://www.tesco.com/groceries/en-GB/products/305731289', 'product_name': 'Tesco 4 Breaded Plaice Fillets 500G', 'product_price': '£ 4.00', 'product_additionals': '£8.00/kg'}, {'shop': 'tesco', 'url': 'https://www.tesco.com/groceries/en-GB/products/293535996', 'product_name': 'Tesco 4 Cheese & Bacon Breaded Chicken Kievs 500G', 'product_price': '£ 2.50', 'product_additionals': '£0.50/100g'}, {'shop': 'tesco', 'url': 'https://www.tesco.com/groceries/en-GB/products/264322746', 'product_name': 'Tesco 4 Garlic Butter Breaded Chicken Kievs 500G', 'product_price': '£ 2.50', 'product_additionals': '£5.00/kg'}, {'shop': 'tesco', 'url': 'https://www.tesco.com/groceries/en-GB/products/264567593', 'product_name': 'Tesco 4 Southern Fried Breaded Chicken Steaks 505G', 'product_price': '£ 2.50', 'product_additionals': '£4.96/kg'}, {'shop': 'tesco', 'url': 'https://www.tesco.com/groceries/en-GB/products/305527187', 'product_name': 'Tesco 5 Decorate Your Own Gingerbread Easter Egg Kit', 'product_price': '£ 1.80', 'product_additionals': '£0.36/each'}, {'shop': 'tesco', 'url': 'https://www.tesco.com/groceries/en-GB/products/274684882', 'product_name': 'Tesco 5 Gingerbread Men Kit 174G', 'product_price': '£ 1.80', 'product_additionals': '£0.36/each'}, {'shop': 'tesco', 'url': 'https://www.tesco.com/groceries/en-GB/products/291376265', 'product_name': 'Tesco 6 Multiseed Folded Flatbreads', 'product_price': '£ 0.79', 'product_additionals': '£0.13/each'}, {'shop': 'tesco', 'url': 'https://www.tesco.com/groceries/en-GB/products/272651665', 'product_name': 'Tesco 6 Pack Mini Breadsticks 120G', 'product_price': '£ 1.30', 'product_additionals': '£1.09/100g'}, {'shop': 'tesco', 'url': 'https://www.tesco.com/groceries/en-GB/products/254945564', 'product_name': 'Tesco 6 White Pitta Bread', 'product_price': '£ 0.45', 'product_additionals': '£0.08/each'}, {'shop': 'tesco', 'url': 'https://www.tesco.com/groceries/en-GB/products/254945610', 'product_name': 'Tesco 6 Wholemeal Pitta Bread', 'product_price': '£ 0.45', 'product_additionals': '£0.08/each'}, {'shop': 'tesco', 'url': 'https://www.tesco.com/groceries/en-GB/products/289806238', 'product_name': 'Tesco 72 Breaded Chicken Nuggets 1Kg', 'product_price': '£ 3.15', 'product_additionals': '£3.15/kg'}, {'shop': 'tesco', 'url': 'https://www.tesco.com/groceries/en-GB/products/307353826', 'product_name': 'Tesco All Butter Chocolate Chip Shortbread 180G', 'product_price': '£ 1.00', 'product_additionals': '£0.56/100g'}, {'shop': 'tesco', 'url': 'https://www.tesco.com/groceries/en-GB/products/307342027', 'product_name': 'Tesco All Butter Shortbread Fingers 250G', 'product_price': '£ 0.69', 'product_additionals': '£0.28/100g'}, {'shop': 'tesco', 'url': 'https://www.tesco.com/groceries/en-GB/products/303629513', 'product_name': 'Tesco Both Together Bread 800G', 'product_price': '£ 0.59', 'product_additionals': '£0.07/100g'}, {'shop': 'tesco', 'url': 'https://www.tesco.com/groceries/en-GB/products/254482788', 'product_name': 'Tesco Bread & Butter Pudding 500G', 'product_price': '£ 2.80', 'product_additionals': '£0.56/100g'}, {'shop': 'tesco', 'url': 'https://www.tesco.com/groceries/en-GB/products/279935929', 'product_name': 'Tesco Breaded Chicken Goujons 270G', 'product_price': '£ 2.00', 'product_additionals': '£7.41/kg'}, {'shop': 'tesco', 'url': 'https://www.tesco.com/groceries/en-GB/products/285091909', 'product_name': 'Tesco Breaded Chicken Goujons 540G', 'product_price': '£ 3.75', 'product_additionals': '£6.95/kg'}, {'shop': 'tesco', 'url': 'https://www.tesco.com/groceries/en-GB/products/264566899', 'product_name': 'Tesco Breaded Chicken Mini Fillets 305G', 'product_price': '£ 2.50', 'product_additionals': '£8.20/kg'}, {'shop': 'tesco', 'url': 'https://www.tesco.com/groceries/en-GB/products/293507310', 'product_name': 'Tesco Breaded Chicken Strips 300G', 'product_price': '£ 2.00', 'product_additionals': '£0.67/100g'}, {'shop': 'tesco', 'url': 'https://www.tesco.com/groceries/en-GB/products/262083592', 'product_name': 'Tesco Breaded Mini Chicken Fillets 300G', 'product_price': '£ 2.00', 'product_additionals': '£6.67/kg'}, {'shop': 'tesco', 'url': 'https://www.tesco.com/groceries/en-GB/products/257218318', 'product_name': 'Tesco Breaded Onion Rings 750G', 'product_price': '£ 1.25', 'product_additionals': '£1.67/kg'}, {'shop': 'tesco', 'url': 'https://www.tesco.com/groceries/en-GB/products/299054069', 'product_name': 'Tesco Breaded Wholetail Scampi 200G', 'product_price': '£ 3.00', 'product_additionals': '£15.00/kg'}, {'shop': 'tesco', 'url': 'https://www.tesco.com/groceries/en-GB/products/286265277', 'product_name': 'Tesco Cheese & Garlic Flatbread 230G', 'product_price': '£ 1.60', 'product_additionals': '£0.70/100g'}, {'shop': 'tesco', 'url': 'https://www.tesco.com/groceries/en-GB/products/299557298', 'product_name': 'Tesco Cheese & Garlic Pizza Bread 210G', 'product_price': '£ 1.00', 'product_additionals': '£4.77/kg'}, {'shop': 'tesco', 'url': 'https://www.tesco.com/groceries/en-GB/products/252109642', 'product_name': 'Tesco Cheese & Tomato Flatbread 225G', 'product_price': '£ 1.25', 'product_additionals': '£0.56/100g'}, {'shop': 'tesco', 'url': 'https://www.tesco.com/groceries/en-GB/products/285498135', 'product_name': 'Tesco Corn Bread', 'product_price': '£ 1.60', 'product_additionals': '£1.60/each'}, {'shop': 'tesco', 'url': 'https://www.tesco.com/groceries/en-GB/products/305834981', 'product_name': 'Tesco Finest 4 Millionaire Shortbread Slices', 'product_price': '£ 2.25', 'product_additionals': '£2.25/each'}, {'shop': 'tesco', 'url': 'https://www.tesco.com/groceries/en-GB/products/299936610', 'product_name': 'Tesco Finest Basil Pesto & Tomato Flatbread 245G', 'product_price': '£ 2.45', 'product_additionals': '£1.00/100g'}, {'shop': 'tesco', 'url': 'https://www.tesco.com/groceries/en-GB/products/286266161', 'product_name': 'Tesco Finest Cheddar Red Onion Mini Flatbreads 295G', 'product_price': '£ 2.45', 'product_additionals': '£0.83/100g'}, {'shop': 'tesco', 'url': 'https://www.tesco.com/groceries/en-GB/products/307137419', 'product_name': 'Tesco Finest Free From Seeded Bread 400G', 'product_price': '£ 2.50', 'product_additionals': '£0.62/100g'}, {'shop': 'tesco', 'url': 'https://www.tesco.com/groceries/en-GB/products/307152724', 'product_name': 'Tesco Finest Free From Tiger Bread 400G', 'product_price': '£ 2.50', 'product_additionals': '£0.62/100g'}, {'shop': 'tesco', 'url': 'https://www.tesco.com/groceries/en-GB/products/306818969', 'product_name': 'Tesco Finest Fruited Sourdough Bread 400G', 'product_price': '£ 1.60', 'product_additionals': '£0.40/100g'}, {'shop': 'tesco', 'url': 'https://www.tesco.com/groceries/en-GB/products/304797553', 'product_name': 'Tesco Finest Garlic & Extra Virgin Olive Oil Flatbread 200G', 'product_price': '£ 2.45', 'product_additionals': '£1.23/100g'}, {'shop': 'tesco', 'url': 'https://www.tesco.com/groceries/en-GB/products/306824605', 'product_name': 'Tesco Finest Gingerbread Latte Cream Liqueur 70Cl', 'product_price': '£ 10.00', 'product_additionals': '£14.29/litre'}, {'shop': 'tesco', 'url': 'https://www.tesco.com/groceries/en-GB/products/256089410', 'product_name': 'Tesco Finest Scottish Shortbread Fingers 165G', 'product_price': '£ 1.35', 'product_additionals': '£0.82/100g'}, {'shop': 'tesco', 'url': 'https://www.tesco.com/groceries/en-GB/products/257911663', 'product_name': 'Tesco Finest Shortbread Assortment 400G', 'product_price': '£ 3.00', 'product_additionals': '£0.75/100g'}, {'shop': 'tesco', 'url': 'https://www.tesco.com/groceries/en-GB/products/305836218', 'product_name': 'Tesco Finest Wholemeal Seeds And Grains Bread 400G', 'product_price': '£ 0.79', 'product_additionals': '£0.20/100g'}, {'shop': 'tesco', 'url': 'https://www.tesco.com/groceries/en-GB/products/305737088', 'product_name': 'Tesco Finest Wholemeal Seeds And Grains Bread 800G', 'product_price': '£ 1.10', 'product_additionals': '£0.14/100g'}, {'shop': 'tesco', 'url': 'https://www.tesco.com/groceries/en-GB/products/291376220', 'product_name': 'Tesco Folded Flatbreads Plain 6 Pack', 'product_price': '£ 0.79', 'product_additionals': '£0.13/each'}, {'shop': 'tesco', 'url': 'https://www.tesco.com/groceries/en-GB/products/281865600', 'product_name': 'Tesco Free From 4 Breaded Chicken Steaks 380G', 'product_price': '£ 3.75', 'product_additionals': '£9.87/kg'}, {'shop': 'tesco', 'url': 'https://www.tesco.com/groceries/en-GB/products/298864892', 'product_name': 'Tesco Free From Breaded Chicken Goujons 270G', 'product_price': '£ 2.00', 'product_additionals': '£7.41/kg'}, {'shop': 'tesco', 'url': 'https://www.tesco.com/groceries/en-GB/products/299587383', 'product_name': 'Tesco Free From Breaded Chicken Goujons 300G', 'product_price': '£ 2.50', 'product_additionals': '£8.34/kg'}, {'shop': 'tesco', 'url': 'https://www.tesco.com/groceries/en-GB/products/281509384', 'product_name': 'Tesco Free From Brown Bread 550G', 'product_price': '£ 1.80', 'product_additionals': '£0.33/100g'}, {'shop': 'tesco', 'url': 'https://www.tesco.com/groceries/en-GB/products/304392571', 'product_name': 'Tesco Free From Gingerbread Men 154G', 'product_price': '£ 1.50', 'product_additionals': '£0.97/100g'}, {'shop': 'tesco', 'url': 'https://www.tesco.com/groceries/en-GB/products/304378272', 'product_name': 'Tesco Free From Shortbread 160G', 'product_price': '£ 1.50', 'product_additionals': '£0.94/100g'}, {'shop': 'tesco', 'url': 'https://www.tesco.com/groceries/en-GB/products/276605133', 'product_name': 'Tesco Free From Sliced White Bread 550G', 'product_price': '£ 1.80', 'product_additionals': '£0.33/100g'}, {'shop': 'tesco', 'url': 'https://www.tesco.com/groceries/en-GB/products/286264762', 'product_name': 'Tesco Garlic & & Rosemary Flatbread 220G', 'product_price': '£ 1.60', 'product_additionals': '£0.73/100g'}, {'shop': 'tesco', 'url': 'https://www.tesco.com/groceries/en-GB/products/252109688', 'product_name': 'Tesco Garlic & Parsley Flatbread 210G', 'product_price': '£ 1.25', 'product_additionals': '£0.60/100g'}, {'shop': 'tesco', 'url': 'https://www.tesco.com/groceries/en-GB/products/293723399', 'product_name': 'Tesco Garlic Breaded Mushrooms 400G', 'product_price': '£ 1.25', 'product_additionals': '£3.13/kg'}, {'shop': 'tesco', 'url': 'https://www.tesco.com/groceries/en-GB/products/288610223', 'product_name': 'Tesco Garlic Flatbread 255G', 'product_price': '£ 2.00', 'product_additionals': '£0.78/100g'}, {'shop': 'tesco', 'url': 'https://www.tesco.com/groceries/en-GB/products/289573832', 'product_name': 'Tesco Gingerbread Mix 225G', 'product_price': '£ 1.00', 'product_additionals': '£0.44/100g'}, {'shop': 'tesco', 'url': 'https://www.tesco.com/groceries/en-GB/products/278834077', 'product_name': 'Tesco Golden Breadcrumbs 175G', 'product_price': '£ 0.80', 'product_additionals': '£4.58/kg'}, {'shop': 'tesco', 'url': 'https://www.tesco.com/groceries/en-GB/products/267285351', 'product_name': 'Tesco Hot & Spicy Breaded Chicken Mini Fillets 305G', 'product_price': '£ 2.50', 'product_additionals': '£8.20/kg'}, {'shop': 'tesco', 'url': 'https://www.tesco.com/groceries/en-GB/products/256236588', 'product_name': 'Tesco Indian Naan Breads 320G', 'product_price': '£ 1.00', 'product_additionals': '£0.31/100g'}, {'shop': 'tesco', 'url': 'https://www.tesco.com/groceries/en-GB/products/291376334', 'product_name': 'Tesco Malted Grain & Rye Folded Flatbread 6 Pack', 'product_price': '£ 0.79', 'product_additionals': '£0.13/each'}, {'shop': 'tesco', 'url': 'https://www.tesco.com/groceries/en-GB/products/285024271', 'product_name': 'Tesco Multiseed Bread Mix 500G', 'product_price': '£ 0.85', 'product_additionals': '£1.70/kg'}, {'shop': 'tesco', 'url': 'https://www.tesco.com/groceries/en-GB/products/258083897', 'product_name': 'Tesco Original Breadsticks 125G', 'product_price': '£ 0.84', 'product_additionals': '£0.67/100g'}, {'shop': 'tesco', 'url': 'https://www.tesco.com/groceries/en-GB/products/251697723', 'product_name': 'Tesco Original Mini Breadsticks 100G', 'product_price': '£ 1.00', 'product_additionals': '£1.00/100g'}, {'shop': 'tesco', 'url': 'https://www.tesco.com/groceries/en-GB/products/294706637', 'product_name': 'Tesco Original Rye Crisp Bread 250G', 'product_price': '£ 0.69', 'product_additionals': '£0.28/100g'}, {'shop': 'tesco', 'url': 'https://www.tesco.com/groceries/en-GB/products/268582625', 'product_name': 'Tesco Panko Breadcrumbs 150G', 'product_price': '£ 1.60', 'product_additionals': '£10.67/kg'}, {'shop': 'tesco', 'url': 'https://www.tesco.com/groceries/en-GB/products/278104918', 'product_name': 'Tesco Peshwari Naan Breads 2 Pack 260G', 'product_price': '£ 0.95', 'product_additionals': '£0.37/100g'}, {'shop': 'tesco', 'url': 'https://www.tesco.com/groceries/en-GB/products/304784469', 'product_name': 'Tesco Plant Chef Breaded Goujons 190G', 'product_price': '£ 1.50', 'product_additionals': '£7.90/kg'}, {'shop': 'tesco', 'url': 'https://www.tesco.com/groceries/en-GB/products/306493425', 'product_name': 'Tesco Plant Chef Breaded Meat Free Nuggets 180G', 'product_price': '£ 1.50', 'product_additionals': '£8.34/kg'}, {'shop': 'tesco', 'url': 'https://www.tesco.com/groceries/en-GB/products/305727843', 'product_name': 'Tesco Plant Chef Breaded Nuggets 320G', 'product_price': '£ 1.75', 'product_additionals': '£0.55/100g'}, {'shop': 'tesco', 'url': 'https://www.tesco.com/groceries/en-GB/products/308079929', 'product_name': 'Tesco Seasonal Gingerbread Biscuit', 'product_price': '£ 0.60', 'product_additionals': '£0.60/each'}, {'shop': 'tesco', 'url': 'https://www.tesco.com/groceries/en-GB/products/265940149', 'product_name': 'Tesco Sesame Breadsticks 125G', 'product_price': '£ 0.84', 'product_additionals': '£0.67/100g'}, {'shop': 'tesco', 'url': 'https://www.tesco.com/groceries/en-GB/products/294706650', 'product_name': 'Tesco Sesame Rye Crisp Bread 250G', 'product_price': '£ 0.69', 'product_additionals': '£0.28/100g'}, {'shop': 'tesco', 'url': 'https://www.tesco.com/groceries/en-GB/products/293574661', 'product_name': 'Tesco Shortbread Petticoat Tails 450G', 'product_price': '£ 2.00', 'product_additionals': '£0.44/100g'}, {'shop': 'tesco', 'url': 'https://www.tesco.com/groceries/en-GB/products/264566997', 'product_name': 'Tesco Southern Fried Breaded Chicken Mini Fillets 305G', 'product_price': '£ 2.50', 'product_additionals': '£8.20/kg'}, {'shop': 'tesco', 'url': 'https://www.tesco.com/groceries/en-GB/products/254917926', 'product_name': 'Tesco Strong Stone Ground 100% Wholemeal Bread Flour 1.5Kg', 'product_price': '£ 1.20', 'product_additionals': '£0.80/kg'}, {'shop': 'tesco', 'url': 'https://www.tesco.com/groceries/en-GB/products/299425748', 'product_name': 'Tesco Toastie White Bread Thick 800G', 'product_price': '£ 0.59', 'product_additionals': '£0.07/100g'}, {'shop': 'tesco', 'url': 'https://www.tesco.com/groceries/en-GB/products/299425760', 'product_name': 'Tesco Toastie Wholemeal Thick Bread 800G', 'product_price': '£ 0.59', 'product_additionals': '£0.07/100g'}, {'shop': 'tesco', 'url': 'https://www.tesco.com/groceries/en-GB/products/289597812', 'product_name': 'Tesco Very Strong Canadian Bread Flour 1Kg', 'product_price': '£ 1.35', 'product_additionals': '£1.35/kg'}, {'shop': 'tesco', 'url': 'https://www.tesco.com/groceries/en-GB/products/299389116', 'product_name': 'Tesco White Bread 800G', 'product_price': '£ 0.59', 'product_additionals': '£0.07/100g'}, {'shop': 'tesco', 'url': 'https://www.tesco.com/groceries/en-GB/products/301063378', 'product_name': 'Tesco White Breadcrumbs 175G', 'product_price': '£ 0.80', 'product_additionals': '£0.46/100g'}, {'shop': 'tesco', 'url': 'https://www.tesco.com/groceries/en-GB/products/299425783', 'product_name': 'Tesco Wholemeal Medium Bread 800G', 'product_price': '£ 0.59', 'product_additionals': '£0.07/100g'}, {'shop': 'tesco', 'url': 'https://www.tesco.com/groceries/en-GB/products/270953414', 'product_name': 'Tesco Wholetail Breaded Scampi 280G', 'product_price': '£ 3.00', 'product_additionals': '£10.72/kg'}, {'shop': 'tesco', 'url': 'https://www.tesco.com/groceries/en-GB/products/302744625', 'product_name': 'The Artisan Bread Co Garlic & Basil Sticks 100G', 'product_price': '£ 1.60', 'product_additionals': '£1.60/100g'}, {'shop': 'tesco', 'url': 'https://www.tesco.com/groceries/en-GB/products/302744055', 'product_name': 'The Artisan Bread Co Garlic & Chilli Flatbread 75G', 'product_price': '£ 1.60', 'product_additionals': '£2.14/100g'}, {'shop': 'tesco', 'url': 'https://www.tesco.com/groceries/en-GB/products/302743880', 'product_name': 'The Artisan Bread Company Classic Breadsticks 150G', 'product_price': '£ 1.60', 'product_additionals': '£1.07/100g'}, {'shop': 'tesco', 'url': 'https://www.tesco.com/groceries/en-GB/products/302744019', 'product_name': 'The Artisan Bread Company Rosemary Breadsticks 150G', 'product_price': '£ 1.60', 'product_additionals': '£1.07/100g'}, {'shop': 'tesco', 'url': 'https://www.tesco.com/groceries/en-GB/products/302744032', 'product_name': 'The Artisan Bread Company Sesame Breadsticks 150G', 'product_price': '£ 1.60', 'product_additionals': '£1.07/100g'}, {'shop': 'tesco', 'url': 'https://www.tesco.com/groceries/en-GB/products/300954309', 'product_name': 'The Artisan Bread Company Wheat Toast 125G', 'product_price': '£ 1.60', 'product_additionals': '£1.28/100g'}, {'shop': 'tesco', 'url': 'https://www.tesco.com/groceries/en-GB/products/304408969', 'product_name': 'The Pizza Company Deep Filled Garlic Bread 2 Pack 230G', 'product_price': '£ 3.00', 'product_additionals': '£1.31/100g'}, {'shop': 'tesco', 'url': 'https://www.tesco.com/groceries/en-GB/products/267662020', 'product_name': 'The Polish Bakery Brown Bread 400G', 'product_price': '£ 0.75', 'product_additionals': '£0.19/100g'}, {'shop': 'tesco', 'url': 'https://www.tesco.com/groceries/en-GB/products/267661977', 'product_name': "The Polish Bakery Granny's Sesame Seed Bread 400G", 'product_price': '£ 1.10', 'product_additionals': '£0.28/100g'}, {'shop': 'tesco', 'url': 'https://www.tesco.com/groceries/en-GB/products/265412971', 'product_name': 'The Polish Bakery Half Wheat Half Rye Bread 400G', 'product_price': '£ 0.70', 'product_additionals': '£0.18/100g'}, {'shop': 'tesco', 'url': 'https://www.tesco.com/groceries/en-GB/products/265412994', 'product_name': 'The Polish Bakery Half Wheat Half Rye Bread 900G', 'product_price': '£ 1.20', 'product_additionals': '£0.13/100g'}, {'shop': 'tesco', 'url': 'https://www.tesco.com/groceries/en-GB/products/296844907', 'product_name': 'The Polish Bakery Pumpkin Bread 500G', 'product_price': '£ 1.85', 'product_additionals': '£0.37/100g'}, {'shop': 'tesco', 'url': 'https://www.tesco.com/groceries/en-GB/products/267662008', 'product_name': 'The Polish Bakery Sunflower Seed Bread 400G', 'product_price': '£ 0.75', 'product_additionals': '£0.19/100g'}, {'shop': 'aldi', 'url': 'https://www.aldi.co.uk/thins-multi-seed-flatbread/p/064611260939602', 'product_name': 'Thins Multi-seed Flatbread', 'product_price': '0.99', 'product_additionals': '79.2p per 100g'}, {'shop': 'tesco', 'url': 'https://www.tesco.com/groceries/en-GB/products/272960719', 'product_name': 'Three Cheese Bread', 'product_price': '£ 1.60', 'product_additionals': '£1.60/each'}, {'shop': 'aldi', 'url': 'https://www.aldi.co.uk/toastie-thick-soft-white-bread/p/047096003773200', 'product_name': 'Toastie Thick Soft White Bread', 'product_price': '1.10', 'product_additionals': '13.8p per 100g'}, {'shop': 'tesco', 'url': 'https://www.tesco.com/groceries/en-GB/products/307135618', 'product_name': 'Trek Power Millionaire Shortbread Bar 55G', 'product_price': '£ 1.75', 'product_additionals': '£3.19/100g'}, {'shop': 'aldi', 'url': 'https://www.aldi.co.uk/village-bakery-wholemeal-pitta-bread/p/066192386427601', 'product_name': 'Village Bakery Wholemeal Pitta Bread', 'product_price': '0.35', 'product_additionals': '5.8p each'}, {'shop': 'tesco', 'url': 'https://www.tesco.com/groceries/en-GB/products/300810619', 'product_name': 'Warburtons Country White Bread 400G', 'product_price': '£ 2.00', 'product_additionals': '£0.50/100g'}, {'shop': 'tesco', 'url': 'https://www.tesco.com/groceries/en-GB/products/255727936', 'product_name': 'Warburtons Danish Sliced White Bread 400G', 'product_price': '£ 0.95', 'product_additionals': '£0.24/100g'}, {'shop': 'tesco', 'url': 'https://www.tesco.com/groceries/en-GB/products/250168194', 'product_name': 'Warburtons Farmhouse White Bread 800G', 'product_price': '£ 1.20', 'product_additionals': '£0.15/100g'}, {'shop': 'tesco', 'url': 'https://www.tesco.com/groceries/en-GB/products/304371279', 'product_name': 'Warburtons Half And Half Medium Bread 800G', 'product_price': '£ 1.05', 'product_additionals': '£0.13/100g'}, {'shop': 'tesco', 'url': 'https://www.tesco.com/groceries/en-GB/products/300810591', 'product_name': 'Warburtons Malted Grain & Seeds Bread 400G', 'product_price': '£ 1.50', 'product_additionals': '£0.38/100g'}, {'shop': 'tesco', 'url': 'https://www.tesco.com/groceries/en-GB/products/254942331', 'product_name': 'Warburtons Medium Sliced White Bread 400G', 'product_price': '£ 0.90', 'product_additionals': '£0.22/100g'}, {'shop': 'tesco', 'url': 'https://www.tesco.com/groceries/en-GB/products/254942325', 'product_name': 'Warburtons Medium Sliced White Bread 800G', 'product_price': '£ 1.10', 'product_additionals': '£0.14/100g'}, {'shop': 'tesco', 'url': 'https://www.tesco.com/groceries/en-GB/products/254942734', 'product_name': 'Warburtons Milk Roll Sliced White Bread 400G', 'product_price': '£ 0.90', 'product_additionals': '£0.22/100g'}, {'shop': 'tesco', 'url': 'https://www.tesco.com/groceries/en-GB/products/300810631', 'product_name': 'Warburtons Multi Grain & Seed Bread 400G', 'product_price': '£ 2.00', 'product_additionals': '£0.50/100g'}, {'shop': 'tesco', 'url': 'https://www.tesco.com/groceries/en-GB/products/300810579', 'product_name': 'Warburtons Old English White Bread 400G', 'product_price': '£ 1.50', 'product_additionals': '£0.38/100g'}, {'shop': 'tesco', 'url': 'https://www.tesco.com/groceries/en-GB/products/251738895', 'product_name': 'Warburtons Seeded Batch Bread 400G', 'product_price': '£ 0.90', 'product_additionals': '£0.22/100g'}, {'shop': 'tesco', 'url': 'https://www.tesco.com/groceries/en-GB/products/257269645', 'product_name': 'Warburtons Seeded Batch Bread 800G', 'product_price': '£ 1.40', 'product_additionals': '£0.18/100g'}, {'shop': 'tesco', 'url': 'https://www.tesco.com/groceries/en-GB/products/268104801', 'product_name': 'Warburtons Sliced Tiger Bread 600G', 'product_price': '£ 1.35', 'product_additionals': '£0.22/100g'}, {'shop': 'tesco', 'url': 'https://www.tesco.com/groceries/en-GB/products/299608331', 'product_name': 'Warburtons Thoroughbread Lancashire 800G', 'product_price': '£ 1.40', 'product_additionals': '£0.18/100g'}, {'shop': 'tesco', 'url': 'https://www.tesco.com/groceries/en-GB/products/254942354', 'product_name': 'Warburtons Toastie Sliced White Bread 400G', 'product_price': '£ 0.85', 'product_additionals': '£0.21/100g'}, {'shop': 'tesco', 'url': 'https://www.tesco.com/groceries/en-GB/products/254942348', 'product_name': 'Warburtons Toastie Sliced White Bread 800G', 'product_price': '£ 1.10', 'product_additionals': '£0.14/100g'}, {'shop': 'tesco', 'url': 'https://www.tesco.com/groceries/en-GB/products/302088635', 'product_name': 'Warburtons White Farmhouse Bread 400G', 'product_price': '£ 1.00', 'product_additionals': '£0.25/100g'}, {'shop': 'tesco', 'url': 'https://www.tesco.com/groceries/en-GB/products/302385928', 'product_name': 'Warburtons White Gluten Free Bread Sourdough 400G', 'product_price': '£ 3.40', 'product_additionals': '£0.85/100g'}, {'shop': 'tesco', 'url': 'https://www.tesco.com/groceries/en-GB/products/254944283', 'product_name': 'Warburtons Wholemeal Medium Bread 400G', 'product_price': '£ 0.85', 'product_additionals': '£0.21/100g'}, {'shop': 'tesco', 'url': 'https://www.tesco.com/groceries/en-GB/products/254944260', 'product_name': 'Warburtons Wholemeal Medium Bread 800G', 'product_price': '£ 1.05', 'product_additionals': '£0.13/100g'}, {'shop': 'tesco', 'url': 'https://www.tesco.com/groceries/en-GB/products/256641396', 'product_name': 'Weight Watchers Malted Danish Sliced Bread 400G', 'product_price': '£ 1.00', 'product_additionals': '£0.25/100g'}, {'shop': 'tesco', 'url': 'https://www.tesco.com/groceries/en-GB/products/303630499', 'product_name': 'Whitby Seafoods Breaded Scampi Bites 190G', 'product_price': '£ 1.00', 'product_additionals': '£5.27/kg'}, {'shop': 'tesco', 'url': 'https://www.tesco.com/groceries/en-GB/products/303391723', 'product_name': 'Youngs Simply Breaded 4 Large Cod Fillets 440G', 'product_price': '£ 4.00', 'product_additionals': '£9.10/kg'}, {'shop': 'tesco', 'url': 'https://www.tesco.com/groceries/en-GB/products/303391625', 'product_name': 'Youngs Simply Breaded Omega 3 4 Fish Fillets 400G', 'product_price': '£ 2.40', 'product_additionals': '£6.00/kg'}]


x[{'shop': 'tesco', 'url': 'https://www.tesco.com/groceries/en-GB/products/254945564', 'product_name': 'Tesco 6 White Pitta Bread', 'product_price': '£ 0.45', 'product_additionals': '£0.08/each'}, {'shop': 'tesco', 'url': 'https://www.tesco.com/groceries/en-GB/products/254945610', 'product_name': 'Tesco 6 Wholemeal Pitta Bread', 'product_price': '£ 0.45', 'product_additionals': '£0.08/each'}, {'shop': 'tesco', 'url': 'https://www.tesco.com/groceries/en-GB/products/308094029', 'product_name': 'Mission 6 Plain Pitta Breads', 'product_price': '£ 0.80', 'product_additionals': '£0.13/each'}, {'shop': 'tesco', 'url': 'https://www.tesco.com/groceries/en-GB/products/308110957', 'product_name': 'Tesco 10 Mini Easter Gingerbread Men', 'product_price': '£ 1.00', 'product_additionals': '£0.10/each'}, {'shop': 'tesco', 'url': 'https://www.tesco.com/groceries/en-GB/products/291376265', 'product_name': 'Tesco 6 Multiseed Folded Flatbreads', 'product_price': '£ 0.79', 'product_additionals': '£0.13/each'}, {'shop': 'tesco', 'url': 'https://www.tesco.com/groceries/en-GB/products/291376220', 'product_name': 'Tesco Folded Flatbreads Plain 6 Pack', 'product_price': '£ 0.79', 'product_additionals': '£0.13/each'}, {'shop': 'tesco', 'url': 'https://www.tesco.com/groceries/en-GB/products/291376334', 'product_name': 'Tesco Malted Grain & Rye Folded Flatbread 6 Pack', 'product_price': '£ 0.79', 'product_additionals': '£0.13/each'}, {'shop': 'tesco', 'url': 'https://www.tesco.com/groceries/en-GB/products/303315815', 'product_name': 'Tesco 2 Plain Naan Breads', 'product_price': '£ 0.75', 'product_additionals': '£0.38/each'}, {'shop': 'tesco', 'url': 'https://www.tesco.com/groceries/en-GB/products/274684882', 'product_name': 'Tesco 5 Gingerbread Men Kit 174G', 'product_price': '£ 1.80', 'product_additionals': '£0.36/each'}, {'shop': 'tesco', 'url': 'https://www.tesco.com/groceries/en-GB/products/250506912', 'product_name': 'Pataks Plain Naan Bread 2 Pack', 'product_price': '£ 1.25', 'product_additionals': '£0.62/each'}, {'shop': 'tesco', 'url': 'https://www.tesco.com/groceries/en-GB/products/257800909', 'product_name': 'Finest Triple Chocolate Shortbread 4 Pack', 'product_price': '£ 1.50', 'product_additionals': '£0.38/each'}, {'shop': 'tesco', 'url': 'https://www.tesco.com/groceries/en-GB/products/259170533', 'product_name': 'Pataks Peshwari Naan Bread 2Pack', 'product_price': '£ 1.25', 'product_additionals': '£0.62/each'}, {'shop': 'tesco', 'url': 'https://www.tesco.com/groceries/en-GB/products/305527187', 'product_name': 'Tesco 5 Decorate Your Own Gingerbread Easter Egg Kit', 'product_price': '£ 1.80', 'product_additionals': '£0.36/each'}, {'shop': 'tesco', 'url': 'https://www.tesco.com/groceries/en-GB/products/308079929', 'product_name': 'Tesco Seasonal Gingerbread Biscuit', 'product_price': '£ 0.60', 'product_additionals': '£0.60/each'}, {'shop': 'tesco', 'url': 'https://www.tesco.com/groceries/en-GB/products/250523085', 'product_name': 'Pataks Garlic & Coriander Naan Bread 2 Pack', 'product_price': '£ 1.25', 'product_additionals': '£0.62/each'}, {'shop': 'tesco', 'url': 'https://www.tesco.com/groceries/en-GB/products/285498135', 'product_name': 'Tesco Corn Bread', 'product_price': '£ 1.60', 'product_additionals': '£1.60/each'}, {'shop': 'tesco', 'url': 'https://www.tesco.com/groceries/en-GB/products/272960719', 'product_name': 'Three Cheese Bread', 'product_price': '£ 1.60', 'product_additionals': '£1.60/each'}, {'shop': 'tesco', 'url': 'https://www.tesco.com/groceries/en-GB/products/308093498', 'product_name': "Irwin's Traditional Wheaten Bread", 'product_price': '£ 1.20', 'product_additionals': '£1.20/each'}, {'shop': 'tesco', 'url': 'https://www.tesco.com/groceries/en-GB/products/305834981', 'product_name': 'Tesco Finest 4 Millionaire Shortbread Slices', 'product_price': '£ 2.25', 'product_additionals': '£2.25/each'}, {'shop': 'tesco', 'url': 'https://www.tesco.com/groceries/en-GB/products/299045570', 'product_name': "H W Nevill's White Bread 800G", 'product_price': '£ 0.36', 'product_additionals': '£0.04/100g'}, {'shop': 'tesco', 'url': 'https://www.tesco.com/groceries/en-GB/products/299045558', 'product_name': "H W Nevill's Wholemeal Bread 800G", 'product_price': '£ 0.36', 'product_additionals': '£0.04/100g'}, {'shop': 'tesco', 'url': 'https://www.tesco.com/groceries/en-GB/products/299389116', 'product_name': 'Tesco White Bread 800G', 'product_price': '£ 0.59', 'product_additionals': '£0.07/100g'}, {'shop': 'tesco', 'url': 'https://www.tesco.com/groceries/en-GB/products/303629513', 'product_name': 'Tesco Both Together Bread 800G', 'product_price': '£ 0.59', 'product_additionals': '£0.07/100g'}, {'shop': 'tesco', 'url': 'https://www.tesco.com/groceries/en-GB/products/299425783', 'product_name': 'Tesco Wholemeal Medium Bread 800G', 'product_price': '£ 0.59', 'product_additionals': '£0.07/100g'}, {'shop': 'tesco', 'url': 'https://www.tesco.com/groceries/en-GB/products/299425748', 'product_name': 'Tesco Toastie White Bread Thick 800G', 'product_price': '£ 0.59', 'product_additionals': '£0.07/100g'}, {'shop': 'tesco', 'url': 'https://www.tesco.com/groceries/en-GB/products/299425760', 'product_name': 'Tesco Toastie Wholemeal Thick Bread 800G', 'product_price': '£ 0.59', 'product_additionals': '£0.07/100g'}, {'shop': 'tesco', 'url': 'https://www.tesco.com/groceries/en-GB/products/252065992', 'product_name': 'Kingsmill 50/50 Thick Bread 800G', 'product_price': '£ 0.85', 'product_additionals': '£0.11/100g'}, {'shop': 'tesco', 'url': 'https://www.tesco.com/groceries/en-GB/products/261738730', 'product_name': 'Kingsmill 50/50 Medium Bread 800G', 'product_price': '£ 0.85', 'product_additionals': '£0.11/100g'}, {'shop': 'tesco', 'url': 'https://www.tesco.com/groceries/en-GB/products/271273388', 'product_name': 'Allinson Wholemeal Bread 1.5Kg', 'product_price': '£ 2.00', 'product_additionals': '£1.34/kg'}, {'shop': 'tesco', 'url': 'https://www.tesco.com/groceries/en-GB/products/259804983', 'product_name': 'Kingsmill Soft White Thick Bread 800G', 'product_price': '£ 0.95', 'product_additionals': '£0.12/100g'}, {'shop': 'tesco', 'url': 'https://www.tesco.com/groceries/en-GB/products/254917926', 'product_name': 'Tesco Strong Stone Ground 100% Wholemeal Bread Flour 1.5Kg', 'product_price': '£ 1.20', 'product_additionals': '£0.80/kg'}, {'shop': 'tesco', 'url': 'https://www.tesco.com/groceries/en-GB/products/259804954', 'product_name': 'Kingsmill Soft White Medium Bread 800G', 'product_price': '£ 0.95', 'product_additionals': '£0.12/100g'}, {'shop': 'tesco', 'url': 'https://www.tesco.com/groceries/en-GB/products/263518014', 'product_name': 'Hovis Wholemeal Thick Bread 800G', 'product_price': '£ 1.10', 'product_additionals': '£0.14/100g'}, {'shop': 'tesco', 'url': 'https://www.tesco.com/groceries/en-GB/products/254550817', 'product_name': 'Hovis Soft White Thick Bread 800G', 'product_price': '£ 1.10', 'product_additionals': '£0.14/100g'}, {'shop': 'tesco', 'url': 'https://www.tesco.com/groceries/en-GB/products/255000362', 'product_name': 'Hovis Wholemeal Medium Bread 800G', 'product_price': '£ 1.10', 'product_additionals': '£0.14/100g'}, {'shop': 'tesco', 'url': 'https://www.tesco.com/groceries/en-GB/products/256174499', 'product_name': 'Hovis Soft White Medium Bread 800G', 'product_price': '£ 1.09', 'product_additionals': '£0.14/100g'}, {'shop': 'tesco', 'url': 'https://www.tesco.com/groceries/en-GB/products/254944260', 'product_name': 'Warburtons Wholemeal Medium Bread 800G', 'product_price': '£ 1.05', 'product_additionals': '£0.13/100g'}, {'shop': 'tesco', 'url': 'https://www.tesco.com/groceries/en-GB/products/252990345', 'product_name': 'Kingsmill Tasty Wholemeal Medium Bread 800G', 'product_price': '£ 0.95', 'product_additionals': '£0.12/100g'}, {'shop': 'tesco', 'url': 'https://www.tesco.com/groceries/en-GB/products/257218318', 'product_name': 'Tesco Breaded Onion Rings 750G', 'product_price': '£ 1.25', 'product_additionals': '£1.67/kg'}, {'shop': 'tesco', 'url': 'https://www.tesco.com/groceries/en-GB/products/256783233', 'product_name': 'Allinson Strong White Bread Flour 1.5Kg', 'product_price': '£ 2.00', 'product_additionals': '£1.34/kg'}, {'shop': 'tesco', 'url': 'https://www.tesco.com/groceries/en-GB/products/285024271', 'product_name': 'Tesco Multiseed Bread Mix 500G', 'product_price': '£ 0.85', 'product_additionals': '£1.70/kg'}, {'shop': 'tesco', 'url': 'https://www.tesco.com/groceries/en-GB/products/304371279', 'product_name': 'Warburtons Half And Half Medium Bread 800G', 'product_price': '£ 1.05', 'product_additionals': '£0.13/100g'}, {'shop': 'tesco', 'url': 'https://www.tesco.com/groceries/en-GB/products/267363266', 'product_name': 'Hovis Soft White Extra Thick Bread 800G', 'product_price': '£ 1.10', 'product_additionals': '£0.14/100g'}, {'shop': 'tesco', 'url': 'https://www.tesco.com/groceries/en-GB/products/250168194', 'product_name': 'Warburtons Farmhouse White Bread 800G', 'product_price': '£ 1.20', 'product_additionals': '£0.15/100g'}, {'shop': 'tesco', 'url': 'https://www.tesco.com/groceries/en-GB/products/250871708', 'product_name': 'Hovis Granary Thick Bread 800G', 'product_price': '£ 1.45', 'product_additionals': '£0.18/100g'}, {'shop': 'tesco', 'url': 'https://www.tesco.com/groceries/en-GB/products/289597812', 'product_name': 'Tesco Very Strong Canadian Bread Flour 1Kg', 'product_price': '£ 1.35', 'product_additionals': '£1.35/kg'}, {'shop': 'tesco', 'url': 'https://www.tesco.com/groceries/en-GB/products/254942325', 'product_name': 'Warburtons Medium Sliced White Bread 800G', 'product_price': '£ 1.10', 'product_additionals': '£0.14/100g'}, {'shop': 'tesco', 'url': 'https://www.tesco.com/groceries/en-GB/products/254942348', 'product_name': 'Warburtons Toastie Sliced White Bread 800G', 'product_price': '£ 1.10', 'product_additionals': '£0.14/100g'}, {'shop': 'tesco', 'url': 'https://www.tesco.com/groceries/en-GB/products/306822170', 'product_name': "Allinson's Country Grain Bread Flour 1Kg", 'product_price': '£ 1.50', 'product_additionals': '£1.50/kg'}, {'shop': 'tesco', 'url': 'https://www.tesco.com/groceries/en-GB/products/265412994', 'product_name': 'The Polish Bakery Half Wheat Half Rye Bread 900G', 'product_price': '£ 1.20', 'product_additionals': '£0.13/100g'}, {'shop': 'tesco', 'url': 'https://www.tesco.com/groceries/en-GB/products/279505707', 'product_name': 'Hovis Best Of Both Thick White Bread 750G', 'product_price': '£ 1.10', 'product_additionals': '£0.15/100g'}, {'shop': 'tesco', 'url': 'https://www.tesco.com/groceries/en-GB/products/263190209', 'product_name': 'Prymat Breadcrumbs 400G', 'product_price': '£ 1.00', 'product_additionals': '£2.50/kg'}, {'shop': 'tesco', 'url': 'https://www.tesco.com/groceries/en-GB/products/254944133', 'product_name': 'Hovis Granary Wholemeal Bread 800G', 'product_price': '£ 1.45', 'product_additionals': '£0.18/100g'}, {'shop': 'tesco', 'url': 'https://www.tesco.com/groceries/en-GB/products/257269645', 'product_name': 'Warburtons Seeded Batch Bread 800G', 'product_price': '£ 1.40', 'product_additionals': '£0.18/100g'}, {'shop': 'tesco', 'url': 'https://www.tesco.com/groceries/en-GB/products/279505857', 'product_name': 'Hovis Best Of Both Medium White Bread 750G', 'product_price': '£ 1.10', 'product_additionals': '£0.15/100g'}, {'shop': 'tesco', 'url': 'https://www.tesco.com/groceries/en-GB/products/274811214', 'product_name': 'Hovis Original 7 Seeds Bread 800G', 'product_price': '£ 1.50', 'product_additionals': '£0.19/100g'}, {'shop': 'tesco', 'url': 'https://www.tesco.com/groceries/en-GB/products/274811254', 'product_name': 'Hovis 7 Seeds Wholemeal Bread 800G', 'product_price': '£ 1.50', 'product_additionals': '£0.19/100g'}, {'shop': 'tesco', 'url': 'https://www.tesco.com/groceries/en-GB/products/267662020', 'product_name': 'The Polish Bakery Brown Bread 400G', 'product_price': '£ 0.75', 'product_additionals': '£0.19/100g'}, {'shop': 'tesco', 'url': 'https://www.tesco.com/groceries/en-GB/products/307138172', 'product_name': 'Allinson Strong White Bread Flour 1Kg', 'product_price': '£ 1.80', 'product_additionals': '£1.80/kg'}, {'shop': 'tesco', 'url': 'https://www.tesco.com/groceries/en-GB/products/305737088', 'product_name': 'Tesco Finest Wholemeal Seeds And Grains Bread 800G', 'product_price': '£ 1.10', 'product_additionals': '£0.14/100g'}, {'shop': 'tesco', 'url': 'https://www.tesco.com/groceries/en-GB/products/250829858', 'product_name': 'Hovis Wholemeal Medium Bread 400G', 'product_price': '£ 0.85', 'product_additionals': '£0.21/100g'}, {'shop': 'tesco', 'url': 'https://www.tesco.com/groceries/en-GB/products/257123599', 'product_name': 'Doves Farm Gluten Free White Bread Flour 1Kg', 'product_price': '£ 1.70', 'product_additionals': '£1.70/kg'}, {'shop': 'tesco', 'url': 'https://www.tesco.com/groceries/en-GB/products/296844942', 'product_name': 'Polish Bakery Highlander Bread Sourdough 800G', 'product_price': '£ 1.35', 'product_additionals': '£0.17/100g'}, {'shop': 'tesco', 'url': 'https://www.tesco.com/groceries/en-GB/products/251738895', 'product_name': 'Warburtons Seeded Batch Bread 400G', 'product_price': '£ 0.90', 'product_additionals': '£0.22/100g'}, {'shop': 'tesco', 'url': 'https://www.tesco.com/groceries/en-GB/products/268104801', 'product_name': 'Warburtons Sliced Tiger Bread 600G', 'product_price': '£ 1.35', 'product_additionals': '£0.22/100g'}, {'shop': 'tesco', 'url': 'https://www.tesco.com/groceries/en-GB/products/306932886', 'product_name': 'Molino Pasini Pizza & Focaccia Bread Mix 1000G', 'product_price': '£ 1.70', 'product_additionals': '£1.70/kg'}, {'shop': 'tesco', 'url': 'https://www.tesco.com/groceries/en-GB/products/254944283', 'product_name': 'Warburtons Wholemeal Medium Bread 400G', 'product_price': '£ 0.85', 'product_additionals': '£0.21/100g'}, {'shop': 'tesco', 'url': 'https://www.tesco.com/groceries/en-GB/products/267662008', 'product_name': 'The Polish Bakery Sunflower Seed Bread 400G', 'product_price': '£ 0.75', 'product_additionals': '£0.19/100g'}, {'shop': 'tesco', 'url': 'https://www.tesco.com/groceries/en-GB/products/259747508', 'product_name': 'Hovis Original Granary Bread 400G', 'product_price': '£ 0.95', 'product_additionals': '£0.24/100g'}, {'shop': 'tesco', 'url': 'https://www.tesco.com/groceries/en-GB/products/265412971', 'product_name': 'The Polish Bakery Half Wheat Half Rye Bread 400G', 'product_price': '£ 0.70', 'product_additionals': '£0.18/100g'}, {'shop': 'tesco', 'url': 'https://www.tesco.com/groceries/en-GB/products/254942354', 'product_name': 'Warburtons Toastie Sliced White Bread 400G', 'product_price': '£ 0.85', 'product_additionals': '£0.21/100g'}, {'shop': 'tesco', 'url': 'https://www.tesco.com/groceries/en-GB/products/254942331', 'product_name': 'Warburtons Medium Sliced White Bread 400G', 'product_price': '£ 0.90', 'product_additionals': '£0.22/100g'}, {'shop': 'tesco', 'url': 'https://www.tesco.com/groceries/en-GB/products/299608331', 'product_name': 'Warburtons Thoroughbread Lancashire 800G', 'product_price': '£ 1.40', 'product_additionals': '£0.18/100g'}, {'shop': 'tesco', 'url': 'https://www.tesco.com/groceries/en-GB/products/302088635', 'product_name': 'Warburtons White Farmhouse Bread 400G', 'product_price': '£ 1.00', 'product_additionals': '£0.25/100g'}, {'shop': 'tesco', 'url': 'https://www.tesco.com/groceries/en-GB/products/256236588', 'product_name': 'Tesco Indian Naan Breads 320G', 'product_price': '£ 1.00', 'product_additionals': '£0.31/100g'}, {'shop': 'tesco', 'url': 'https://www.tesco.com/groceries/en-GB/products/294706650', 'product_name': 'Tesco Sesame Rye Crisp Bread 250G', 'product_price': '£ 0.69', 'product_additionals': '£0.28/100g'}, {'shop': 'tesco', 'url': 'https://www.tesco.com/groceries/en-GB/products/299596458', 'product_name': 'Hearty Food Co 8 Breaded Chicken Burgers 456G', 'product_price': '£ 0.97', 'product_additionals': '£2.13/kg'}, {'shop': 'tesco', 'url': 'https://www.tesco.com/groceries/en-GB/products/254942734', 'product_name': 'Warburtons Milk Roll Sliced White Bread 400G', 'product_price': '£ 0.90', 'product_additionals': '£0.22/100g'}, {'shop': 'tesco', 'url': 'https://www.tesco.com/groceries/en-GB/products/305836218', 'product_name': 'Tesco Finest Wholemeal Seeds And Grains Bread 400G', 'product_price': '£ 0.79', 'product_additionals': '£0.20/100g'}, {'shop': 'tesco', 'url': 'https://www.tesco.com/groceries/en-GB/products/255727936', 'product_name': 'Warburtons Danish Sliced White Bread 400G', 'product_price': '£ 0.95', 'product_additionals': '£0.24/100g'}, {'shop': 'tesco', 'url': 'https://www.tesco.com/groceries/en-GB/products/294706637', 'product_name': 'Tesco Original Rye Crisp Bread 250G', 'product_price': '£ 0.69', 'product_additionals': '£0.28/100g'}, {'shop': 'tesco', 'url': 'https://www.tesco.com/groceries/en-GB/products/281509384', 'product_name': 'Tesco Free From Brown Bread 550G', 'product_price': '£ 1.80', 'product_additionals': '£0.33/100g'}, {'shop': 'tesco', 'url': 'https://www.tesco.com/groceries/en-GB/products/293723399', 'product_name': 'Tesco Garlic Breaded Mushrooms 400G', 'product_price': '£ 1.25', 'product_additionals': '£3.13/kg'}, {'shop': 'tesco', 'url': 'https://www.tesco.com/groceries/en-GB/products/307342027', 'product_name': 'Tesco All Butter Shortbread Fingers 250G', 'product_price': '£ 0.69', 'product_additionals': '£0.28/100g'}, {'shop': 'tesco', 'url': 'https://www.tesco.com/groceries/en-GB/products/258199403', 'product_name': "Paterson's Shortbread Fingers 380G", 'product_price': '£ 1.00', 'product_additionals': '£0.26/100g'}, {'shop': 'tesco', 'url': 'https://www.tesco.com/groceries/en-GB/products/289806238', 'product_name': 'Tesco 72 Breaded Chicken Nuggets 1Kg', 'product_price': '£ 3.15', 'product_additionals': '£3.15/kg'}, {'shop': 'tesco', 'url': 'https://www.tesco.com/groceries/en-GB/products/256641396', 'product_name': 'Weight Watchers Malted Danish Sliced Bread 400G', 'product_price': '£ 1.00', 'product_additionals': '£0.25/100g'}, {'shop': 'tesco', 'url': 'https://www.tesco.com/groceries/en-GB/products/299587469', 'product_name': 'Hearty Food Co 20 Breaded Chicken Nuggets 320G', 'product_price': '£ 0.85', 'product_additionals': '£2.66/kg'}, {'shop': 'tesco', 'url': 'https://www.tesco.com/groceries/en-GB/products/260630288', 'product_name': 'Kingsmill 50/50 No Crusts Bread 400G', 'product_price': '£ 1.40', 'product_additionals': '£0.35/100g'}, {'shop': 'tesco', 'url': 'https://www.tesco.com/groceries/en-GB/products/276605133', 'product_name': 'Tesco Free From Sliced White Bread 550G', 'product_price': '£ 1.80', 'product_additionals': '£0.33/100g'}, {'shop': 'tesco', 'url': 'https://www.tesco.com/groceries/en-GB/products/267661977', 'product_name': "The Polish Bakery Granny's Sesame Seed Bread 400G", 'product_price': '£ 1.10', 'product_additionals': '£0.28/100g'}, {'shop': 'tesco', 'url': 'https://www.tesco.com/groceries/en-GB/products/296844907', 'product_name': 'The Polish Bakery Pumpkin Bread 500G', 'product_price': '£ 1.85', 'product_additionals': '£0.37/100g'}, {'shop': 'tesco', 'url': 'https://www.tesco.com/groceries/en-GB/products/301063378', 'product_name': 'Tesco White Breadcrumbs 175G', 'product_price': '£ 0.80', 'product_additionals': '£0.46/100g'}, {'shop': 'tesco', 'url': 'https://www.tesco.com/groceries/en-GB/products/278834077', 'product_name': 'Tesco Golden Breadcrumbs 175G', 'product_price': '£ 0.80', 'product_additionals': '£4.58/kg'}, {'shop': 'tesco', 'url': 'https://www.tesco.com/groceries/en-GB/products/278104918', 'product_name': 'Tesco Peshwari Naan Breads 2 Pack 260G', 'product_price': '£ 0.95', 'product_additionals': '£0.37/100g'}, {'shop': 'tesco', 'url': 'https://www.tesco.com/groceries/en-GB/products/262106716', 'product_name': 'Paxo Golden Breadcrumbs 227G', 'product_price': '£ 1.10', 'product_additionals': '£4.85/kg'}, {'shop': 'tesco', 'url': 'https://www.tesco.com/groceries/en-GB/products/271023178', 'product_name': 'Tesco 30 Breaded Chicken Breast Nuggets 450G', 'product_price': '£ 1.50', 'product_additionals': '£3.34/kg'}, {'shop': 'tesco', 'url': 'https://www.tesco.com/groceries/en-GB/products/262106739', 'product_name': 'Paxo Natural Breadcrumbs 227G', 'product_price': '£ 1.10', 'product_additionals': '£4.85/kg'}, {'shop': 'tesco', 'url': 'https://www.tesco.com/groceries/en-GB/products/300810579', 'product_name': 'Warburtons Old English White Bread 400G', 'product_price': '£ 1.50', 'product_additionals': '£0.38/100g'}, {'shop': 'tesco', 'url': 'https://www.tesco.com/groceries/en-GB/products/306945888', 'product_name': 'Hearty Food Co. 4 Breaded Chicken Steaks 505G', 'product_price': '£ 1.69', 'product_additionals': '£3.35/kg'}, {'shop': 'tesco', 'url': 'https://www.tesco.com/groceries/en-GB/products/289573832', 'product_name': 'Tesco Gingerbread Mix 225G', 'product_price': '£ 1.00', 'product_additionals': '£0.44/100g'}, {'shop': 'tesco', 'url': 'https://www.tesco.com/groceries/en-GB/products/297683100', 'product_name': 'Tesco 4 Breaded Chicken Steaks 380G', 'product_price': '£ 1.65', 'product_additionals': '£4.35/kg'}, {'shop': 'tesco', 'url': 'https://www.tesco.com/groceries/en-GB/products/254926420', 'product_name': 'Ryvita Sesame Crisp Bread 250G', 'product_price': '£ 1.25', 'product_additionals': '£0.50/100g'}, {'shop': 'tesco', 'url': 'https://www.tesco.com/groceries/en-GB/products/256001031', 'product_name': 'Ryvita Dark Rye Crisp Bread 250G', 'product_price': '£ 1.19', 'product_additionals': '£0.48/100g'}, {'shop': 'tesco', 'url': 'https://www.tesco.com/groceries/en-GB/products/256001296', 'product_name': 'Ryvita Original Crisp Bread 250G', 'product_price': '£ 1.19', 'product_additionals': '£0.48/100g'}, {'shop': 'tesco', 'url': 'https://www.tesco.com/groceries/en-GB/products/300810591', 'product_name': 'Warburtons Malted Grain & Seeds Bread 400G', 'product_price': '£ 1.50', 'product_additionals': '£0.38/100g'}, {'shop': 'tesco', 'url': 'https://www.tesco.com/groceries/en-GB/products/306818969', 'product_name': 'Tesco Finest Fruited Sourdough Bread 400G', 'product_price': '£ 1.60', 'product_additionals': '£0.40/100g'}, {'shop': 'tesco', 'url': 'https://www.tesco.com/groceries/en-GB/products/251107559', 'product_name': 'Ryvita Multigrain Rye Bread 250G', 'product_price': '£ 1.25', 'product_additionals': '£0.50/100g'}, {'shop': 'tesco', 'url': 'https://www.tesco.com/groceries/en-GB/products/302289949', 'product_name': 'Nishaan Plain Mini Naan Breads 6 Pack 300G', 'product_price': '£ 1.20', 'product_additionals': '£0.40/100g'}, {'shop': 'tesco', 'url': 'https://www.tesco.com/groceries/en-GB/products/298865009', 'product_name': 'Hearty Food Co. Breaded Chicken Goujons 270G', 'product_price': '£ 1.05', 'product_additionals': '£3.89/kg'}, {'shop': 'tesco', 'url': 'https://www.tesco.com/groceries/en-GB/products/306798939', 'product_name': 'Clay Oven Bakery 2 Plain Naan Breads 360G', 'product_price': '£ 1.50', 'product_additionals': '£0.42/100g'}, {'shop': 'tesco', 'url': 'https://www.tesco.com/groceries/en-GB/products/264567506', 'product_name': 'Tesco 4 Breaded Chicken Steaks 505G', 'product_price': '£ 2.50', 'product_additionals': '£4.96/kg'}, {'shop': 'tesco', 'url': 'https://www.tesco.com/groceries/en-GB/products/300810619', 'product_name': 'Warburtons Country White Bread 400G', 'product_price': '£ 2.00', 'product_additionals': '£0.50/100g'}, {'shop': 'tesco', 'url': 'https://www.tesco.com/groceries/en-GB/products/261212413', 'product_name': 'Ryvita Fruit Crunch Crisp Bread 200G', 'product_price': '£ 0.99', 'product_additionals': '£0.50/100g'}, {'shop': 'tesco', 'url': 'https://www.tesco.com/groceries/en-GB/products/299557298', 'product_name': 'Tesco Cheese & Garlic Pizza Bread 210G', 'product_price': '£ 1.00', 'product_additionals': '£4.77/kg'}, {'shop': 'tesco', 'url': 'https://www.tesco.com/groceries/en-GB/products/254482788', 'product_name': 'Tesco Bread & Butter Pudding 500G', 'product_price': '£ 2.80', 'product_additionals': '£0.56/100g'}, {'shop': 'tesco', 'url': 'https://www.tesco.com/groceries/en-GB/products/254926368', 'product_name': 'Ryvita Crackerbread 200G', 'product_price': '£ 1.19', 'product_additionals': '£0.60/100g'}, {'shop': 'tesco', 'url': 'https://www.tesco.com/groceries/en-GB/products/255269055', 'product_name': 'Ryvita Pumpkin & Oats Crisp Bread 4X50g', 'product_price': '£ 0.99', 'product_additionals': '£0.50/100g'}, {'shop': 'tesco', 'url': 'https://www.tesco.com/groceries/en-GB/products/266195171', 'product_name': 'Tesco 4 Breaded Cod Fillets 500G', 'product_price': '£ 3.00', 'product_additionals': '£6.00/kg'}, {'shop': 'tesco', 'url': 'https://www.tesco.com/groceries/en-GB/products/300810631', 'product_name': 'Warburtons Multi Grain & Seed Bread 400G', 'product_price': '£ 2.00', 'product_additionals': '£0.50/100g'}, {'shop': 'tesco', 'url': 'https://www.tesco.com/groceries/en-GB/products/265940149', 'product_name': 'Tesco Sesame Breadsticks 125G', 'product_price': '£ 0.84', 'product_additionals': '£0.67/100g'}, {'shop': 'tesco', 'url': 'https://www.tesco.com/groceries/en-GB/products/290017687', 'product_name': 'Tesco 4 Breaded Cod Fishcakes 340G', 'product_price': '£ 2.00', 'product_additionals': '£5.89/kg'}, {'shop': 'tesco', 'url': 'https://www.tesco.com/groceries/en-GB/products/305733449', 'product_name': 'Clay Oven Bakery 2 Large Stretched Naan Bread 360G', 'product_price': '£ 1.50', 'product_additionals': '£0.42/100g'}, {'shop': 'tesco', 'url': 'https://www.tesco.com/groceries/en-GB/products/305727843', 'product_name': 'Tesco Plant Chef Breaded Nuggets 320G', 'product_price': '£ 1.75', 'product_additionals': '£0.55/100g'}, {'shop': 'tesco', 'url': 'https://www.tesco.com/groceries/en-GB/products/293574661', 'product_name': 'Tesco Shortbread Petticoat Tails 450G', 'product_price': '£ 2.00', 'product_additionals': '£0.44/100g'}, {'shop': 'tesco', 'url': 'https://www.tesco.com/groceries/en-GB/products/268890894', 'product_name': 'Schar Crisp Bread 150G', 'product_price': '£ 1.30', 'product_additionals': '£0.87/100g'}, {'shop': 'tesco', 'url': 'https://www.tesco.com/groceries/en-GB/products/286932070', 'product_name': 'Tesco 30 Mini Gingerbread 330G', 'product_price': '£ 1.80', 'product_additionals': '£0.55/100g'}, {'shop': 'tesco', 'url': 'https://www.tesco.com/groceries/en-GB/products/258083897', 'product_name': 'Tesco Original Breadsticks 125G', 'product_price': '£ 0.84', 'product_additionals': '£0.67/100g'}, {'shop': 'tesco', 'url': 'https://www.tesco.com/groceries/en-GB/products/303630499', 'product_name': 'Whitby Seafoods Breaded Scampi Bites 190G', 'product_price': '£ 1.00', 'product_additionals': '£5.27/kg'}, {'shop': 'tesco', 'url': 'https://www.tesco.com/groceries/en-GB/products/305530793', 'product_name': 'Deli Kitchen 4 Greek Style Flatbreads 320G', 'product_price': '£ 1.35', 'product_additionals': '£0.42/100g'}, {'shop': 'tesco', 'url': 'https://www.tesco.com/groceries/en-GB/products/266319153', 'product_name': 'Ryvita Cracked Black Pepper Crisp Bread 5X40g', 'product_price': '£ 0.99', 'product_additionals': '£0.50/100g'}, {'shop': 'tesco', 'url': 'https://www.tesco.com/groceries/en-GB/products/293507310', 'product_name': 'Tesco Breaded Chicken Strips 300G', 'product_price': '£ 2.00', 'product_additionals': '£0.67/100g'}, {'shop': 'tesco', 'url': 'https://www.tesco.com/groceries/en-GB/products/279844604', 'product_name': 'Fedon Breadsticks With Sesame Seeds250g', 'product_price': '£ 1.50', 'product_additionals': '£0.60/100g'}, {'shop': 'tesco', 'url': 'https://www.tesco.com/groceries/en-GB/products/264322746', 'product_name': 'Tesco 4 Garlic Butter Breaded Chicken Kievs 500G', 'product_price': '£ 2.50', 'product_additionals': '£5.00/kg'}, {'shop': 'tesco', 'url': 'https://www.tesco.com/groceries/en-GB/products/281840917', 'product_name': 'Jacobs Chive Crisp Bread 190G', 'product_price': '£ 1.49', 'product_additionals': '£0.78/100g'}, {'shop': 'tesco', 'url': 'https://www.tesco.com/groceries/en-GB/products/306805663', 'product_name': 'Paxo Southern Fried Breadcrumbs 200G', 'product_price': '£ 1.30', 'product_additionals': '£6.50/kg'}, {'shop': 'tesco', 'url': 'https://www.tesco.com/groceries/en-GB/products/293535996', 'product_name': 'Tesco 4 Cheese & Bacon Breaded Chicken Kievs 500G', 'product_price': '£ 2.50', 'product_additionals': '£0.50/100g'}, {'shop': 'tesco', 'url': 'https://www.tesco.com/groceries/en-GB/products/285091909', 'product_name': 'Tesco Breaded Chicken Goujons 540G', 'product_price': '£ 3.75', 'product_additionals': '£6.95/kg'}, {'shop': 'tesco', 'url': 'https://www.tesco.com/groceries/en-GB/products/292759370', 'product_name': "Ella's Kitchen Banana & Vanilla Bread Pudding 4X80g", 'product_price': '£ 1.75', 'product_additionals': '£4.87/kg'}, {'shop': 'tesco', 'url': 'https://www.tesco.com/groceries/en-GB/products/264567593', 'product_name': 'Tesco 4 Southern Fried Breaded Chicken Steaks 505G', 'product_price': '£ 2.50', 'product_additionals': '£4.96/kg'}, {'shop': 'tesco', 'url': 'https://www.tesco.com/groceries/en-GB/products/307152724', 'product_name': 'Tesco Finest Free From Tiger Bread 400G', 'product_price': '£ 2.50', 'product_additionals': '£0.62/100g'}, {'shop': 'tesco', 'url': 'https://www.tesco.com/groceries/en-GB/products/307137419', 'product_name': 'Tesco Finest Free From Seeded Bread 400G', 'product_price': '£ 2.50', 'product_additionals': '£0.62/100g'}, {'shop': 'tesco', 'url': 'https://www.tesco.com/groceries/en-GB/products/307145249', 'product_name': 'Northern Dough Co. Sourdough Bread Dough 440G', 'product_price': '£ 2.50', 'product_additionals': '£0.57/100g'}, {'shop': 'tesco', 'url': 'https://www.tesco.com/groceries/en-GB/products/252109642', 'product_name': 'Tesco Cheese & Tomato Flatbread 225G', 'product_price': '£ 1.25', 'product_additionals': '£0.56/100g'}, {'shop': 'tesco', 'url': 'https://www.tesco.com/groceries/en-GB/products/279935929', 'product_name': 'Tesco Breaded Chicken Goujons 270G', 'product_price': '£ 2.00', 'product_additionals': '£7.41/kg'}, {'shop': 'tesco', 'url': 'https://www.tesco.com/groceries/en-GB/products/307353826', 'product_name': 'Tesco All Butter Chocolate Chip Shortbread 180G', 'product_price': '£ 1.00', 'product_additionals': '£0.56/100g'}, {'shop': 'tesco', 'url': 'https://www.tesco.com/groceries/en-GB/products/262083592', 'product_name': 'Tesco Breaded Mini Chicken Fillets 300G', 'product_price': '£ 2.00', 'product_additionals': '£6.67/kg'}, {'shop': 'tesco', 'url': 'https://www.tesco.com/groceries/en-GB/products/307753917', 'product_name': 'Betty Crocker Salted Caramel Shortbread Mix 345G', 'product_price': '£ 2.00', 'product_additionals': '£5.80/kg'}, {'shop': 'tesco', 'url': 'https://www.tesco.com/groceries/en-GB/products/281841254', 'product_name': 'Jacobs Mixed Grain Crisp Bread 190G', 'product_price': '£ 1.49', 'product_additionals': '£0.78/100g'}, {'shop': 'tesco', 'url': 'https://www.tesco.com/groceries/en-GB/products/288610223', 'product_name': 'Tesco Garlic Flatbread 255G', 'product_price': '£ 2.00', 'product_additionals': '£0.78/100g'}, {'shop': 'tesco', 'url': 'https://www.tesco.com/groceries/en-GB/products/252109688', 'product_name': 'Tesco Garlic & Parsley Flatbread 210G', 'product_price': '£ 1.25', 'product_additionals': '£0.60/100g'}, {'shop': 'tesco', 'url': 'https://www.tesco.com/groceries/en-GB/products/305731289', 'product_name': 'Tesco 4 Breaded Plaice Fillets 500G', 'product_price': '£ 4.00', 'product_additionals': '£8.00/kg'}, {'shop': 'tesco', 'url': 'https://www.tesco.com/groceries/en-GB/products/303391625', 'product_name': 'Youngs Simply Breaded Omega 3 4 Fish Fillets 400G', 'product_price': '£ 2.40', 'product_additionals': '£6.00/kg'}, {'shop': 'tesco', 'url': 'https://www.tesco.com/groceries/en-GB/products/274730488', 'product_name': 'Tesco 30 Mini Gingerbread Men 270G', 'product_price': '£ 1.80', 'product_additionals': '£0.67/100g'}, {'shop': 'tesco', 'url': 'https://www.tesco.com/groceries/en-GB/products/304784469', 'product_name': 'Tesco Plant Chef Breaded Goujons 190G', 'product_price': '£ 1.50', 'product_additionals': '£7.90/kg'}, {'shop': 'tesco', 'url': 'https://www.tesco.com/groceries/en-GB/products/304381123', 'product_name': 'Tesco 2 Breaded Cod Fillets 300G', 'product_price': '£ 2.75', 'product_additionals': '£9.17/kg'}, {'shop': 'tesco', 'url': 'https://www.tesco.com/groceries/en-GB/products/268582625', 'product_name': 'Tesco Panko Breadcrumbs 150G', 'product_price': '£ 1.60', 'product_additionals': '£10.67/kg'}, {'shop': 'tesco', 'url': 'https://www.tesco.com/groceries/en-GB/products/286265277', 'product_name': 'Tesco Cheese & Garlic Flatbread 230G', 'product_price': '£ 1.60', 'product_additionals': '£0.70/100g'}, {'shop': 'tesco', 'url': 'https://www.tesco.com/groceries/en-GB/products/258609605', 'product_name': 'Tesco 4 Breaded Chunky Prime Cod Fillets 500G', 'product_price': '£ 3.60', 'product_additionals': '£7.20/kg'}, {'shop': 'tesco', 'url': 'https://www.tesco.com/groceries/en-GB/products/264566899', 'product_name': 'Tesco Breaded Chicken Mini Fillets 305G', 'product_price': '£ 2.50', 'product_additionals': '£8.20/kg'}, {'shop': 'tesco', 'url': 'https://www.tesco.com/groceries/en-GB/products/298864892', 'product_name': 'Tesco Free From Breaded Chicken Goujons 270G', 'product_price': '£ 2.00', 'product_additionals': '£7.41/kg'}, {'shop': 'tesco', 'url': 'https://www.tesco.com/groceries/en-GB/products/304377590', 'product_name': 'Tesco 2 Pack Breaded Garlic Chicken Kievs 260G', 'product_price': '£ 2.00', 'product_additionals': '£7.70/kg'}, {'shop': 'tesco', 'url': 'https://www.tesco.com/groceries/en-GB/products/303617798', 'product_name': 'Bfree 7 Grain Pitta Bread 220G', 'product_price': '£ 2.50', 'product_additionals': '£1.14/100g'}, {'shop': 'tesco', 'url': 'https://www.tesco.com/groceries/en-GB/products/281260313', 'product_name': 'Tesco 2 Breaded Chicken Breast Fillets 350', 'product_price': '£ 3.00', 'product_additionals': '£8.58/kg'}, {'shop': 'tesco', 'url': 'https://www.tesco.com/groceries/en-GB/products/259208151', 'product_name': 'Tesco 2 Pack Bread & Butter Pudding 2 X 120G', 'product_price': '£ 2.00', 'product_additionals': '£0.83/100g'}, {'shop': 'tesco', 'url': 'https://www.tesco.com/groceries/en-GB/products/299587383', 'product_name': 'Tesco Free From Breaded Chicken Goujons 300G', 'product_price': '£ 2.50', 'product_additionals': '£8.34/kg'}, {'shop': 'tesco', 'url': 'https://www.tesco.com/groceries/en-GB/products/251697723', 'product_name': 'Tesco Original Mini Breadsticks 100G', 'product_price': '£ 1.00', 'product_additionals': '£1.00/100g'}, {'shop': 'tesco', 'url': 'https://www.tesco.com/groceries/en-GB/products/286264762', 'product_name': 'Tesco Garlic & & Rosemary Flatbread 220G', 'product_price': '£ 1.60', 'product_additionals': '£0.73/100g'}, {'shop': 'tesco', 'url': 'https://www.tesco.com/groceries/en-GB/products/302181609', 'product_name': 'Fro Thyme & Sea Salt Crisp Bread 200G', 'product_price': '£ 1.95', 'product_additionals': '£0.98/100g'}, {'shop': 'tesco', 'url': 'https://www.tesco.com/groceries/en-GB/products/257911663', 'product_name': 'Tesco Finest Shortbread Assortment 400G', 'product_price': '£ 3.00', 'product_additionals': '£0.75/100g'}, {'shop': 'tesco', 'url': 'https://www.tesco.com/groceries/en-GB/products/291243774', 'product_name': 'Bfree Stone Baked Pitta Bread 220G', 'product_price': '£ 2.35', 'product_additionals': '£10.69/kg'}, {'shop': 'tesco', 'url': 'https://www.tesco.com/groceries/en-GB/products/263232582', 'product_name': 'Ryvita Whole- Grain Cracker- Bread 125G', 'product_price': '£ 1.19', 'product_additionals': '£0.95/100g'}, {'shop': 'tesco', 'url': 'https://www.tesco.com/groceries/en-GB/products/277731954', 'product_name': 'Crosta & Mollica Torines Breadsticks 120G', 'product_price': '£ 1.09', 'product_additionals': '£0.91/100g'}, {'shop': 'tesco', 'url': 'https://www.tesco.com/groceries/en-GB/products/304378272', 'product_name': 'Tesco Free From Shortbread 160G', 'product_price': '£ 1.50', 'product_additionals': '£0.94/100g'}, {'shop': 'tesco', 'url': 'https://www.tesco.com/groceries/en-GB/products/272651665', 'product_name': 'Tesco 6 Pack Mini Breadsticks 120G', 'product_price': '£ 1.30', 'product_additionals': '£1.09/100g'}, {'shop': 'tesco', 'url': 'https://www.tesco.com/groceries/en-GB/products/270953414', 'product_name': 'Tesco Wholetail Breaded Scampi 280G', 'product_price': '£ 3.00', 'product_additionals': '£10.72/kg'}, {'shop': 'tesco', 'url': 'https://www.tesco.com/groceries/en-GB/products/306493425', 'product_name': 'Tesco Plant Chef Breaded Meat Free Nuggets 180G', 'product_price': '£ 1.50', 'product_additionals': '£8.34/kg'}, {'shop': 'tesco', 'url': 'https://www.tesco.com/groceries/en-GB/products/290564310', 'product_name': 'Dr Karg 3 Seeds Crisp Bread Slices 200G', 'product_price': '£ 2.00', 'product_additionals': '£1.00/100g'}, {'shop': 'tesco', 'url': 'https://www.tesco.com/groceries/en-GB/products/271523387', 'product_name': 'Tesco 2 Breaded Chunky Cod Fillets 350G', 'product_price': '£ 3.50', 'product_additionals': '£10.00/kg'}, {'shop': 'tesco', 'url': 'https://www.tesco.com/groceries/en-GB/products/286242984', 'product_name': 'T.Sunblush Tomato Tomato & Garlic Flatbread 235G', 'product_price': '£ 1.60', 'product_additionals': '£0.68/100g'}, {'shop': 'tesco', 'url': 'https://www.tesco.com/groceries/en-GB/products/302181582', 'product_name': 'Fro Oat & Sunflower Seed Crisp Bread 200G', 'product_price': '£ 1.95', 'product_additionals': '£0.98/100g'}, {'shop': 'tesco', 'url': 'https://www.tesco.com/groceries/en-GB/products/302385928', 'product_name': 'Warburtons White Gluten Free Bread Sourdough 400G', 'product_price': '£ 3.40', 'product_additionals': '£0.85/100g'}, {'shop': 'tesco', 'url': 'https://www.tesco.com/groceries/en-GB/products/267285351', 'product_name': 'Tesco Hot & Spicy Breaded Chicken Mini Fillets 305G', 'product_price': '£ 2.50', 'product_additionals': '£8.20/kg'}, {'shop': 'tesco', 'url': 'https://www.tesco.com/groceries/en-GB/products/301012347', 'product_name': 'Ryvita Chia Seed & Buckwheat Protein Crisp Bread 200G', 'product_price': '£ 1.60', 'product_additionals': '£0.80/100g'}, {'shop': 'tesco', 'url': 'https://www.tesco.com/groceries/en-GB/products/303391723', 'product_name': 'Youngs Simply Breaded 4 Large Cod Fillets 440G', 'product_price': '£ 4.00', 'product_additionals': '£9.10/kg'}, {'shop': 'tesco', 'url': 'https://www.tesco.com/groceries/en-GB/products/303334280', 'product_name': 'Birds Eye 4 Large Breaded Haddock 440G', 'product_price': '£ 4.80', 'product_additionals': '£10.91/kg'}, {'shop': 'tesco', 'url': 'https://www.tesco.com/groceries/en-GB/products/271529162', 'product_name': 'Tesco 2 Breaded Chunky Haddock Fillets 350G', 'product_price': '£ 3.50', 'product_additionals': '£10.00/kg'}, {'shop': 'tesco', 'url': 'https://www.tesco.com/groceries/en-GB/products/264566997', 'product_name': 'Tesco Southern Fried Breaded Chicken Mini Fillets 305G', 'product_price': '£ 2.50', 'product_additionals': '£8.20/kg'}, {'shop': 'tesco', 'url': 'https://www.tesco.com/groceries/en-GB/products/251015495', 'product_name': 'Dairylea Dunkers Breadsticks 4 X 47G', 'product_price': '£ 2.25', 'product_additionals': '£11.97/kg'}, {'shop': 'tesco', 'url': 'https://www.tesco.com/groceries/en-GB/products/281865600', 'product_name': 'Tesco Free From 4 Breaded Chicken Steaks 380G', 'product_price': '£ 3.75', 'product_additionals': '£9.87/kg'}, {'shop': 'tesco', 'url': 'https://www.tesco.com/groceries/en-GB/products/304392571', 'product_name': 'Tesco Free From Gingerbread Men 154G', 'product_price': '£ 1.50', 'product_additionals': '£0.97/100g'}, {'shop': 'tesco', 'url': 'https://www.tesco.com/groceries/en-GB/products/256089410', 'product_name': 'Tesco Finest Scottish Shortbread Fingers 165G', 'product_price': '£ 1.35', 'product_additionals': '£0.82/100g'}, {'shop': 'tesco', 'url': 'https://www.tesco.com/groceries/en-GB/products/303334245', 'product_name': 'Birds Eye 4 Large Breaded Cod Fillets 440G', 'product_price': '£ 4.80', 'product_additionals': '£10.91/kg'}, {'shop': 'tesco', 'url': 'https://www.tesco.com/groceries/en-GB/products/307348073', 'product_name': 'Heat & Enjoy Garlic Bread 200G', 'product_price': '£ 3.00', 'product_additionals': '£15.00/kg'}, {'shop': 'tesco', 'url': 'https://www.tesco.com/groceries/en-GB/products/299936610', 'product_name': 'Tesco Finest Basil Pesto & Tomato Flatbread 245G', 'product_price': '£ 2.45', 'product_additionals': '£1.00/100g'}, {'shop': 'tesco', 'url': 'https://www.tesco.com/groceries/en-GB/products/281260768', 'product_name': 'Tesco 2 Southern Fried Breaded Chicken Fillets 300G', 'product_price': '£ 3.00', 'product_additionals': '£10.00/kg'}, {'shop': 'tesco', 'url': 'https://www.tesco.com/groceries/en-GB/products/302744032', 'product_name': 'The Artisan Bread Company Sesame Breadsticks 150G', 'product_price': '£ 1.60', 'product_additionals': '£1.07/100g'}, {'shop': 'tesco', 'url': 'https://www.tesco.com/groceries/en-GB/products/286266161', 'product_name': 'Tesco Finest Cheddar Red Onion Mini Flatbreads 295G', 'product_price': '£ 2.45', 'product_additionals': '£0.83/100g'}, {'shop': 'tesco', 'url': 'https://www.tesco.com/groceries/en-GB/products/302743880', 'product_name': 'The Artisan Bread Company Classic Breadsticks 150G', 'product_price': '£ 1.60', 'product_additionals': '£1.07/100g'}, {'shop': 'tesco', 'url': 'https://www.tesco.com/groceries/en-GB/products/260391973', 'product_name': 'Dr Karg Organic Cheese & Pumpkin Seed Crisp Bread 200G', 'product_price': '£ 2.00', 'product_additionals': '£1.00/100g'}, {'shop': 'tesco', 'url': 'https://www.tesco.com/groceries/en-GB/products/302744019', 'product_name': 'The Artisan Bread Company Rosemary Breadsticks 150G', 'product_price': '£ 1.60', 'product_additionals': '£1.07/100g'}, {'shop': 'tesco', 'url': 'https://www.tesco.com/groceries/en-GB/products/299054069', 'product_name': 'Tesco Breaded Wholetail Scampi 200G', 'product_price': '£ 3.00', 'product_additionals': '£15.00/kg'}, {'shop': 'tesco', 'url': 'https://www.tesco.com/groceries/en-GB/products/300954309', 'product_name': 'The Artisan Bread Company Wheat Toast 125G', 'product_price': '£ 1.60', 'product_additionals': '£1.28/100g'}, {'shop': 'tesco', 'url': 'https://www.tesco.com/groceries/en-GB/products/293417975', 'product_name': 'Marmite Flatbreads 140G', 'product_price': '£ 2.45', 'product_additionals': '£1.75/100g'}, {'shop': 'tesco', 'url': 'https://www.tesco.com/groceries/en-GB/products/255335829', 'product_name': 'Organix Gingerbread Men 135G', 'product_price': '£ 2.00', 'product_additionals': '£1.49/100g'}, {'shop': 'tesco', 'url': 'https://www.tesco.com/groceries/en-GB/products/297373973', 'product_name': 'Bfree Stone Bake Gluten Free Pitta Bread 6X32g', 'product_price': '£ 2.50', 'product_additionals': '£1.31/100g'}, {'shop': 'tesco', 'url': 'https://www.tesco.com/groceries/en-GB/products/305435877', 'product_name': 'Creative Nature W.Grain Banana Bread Baking Mix 250G', 'product_price': '£ 2.99', 'product_additionals': '£11.96/kg'}, {'shop': 'tesco', 'url': 'https://www.tesco.com/groceries/en-GB/products/304408969', 'product_name': 'The Pizza Company Deep Filled Garlic Bread 2 Pack 230G', 'product_price': '£ 3.00', 'product_additionals': '£1.31/100g'}, {'shop': 'tesco', 'url': 'https://www.tesco.com/groceries/en-GB/products/267077511', 'product_name': 'Jacobs Flatbread Salt & Cracked Black Pepper 150G', 'product_price': '£ 1.79', 'product_additionals': '£1.20/100g'}, {'shop': 'tesco', 'url': 'https://www.tesco.com/groceries/en-GB/products/302744625', 'product_name': 'The Artisan Bread Co Garlic & Basil Sticks 100G', 'product_price': '£ 1.60', 'product_additionals': '£1.60/100g'}, {'shop': 'tesco', 'url': 'https://www.tesco.com/groceries/en-GB/products/301804113', 'product_name': 'Nairns Gluten Free Rosemary & Sea Salt Flatbreads 150G', 'product_price': '£ 1.75', 'product_additionals': '£1.17/100g'}, {'shop': 'tesco', 'url': 'https://www.tesco.com/groceries/en-GB/products/266197791', 'product_name': 'Organix Mini Gingerbread Men 5 X 25G', 'product_price': '£ 2.30', 'product_additionals': '£18.40/kg'}, {'shop': 'tesco', 'url': 'https://www.tesco.com/groceries/en-GB/products/304797553', 'product_name': 'Tesco Finest Garlic & Extra Virgin Olive Oil Flatbread 200G', 'product_price': '£ 2.45', 'product_additionals': '£1.23/100g'}, {'shop': 'tesco', 'url': 'https://www.tesco.com/groceries/en-GB/products/302744055', 'product_name': 'The Artisan Bread Co Garlic & Chilli Flatbread 75G', 'product_price': '£ 1.60', 'product_additionals': '£2.14/100g'}, {'shop': 'tesco', 'url': 'https://www.tesco.com/groceries/en-GB/products/300954322', 'product_name': 'Counter The Artisan Bread Company Tomato Sal Brus 70G', 'product_price': '£ 1.60', 'product_additionals': '£2.29/100g'}, {'shop': 'tesco', 'url': 'https://www.tesco.com/groceries/en-GB/products/307135618', 'product_name': 'Trek Power Millionaire Shortbread Bar 55G', 'product_price': '£ 1.75', 'product_additionals': '£3.19/100g'}, {'shop': 'tesco', 'url': 'https://www.tesco.com/groceries/en-GB/products/308482988', 'product_name': 'Simplycook Lamb Kofta Flatbread Recipe Kit 65G', 'product_price': '£ 2.50', 'product_additionals': '£3.85/100g'}]


bestFromShops[[], [], [{'shop': 'tesco', 'url': 'https://www.tesco.com/groceries/en-GB/products/254945564', 'product_name': 'Tesco 6 White Pitta Bread', 'product_price': '£ 0.45', 'product_additionals': '£0.08/each'}], [], []]


