Bread

Prod_checked
[{'shop': 'aldi', 'url': 'https://www.aldi.co.uk/4-breaded-cod-fish-fillets/p/041949410422602', 'product_name': '4 Breaded Cod Fish Fillets', 'product_price': '2.39', 'product_additionals': '£4.78 per kg'}, {'shop': 'aldi', 'url': 'https://www.aldi.co.uk/6-white-folded-flatbreads/p/010790255115100', 'product_name': '6 White Folded Flatbreads', 'product_price': '0.69', 'product_additionals': '33p per 100g'}, {'shop': 'aldi', 'url': 'https://www.aldi.co.uk/all-butter-shortbread-fingers/p/046072003630600', 'product_name': 'All Butter Shortbread Fingers', 'product_price': '0.39', 'product_additionals': '18.6p per 100g'}, {'shop': 'tesco', 'url': 'https://www.tesco.com/groceries/en-GB/products/256783233', 'product_name': 'Allinson Strong White Bread Flour 1.5Kg', 'product_price': '£ 2.00', 'product_additionals': '£1.34/kg'}, {'shop': 'tesco', 'url': 'https://www.tesco.com/groceries/en-GB/products/307138172', 'product_name': 'Allinson Strong White Bread Flour 1Kg', 'product_price': '£ 1.80', 'product_additionals': '£1.80/kg'}, {'shop': 'tesco', 'url': 'https://www.tesco.com/groceries/en-GB/products/271273388', 'product_name': 'Allinson Wholemeal Bread 1.5Kg', 'product_price': '£ 2.00', 'product_additionals': '£1.34/kg'}, {'shop': 'tesco', 'url': 'https://www.tesco.com/groceries/en-GB/products/306822170', 'product_name': "Allinson's Country Grain Bread Flour 1Kg", 'product_price': '£ 1.50', 'product_additionals': '£1.50/kg'}, {'shop': 'tesco', 'url': 'https://www.tesco.com/groceries/en-GB/products/307753917', 'product_name': 'Betty Crocker Salted Caramel Shortbread Mix 345G', 'product_price': '£ 2.00', 'product_additionals': '£5.80/kg'}, {'shop': 'tesco', 'url': 'https://www.tesco.com/groceries/en-GB/products/303617798', 'product_name': 'Bfree 7 Grain Pitta Bread 220G', 'product_price': '£ 2.50', 'product_additionals': '£1.14/100g'}, {'shop': 'tesco', 'url': 'https://www.tesco.com/groceries/en-GB/products/297373973', 'product_name': 'Bfree Stone Bake Gluten Free Pitta Bread 6X32g', 'product_price': '£ 2.50', 'product_additionals': '£1.31/100g'}, {'shop': 'tesco', 'url': 'https://www.tesco.com/groceries/en-GB/products/291243774', 'product_name': 'Bfree Stone Baked Pitta Bread 220G', 'product_price': '£ 2.35', 'product_additionals': '£10.69/kg'}, {'shop': 'tesco', 'url': 'https://www.tesco.com/groceries/en-GB/products/303334245', 'product_name': 'Birds Eye 4 Large Breaded Cod Fillets 440G', 'product_price': '£ 4.80', 'product_additionals': '£10.91/kg'}, {'shop': 'tesco', 'url': 'https://www.tesco.com/groceries/en-GB/products/303334280', 'product_name': 'Birds Eye 4 Large Breaded Haddock 440G', 'product_price': '£ 4.80', 'product_additionals': '£10.91/kg'}, {'shop': 'aldi', 'url': 'https://www.aldi.co.uk/breaded-chicken-mini-fillets/p/016060276702000', 'product_name': 'Breaded Chicken Mini Fillets', 'product_price': '2.15', 'product_additionals': '£7.05 per kg'}, {'shop': 'aldi', 'url': 'https://www.aldi.co.uk/breaded-ham/p/706315410178601', 'product_name': 'Breaded Ham', 'product_price': '1.59', 'product_additionals': '39.8p per 100g'}, {'shop': 'aldi', 'url': 'https://www.aldi.co.uk/breaded-hot-%26-spicy-chicken-strips/p/016802278453400', 'product_name': 'Breaded Hot & Spicy Chicken Strips', 'product_price': '2.15', 'product_additionals': '£7.05 per kg'}, {'shop': 'aldi', 'url': 'https://www.aldi.co.uk/cheddar-cheese-%26-red-onion-flatbread/p/701013314550000', 'product_name': 'Cheddar Cheese & Red Onion Flatbread', 'product_price': '1.69', 'product_additionals': '£6.76 per kg'}, {'shop': 'aldi', 'url': 'https://www.aldi.co.uk/chocolate-chunk-shortbread-rounds/p/062612247688101', 'product_name': 'Chocolate Chunk Shortbread Rounds', 'product_price': '1.09', 'product_additionals': '68.1p per 100g'}, {'shop': 'aldi', 'url': 'https://www.aldi.co.uk/chunky-breaded-haddock-fish-fillets/p/004132092084200', 'product_name': 'Chunky Breaded Haddock Fish Fillets', 'product_price': '2.59', 'product_additionals': '£5.18 per kg'}, {'shop': 'tesco', 'url': 'https://www.tesco.com/groceries/en-GB/products/305733449', 'product_name': 'Clay Oven Bakery 2 Large Stretched Naan Bread 360G', 'product_price': '£ 1.50', 'product_additionals': '£0.42/100g'}, {'shop': 'tesco', 'url': 'https://www.tesco.com/groceries/en-GB/products/306798939', 'product_name': 'Clay Oven Bakery 2 Plain Naan Breads 360G', 'product_price': '£ 1.50', 'product_additionals': '£0.42/100g'}, {'shop': 'tesco', 'url': 'https://www.tesco.com/groceries/en-GB/products/300954322', 'product_name': 'Counter The Artisan Bread Company Tomato Sal Brus 70G', 'product_price': '£ 1.60', 'product_additionals': '£2.29/100g'}, {'shop': 'tesco', 'url': 'https://www.tesco.com/groceries/en-GB/products/305435877', 'product_name': 'Creative Nature W.Grain Banana Bread Baking Mix 250G', 'product_price': '£ 2.99', 'product_additionals': '£11.96/kg'}, {'shop': 'tesco', 'url': 'https://www.tesco.com/groceries/en-GB/products/277731954', 'product_name': 'Crosta & Mollica Torines Breadsticks 120G', 'product_price': '£ 1.09', 'product_additionals': '£0.91/100g'}, {'shop': 'tesco', 'url': 'https://www.tesco.com/groceries/en-GB/products/251015495', 'product_name': 'Dairylea Dunkers Breadsticks 4 X 47G', 'product_price': '£ 2.25', 'product_additionals': '£11.97/kg'}, {'shop': 'tesco', 'url': 'https://www.tesco.com/groceries/en-GB/products/305530793', 'product_name': 'Deli Kitchen 4 Greek Style Flatbreads 320G', 'product_price': '£ 1.35', 'product_additionals': '£0.42/100g'}, {'shop': 'tesco', 'url': 'https://www.tesco.com/groceries/en-GB/products/257123599', 'product_name': 'Doves Farm Gluten Free White Bread Flour 1Kg', 'product_price': '£ 1.70', 'product_additionals': '£1.70/kg'}, {'shop': 'tesco', 'url': 'https://www.tesco.com/groceries/en-GB/products/290564310', 'product_name': 'Dr Karg 3 Seeds Crisp Bread Slices 200G', 'product_price': '£ 2.00', 'product_additionals': '£1.00/100g'}, {'shop': 'tesco', 'url': 'https://www.tesco.com/groceries/en-GB/products/260391973', 'product_name': 'Dr Karg Organic Cheese & Pumpkin Seed Crisp Bread 200G', 'product_price': '£ 2.00', 'product_additionals': '£1.00/100g'}, {'shop': 'tesco', 'url': 'https://www.tesco.com/groceries/en-GB/products/292759370', 'product_name': "Ella's Kitchen Banana & Vanilla Bread Pudding 4X80g", 'product_price': '£ 1.75', 'product_additionals': '£4.87/kg'}, {'shop': 'tesco', 'url': 'https://www.tesco.com/groceries/en-GB/products/279844604', 'product_name': 'Fedon Breadsticks With Sesame Seeds250g', 'product_price': '£ 1.50', 'product_additionals': '£0.60/100g'}, {'shop': 'aldi', 'url': 'https://www.aldi.co.uk/finely-sliced-breaded-ham/p/010021285889300', 'product_name': 'Finely Sliced Breaded Ham', 'product_price': '1.49', 'product_additionals': '£1.49 per 100g'}, {'shop': 'tesco', 'url': 'https://www.tesco.com/groceries/en-GB/products/257800909', 'product_name': 'Finest Triple Chocolate Shortbread 4 Pack', 'product_price': '£ 1.50', 'product_additionals': '£0.38/each'}, {'shop': 'aldi', 'url': 'https://www.aldi.co.uk/flat-bread-thins-cheese-%26-pepper/p/074900259327501', 'product_name': 'Flat Bread Thins Cheese & Pepper', 'product_price': '0.49', 'product_additionals': '98p per 100g'}, {'shop': 'aldi', 'url': 'https://www.aldi.co.uk/flatbread-thin-bites-sweet-chilli/p/074900259327702', 'product_name': 'Flatbread Thin Bites Sweet Chilli', 'product_price': '0.49', 'product_additionals': '98p per 100g'}, {'shop': 'tesco', 'url': 'https://www.tesco.com/groceries/en-GB/products/302181582', 'product_name': 'Fro Oat & Sunflower Seed Crisp Bread 200G', 'product_price': '£ 1.95', 'product_additionals': '£0.98/100g'}, {'shop': 'tesco', 'url': 'https://www.tesco.com/groceries/en-GB/products/302181609', 'product_name': 'Fro Thyme & Sea Salt Crisp Bread 200G', 'product_price': '£ 1.95', 'product_additionals': '£0.98/100g'}, {'shop': 'aldi', 'url': 'https://www.aldi.co.uk/golden-breadcrumbs/p/015497306817301', 'product_name': 'Golden Breadcrumbs', 'product_price': '0.65', 'product_additionals': '37.1p per 100g'}, {'shop': 'tesco', 'url': 'https://www.tesco.com/groceries/en-GB/products/299045570', 'product_name': "H W Nevill's White Bread 800G", 'product_price': '£ 0.36', 'product_additionals': '£0.04/100g'}, {'shop': 'tesco', 'url': 'https://www.tesco.com/groceries/en-GB/products/299045558', 'product_name': "H W Nevill's Wholemeal Bread 800G", 'product_price': '£ 0.36', 'product_additionals': '£0.04/100g'}, {'shop': 'tesco', 'url': 'https://www.tesco.com/groceries/en-GB/products/299587469', 'product_name': 'Hearty Food Co 20 Breaded Chicken Nuggets 320G', 'product_price': '£ 0.85', 'product_additionals': '£2.66/kg'}, {'shop': 'tesco', 'url': 'https://www.tesco.com/groceries/en-GB/products/299596458', 'product_name': 'Hearty Food Co 8 Breaded Chicken Burgers 456G', 'product_price': '£ 0.97', 'product_additionals': '£2.13/kg'}, {'shop': 'tesco', 'url': 'https://www.tesco.com/groceries/en-GB/products/306945888', 'product_name': 'Hearty Food Co. 4 Breaded Chicken Steaks 505G', 'product_price': '£ 1.69', 'product_additionals': '£3.35/kg'}, {'shop': 'tesco', 'url': 'https://www.tesco.com/groceries/en-GB/products/298865009', 'product_name': 'Hearty Food Co. Breaded Chicken Goujons 270G', 'product_price': '£ 1.05', 'product_additionals': '£3.89/kg'}, {'shop': 'tesco', 'url': 'https://www.tesco.com/groceries/en-GB/products/307348073', 'product_name': 'Heat & Enjoy Garlic Bread 200G', 'product_price': '£ 3.00', 'product_additionals': '£15.00/kg'}, {'shop': 'tesco', 'url': 'https://www.tesco.com/groceries/en-GB/products/274811254', 'product_name': 'Hovis 7 Seeds Wholemeal Bread 800G', 'product_price': '£ 1.50', 'product_additionals': '£0.19/100g'}, {'shop': 'tesco', 'url': 'https://www.tesco.com/groceries/en-GB/products/279505857', 'product_name': 'Hovis Best Of Both Medium White Bread 750G', 'product_price': '£ 1.10', 'product_additionals': '£0.15/100g'}, {'shop': 'tesco', 'url': 'https://www.tesco.com/groceries/en-GB/products/279505707', 'product_name': 'Hovis Best Of Both Thick White Bread 750G', 'product_price': '£ 1.10', 'product_additionals': '£0.15/100g'}, {'shop': 'tesco', 'url': 'https://www.tesco.com/groceries/en-GB/products/250871708', 'product_name': 'Hovis Granary Thick Bread 800G', 'product_price': '£ 1.45', 'product_additionals': '£0.18/100g'}, {'shop': 'tesco', 'url': 'https://www.tesco.com/groceries/en-GB/products/254944133', 'product_name': 'Hovis Granary Wholemeal Bread 800G', 'product_price': '£ 1.45', 'product_additionals': '£0.18/100g'}, {'shop': 'tesco', 'url': 'https://www.tesco.com/groceries/en-GB/products/274811214', 'product_name': 'Hovis Original 7 Seeds Bread 800G', 'product_price': '£ 1.50', 'product_additionals': '£0.19/100g'}, {'shop': 'tesco', 'url': 'https://www.tesco.com/groceries/en-GB/products/259747508', 'product_name': 'Hovis Original Granary Bread 400G', 'product_price': '£ 0.95', 'product_additionals': '£0.24/100g'}, {'shop': 'tesco', 'url': 'https://www.tesco.com/groceries/en-GB/products/267363266', 'product_name': 'Hovis Soft White Extra Thick Bread 800G', 'product_price': '£ 1.10', 'product_additionals': '£0.14/100g'}, {'shop': 'tesco', 'url': 'https://www.tesco.com/groceries/en-GB/products/256174499', 'product_name': 'Hovis Soft White Medium Bread 800G', 'product_price': '£ 1.09', 'product_additionals': '£0.14/100g'}, {'shop': 'tesco', 'url': 'https://www.tesco.com/groceries/en-GB/products/254550817', 'product_name': 'Hovis Soft White Thick Bread 800G', 'product_price': '£ 1.10', 'product_additionals': '£0.14/100g'}, {'shop': 'tesco', 'url': 'https://www.tesco.com/groceries/en-GB/products/250829858', 'product_name': 'Hovis Wholemeal Medium Bread 400G', 'product_price': '£ 0.85', 'product_additionals': '£0.21/100g'}, {'shop': 'tesco', 'url': 'https://www.tesco.com/groceries/en-GB/products/255000362', 'product_name': 'Hovis Wholemeal Medium Bread 800G', 'product_price': '£ 1.10', 'product_additionals': '£0.14/100g'}, {'shop': 'tesco', 'url': 'https://www.tesco.com/groceries/en-GB/products/263518014', 'product_name': 'Hovis Wholemeal Thick Bread 800G', 'product_price': '£ 1.10', 'product_additionals': '£0.14/100g'}, {'shop': 'tesco', 'url': 'https://www.tesco.com/groceries/en-GB/products/308093498', 'product_name': "Irwin's Traditional Wheaten Bread", 'product_price': '£ 1.20', 'product_additionals': '£1.20/each'}, {'shop': 'tesco', 'url': 'https://www.tesco.com/groceries/en-GB/products/281840917', 'product_name': 'Jacobs Chive Crisp Bread 190G', 'product_price': '£ 1.49', 'product_additionals': '£0.78/100g'}, {'shop': 'tesco', 'url': 'https://www.tesco.com/groceries/en-GB/products/267077511', 'product_name': 'Jacobs Flatbread Salt & Cracked Black Pepper 150G', 'product_price': '£ 1.79', 'product_additionals': '£1.20/100g'}, {'shop': 'tesco', 'url': 'https://www.tesco.com/groceries/en-GB/products/281841254', 'product_name': 'Jacobs Mixed Grain Crisp Bread 190G', 'product_price': '£ 1.49', 'product_additionals': '£0.78/100g'}, {'shop': 'tesco', 'url': 'https://www.tesco.com/groceries/en-GB/products/261738730', 'product_name': 'Kingsmill 50/50 Medium Bread 800G', 'product_price': '£ 0.85', 'product_additionals': '£0.11/100g'}, {'shop': 'tesco', 'url': 'https://www.tesco.com/groceries/en-GB/products/260630288', 'product_name': 'Kingsmill 50/50 No Crusts Bread 400G', 'product_price': '£ 1.40', 'product_additionals': '£0.35/100g'}, {'shop': 'tesco', 'url': 'https://www.tesco.com/groceries/en-GB/products/252065992', 'product_name': 'Kingsmill 50/50 Thick Bread 800G', 'product_price': '£ 0.85', 'product_additionals': '£0.11/100g'}, {'shop': 'tesco', 'url': 'https://www.tesco.com/groceries/en-GB/products/259804954', 'product_name': 'Kingsmill Soft White Medium Bread 800G', 'product_price': '£ 0.95', 'product_additionals': '£0.12/100g'}, {'shop': 'tesco', 'url': 'https://www.tesco.com/groceries/en-GB/products/259804983', 'product_name': 'Kingsmill Soft White Thick Bread 800G', 'product_price': '£ 0.95', 'product_additionals': '£0.12/100g'}, {'shop': 'tesco', 'url': 'https://www.tesco.com/groceries/en-GB/products/252990345', 'product_name': 'Kingsmill Tasty Wholemeal Medium Bread 800G', 'product_price': '£ 0.95', 'product_additionals': '£0.12/100g'}, {'shop': 'tesco', 'url': 'https://www.tesco.com/groceries/en-GB/products/293417975', 'product_name': 'Marmite Flatbreads 140G', 'product_price': '£ 2.45', 'product_additionals': '£1.75/100g'}, {'shop': 'tesco', 'url': 'https://www.tesco.com/groceries/en-GB/products/308094029', 'product_name': 'Mission 6 Plain Pitta Breads', 'product_price': '£ 0.80', 'product_additionals': '£0.13/each'}, {'shop': 'tesco', 'url': 'https://www.tesco.com/groceries/en-GB/products/306932886', 'product_name': 'Molino Pasini Pizza & Focaccia Bread Mix 1000G', 'product_price': '£ 1.70', 'product_additionals': '£1.70/kg'}, {'shop': 'tesco', 'url': 'https://www.tesco.com/groceries/en-GB/products/301804113', 'product_name': 'Nairns Gluten Free Rosemary & Sea Salt Flatbreads 150G', 'product_price': '£ 1.75', 'product_additionals': '£1.17/100g'}, {'shop': 'tesco', 'url': 'https://www.tesco.com/groceries/en-GB/products/302289949', 'product_name': 'Nishaan Plain Mini Naan Breads 6 Pack 300G', 'product_price': '£ 1.20', 'product_additionals': '£0.40/100g'}, {'shop': 'tesco', 'url': 'https://www.tesco.com/groceries/en-GB/products/307145249', 'product_name': 'Northern Dough Co. Sourdough Bread Dough 440G', 'product_price': '£ 2.50', 'product_additionals': '£0.57/100g'}, {'shop': 'tesco', 'url': 'https://www.tesco.com/groceries/en-GB/products/255335829', 'product_name': 'Organix Gingerbread Men 135G', 'product_price': '£ 2.00', 'product_additionals': '£1.49/100g'}, {'shop': 'tesco', 'url': 'https://www.tesco.com/groceries/en-GB/products/266197791', 'product_name': 'Organix Mini Gingerbread Men 5 X 25G', 'product_price': '£ 2.30', 'product_additionals': '£18.40/kg'}, {'shop': 'aldi', 'url': 'https://www.aldi.co.uk/original-rye-crispbread/p/705395401383800', 'product_name': 'Original Rye Crispbread', 'product_price': '0.59', 'product_additionals': '23.6p per 100g'}, {'shop': 'tesco', 'url': 'https://www.tesco.com/groceries/en-GB/products/250523085', 'product_name': 'Pataks Garlic & Coriander Naan Bread 2 Pack', 'product_price': '£ 1.25', 'product_additionals': '£0.62/each'}, {'shop': 'tesco', 'url': 'https://www.tesco.com/groceries/en-GB/products/259170533', 'product_name': 'Pataks Peshwari Naan Bread 2Pack', 'product_price': '£ 1.25', 'product_additionals': '£0.62/each'}, {'shop': 'tesco', 'url': 'https://www.tesco.com/groceries/en-GB/products/250506912', 'product_name': 'Pataks Plain Naan Bread 2 Pack', 'product_price': '£ 1.25', 'product_additionals': '£0.62/each'}, {'shop': 'tesco', 'url': 'https://www.tesco.com/groceries/en-GB/products/258199403', 'product_name': "Paterson's Shortbread Fingers 380G", 'product_price': '£ 1.00', 'product_additionals': '£0.26/100g'}, {'shop': 'tesco', 'url': 'https://www.tesco.com/groceries/en-GB/products/262106716', 'product_name': 'Paxo Golden Breadcrumbs 227G', 'product_price': '£ 1.10', 'product_additionals': '£4.85/kg'}, {'shop': 'tesco', 'url': 'https://www.tesco.com/groceries/en-GB/products/262106739', 'product_name': 'Paxo Natural Breadcrumbs 227G', 'product_price': '£ 1.10', 'product_additionals': '£4.85/kg'}, {'shop': 'tesco', 'url': 'https://www.tesco.com/groceries/en-GB/products/306805663', 'product_name': 'Paxo Southern Fried Breadcrumbs 200G', 'product_price': '£ 1.30', 'product_additionals': '£6.50/kg'}, {'shop': 'tesco', 'url': 'https://www.tesco.com/groceries/en-GB/products/296844942', 'product_name': 'Polish Bakery Highlander Bread Sourdough 800G', 'product_price': '£ 1.35', 'product_additionals': '£0.17/100g'}, {'shop': 'tesco', 'url': 'https://www.tesco.com/groceries/en-GB/products/263190209', 'product_name': 'Prymat Breadcrumbs 400G', 'product_price': '£ 1.00', 'product_additionals': '£2.50/kg'}, {'shop': 'tesco', 'url': 'https://www.tesco.com/groceries/en-GB/products/301012347', 'product_name': 'Ryvita Chia Seed & Buckwheat Protein Crisp Bread 200G', 'product_price': '£ 1.60', 'product_additionals': '£0.80/100g'}, {'shop': 'tesco', 'url': 'https://www.tesco.com/groceries/en-GB/products/266319153', 'product_name': 'Ryvita Cracked Black Pepper Crisp Bread 5X40g', 'product_price': '£ 0.99', 'product_additionals': '£0.50/100g'}, {'shop': 'tesco', 'url': 'https://www.tesco.com/groceries/en-GB/products/254926368', 'product_name': 'Ryvita Crackerbread 200G', 'product_price': '£ 1.19', 'product_additionals': '£0.60/100g'}, {'shop': 'tesco', 'url': 'https://www.tesco.com/groceries/en-GB/products/256001031', 'product_name': 'Ryvita Dark Rye Crisp Bread 250G', 'product_price': '£ 1.19', 'product_additionals': '£0.48/100g'}, {'shop': 'tesco', 'url': 'https://www.tesco.com/groceries/en-GB/products/261212413', 'product_name': 'Ryvita Fruit Crunch Crisp Bread 200G', 'product_price': '£ 0.99', 'product_additionals': '£0.50/100g'}, {'shop': 'tesco', 'url': 'https://www.tesco.com/groceries/en-GB/products/251107559', 'product_name': 'Ryvita Multigrain Rye Bread 250G', 'product_price': '£ 1.25', 'product_additionals': '£0.50/100g'}, {'shop': 'tesco', 'url': 'https://www.tesco.com/groceries/en-GB/products/256001296', 'product_name': 'Ryvita Original Crisp Bread 250G', 'product_price': '£ 1.19', 'product_additionals': '£0.48/100g'}, {'shop': 'tesco', 'url': 'https://www.tesco.com/groceries/en-GB/products/255269055', 'product_name': 'Ryvita Pumpkin & Oats Crisp Bread 4X50g', 'product_price': '£ 0.99', 'product_additionals': '£0.50/100g'}, {'shop': 'tesco', 'url': 'https://www.tesco.com/groceries/en-GB/products/254926420', 'product_name': 'Ryvita Sesame Crisp Bread 250G', 'product_price': '£ 1.25', 'product_additionals': '£0.50/100g'}, {'shop': 'tesco', 'url': 'https://www.tesco.com/groceries/en-GB/products/263232582', 'product_name': 'Ryvita Whole- Grain Cracker- Bread 125G', 'product_price': '£ 1.19', 'product_additionals': '£0.95/100g'}, {'shop': 'tesco', 'url': 'https://www.tesco.com/groceries/en-GB/products/268890894', 'product_name': 'Schar Crisp Bread 150G', 'product_price': '£ 1.30', 'product_additionals': '£0.87/100g'}, {'shop': 'aldi', 'url': 'https://www.aldi.co.uk/sesame-crispbread/p/705396401384000', 'product_name': 'Sesame Crispbread', 'product_price': '0.59', 'product_additionals': '23.6p per 100g'}, {'shop': 'tesco', 'url': 'https://www.tesco.com/groceries/en-GB/products/308482988', 'product_name': 'Simplycook Lamb Kofta Flatbread Recipe Kit 65G', 'product_price': '£ 2.50', 'product_additionals': '£3.85/100g'}, {'shop': 'aldi', 'url': 'https://www.aldi.co.uk/soft-white-thick-bread/p/701827332875700', 'product_name': 'Soft White Thick Bread', 'product_price': '1.10', 'product_additionals': '13.8p per 100g'}, {'shop': 'aldi', 'url': 'https://www.aldi.co.uk/stonebaked-flatbread-chicken-%26-mango/p/705761383096600', 'product_name': 'Stonebaked Flatbread Chicken & Mango', 'product_price': '1.75', 'product_additionals': '44.9p per 100g'}, {'shop': 'tesco', 'url': 'https://www.tesco.com/groceries/en-GB/products/286242984', 'product_name': 'T.Sunblush Tomato Tomato & Garlic Flatbread 235G', 'product_price': '£ 1.60', 'product_additionals': '£0.68/100g'}, {'shop': 'tesco', 'url': 'https://www.tesco.com/groceries/en-GB/products/308110957', 'product_name': 'Tesco 10 Mini Easter Gingerbread Men', 'product_price': '£ 1.00', 'product_additionals': '£0.10/each'}, {'shop': 'tesco', 'url': 'https://www.tesco.com/groceries/en-GB/products/281260313', 'product_name': 'Tesco 2 Breaded Chicken Breast Fillets 350', 'product_price': '£ 3.00', 'product_additionals': '£8.58/kg'}, {'shop': 'tesco', 'url': 'https://www.tesco.com/groceries/en-GB/products/271523387', 'product_name': 'Tesco 2 Breaded Chunky Cod Fillets 350G', 'product_price': '£ 3.50', 'product_additionals': '£10.00/kg'}, {'shop': 'tesco', 'url': 'https://www.tesco.com/groceries/en-GB/products/271529162', 'product_name': 'Tesco 2 Breaded Chunky Haddock Fillets 350G', 'product_price': '£ 3.50', 'product_additionals': '£10.00/kg'}, {'shop': 'tesco', 'url': 'https://www.tesco.com/groceries/en-GB/products/304381123', 'product_name': 'Tesco 2 Breaded Cod Fillets 300G', 'product_price': '£ 2.75', 'product_additionals': '£9.17/kg'}, {'shop': 'tesco', 'url': 'https://www.tesco.com/groceries/en-GB/products/259208151', 'product_name': 'Tesco 2 Pack Bread & Butter Pudding 2 X 120G', 'product_price': '£ 2.00', 'product_additionals': '£0.83/100g'}, {'shop': 'tesco', 'url': 'https://www.tesco.com/groceries/en-GB/products/304377590', 'product_name': 'Tesco 2 Pack Breaded Garlic Chicken Kievs 260G', 'product_price': '£ 2.00', 'product_additionals': '£7.70/kg'}, {'shop': 'tesco', 'url': 'https://www.tesco.com/groceries/en-GB/products/303315815', 'product_name': 'Tesco 2 Plain Naan Breads', 'product_price': '£ 0.75', 'product_additionals': '£0.38/each'}, {'shop': 'tesco', 'url': 'https://www.tesco.com/groceries/en-GB/products/281260768', 'product_name': 'Tesco 2 Southern Fried Breaded Chicken Fillets 300G', 'product_price': '£ 3.00', 'product_additionals': '£10.00/kg'}, {'shop': 'tesco', 'url': 'https://www.tesco.com/groceries/en-GB/products/271023178', 'product_name': 'Tesco 30 Breaded Chicken Breast Nuggets 450G', 'product_price': '£ 1.50', 'product_additionals': '£3.34/kg'}, {'shop': 'tesco', 'url': 'https://www.tesco.com/groceries/en-GB/products/286932070', 'product_name': 'Tesco 30 Mini Gingerbread 330G', 'product_price': '£ 1.80', 'product_additionals': '£0.55/100g'}, {'shop': 'tesco', 'url': 'https://www.tesco.com/groceries/en-GB/products/274730488', 'product_name': 'Tesco 30 Mini Gingerbread Men 270G', 'product_price': '£ 1.80', 'product_additionals': '£0.67/100g'}, {'shop': 'tesco', 'url': 'https://www.tesco.com/groceries/en-GB/products/297683100', 'product_name': 'Tesco 4 Breaded Chicken Steaks 380G', 'product_price': '£ 1.65', 'product_additionals': '£4.35/kg'}, {'shop': 'tesco', 'url': 'https://www.tesco.com/groceries/en-GB/products/264567506', 'product_name': 'Tesco 4 Breaded Chicken Steaks 505G', 'product_price': '£ 2.50', 'product_additionals': '£4.96/kg'}, {'shop': 'tesco', 'url': 'https://www.tesco.com/groceries/en-GB/products/258609605', 'product_name': 'Tesco 4 Breaded Chunky Prime Cod Fillets 500G', 'product_price': '£ 3.60', 'product_additionals': '£7.20/kg'}, {'shop': 'tesco', 'url': 'https://www.tesco.com/groceries/en-GB/products/266195171', 'product_name': 'Tesco 4 Breaded Cod Fillets 500G', 'product_price': '£ 3.00', 'product_additionals': '£6.00/kg'}, {'shop': 'tesco', 'url': 'https://www.tesco.com/groceries/en-GB/products/290017687', 'product_name': 'Tesco 4 Breaded Cod Fishcakes 340G', 'product_price': '£ 2.00', 'product_additionals': '£5.89/kg'}, {'shop': 'tesco', 'url': 'https://www.tesco.com/groceries/en-GB/products/305731289', 'product_name': 'Tesco 4 Breaded Plaice Fillets 500G', 'product_price': '£ 4.00', 'product_additionals': '£8.00/kg'}, {'shop': 'tesco', 'url': 'https://www.tesco.com/groceries/en-GB/products/293535996', 'product_name': 'Tesco 4 Cheese & Bacon Breaded Chicken Kievs 500G', 'product_price': '£ 2.50', 'product_additionals': '£0.50/100g'}, {'shop': 'tesco', 'url': 'https://www.tesco.com/groceries/en-GB/products/264322746', 'product_name': 'Tesco 4 Garlic Butter Breaded Chicken Kievs 500G', 'product_price': '£ 2.50', 'product_additionals': '£5.00/kg'}, {'shop': 'tesco', 'url': 'https://www.tesco.com/groceries/en-GB/products/264567593', 'product_name': 'Tesco 4 Southern Fried Breaded Chicken Steaks 505G', 'product_price': '£ 2.50', 'product_additionals': '£4.96/kg'}, {'shop': 'tesco', 'url': 'https://www.tesco.com/groceries/en-GB/products/305527187', 'product_name': 'Tesco 5 Decorate Your Own Gingerbread Easter Egg Kit', 'product_price': '£ 1.80', 'product_additionals': '£0.36/each'}, {'shop': 'tesco', 'url': 'https://www.tesco.com/groceries/en-GB/products/274684882', 'product_name': 'Tesco 5 Gingerbread Men Kit 174G', 'product_price': '£ 1.80', 'product_additionals': '£0.36/each'}, {'shop': 'tesco', 'url': 'https://www.tesco.com/groceries/en-GB/products/291376265', 'product_name': 'Tesco 6 Multiseed Folded Flatbreads', 'product_price': '£ 0.79', 'product_additionals': '£0.13/each'}, {'shop': 'tesco', 'url': 'https://www.tesco.com/groceries/en-GB/products/272651665', 'product_name': 'Tesco 6 Pack Mini Breadsticks 120G', 'product_price': '£ 1.30', 'product_additionals': '£1.09/100g'}, {'shop': 'tesco', 'url': 'https://www.tesco.com/groceries/en-GB/products/254945564', 'product_name': 'Tesco 6 White Pitta Bread', 'product_price': '£ 0.45', 'product_additionals': '£0.08/each'}, {'shop': 'tesco', 'url': 'https://www.tesco.com/groceries/en-GB/products/254945610', 'product_name': 'Tesco 6 Wholemeal Pitta Bread', 'product_price': '£ 0.45', 'product_additionals': '£0.08/each'}, {'shop': 'tesco', 'url': 'https://www.tesco.com/groceries/en-GB/products/289806238', 'product_name': 'Tesco 72 Breaded Chicken Nuggets 1Kg', 'product_price': '£ 3.15', 'product_additionals': '£3.15/kg'}, {'shop': 'tesco', 'url': 'https://www.tesco.com/groceries/en-GB/products/307353826', 'product_name': 'Tesco All Butter Chocolate Chip Shortbread 180G', 'product_price': '£ 1.00', 'product_additionals': '£0.56/100g'}, {'shop': 'tesco', 'url': 'https://www.tesco.com/groceries/en-GB/products/307342027', 'product_name': 'Tesco All Butter Shortbread Fingers 250G', 'product_price': '£ 0.69', 'product_additionals': '£0.28/100g'}, {'shop': 'tesco', 'url': 'https://www.tesco.com/groceries/en-GB/products/303629513', 'product_name': 'Tesco Both Together Bread 800G', 'product_price': '£ 0.59', 'product_additionals': '£0.07/100g'}, {'shop': 'tesco', 'url': 'https://www.tesco.com/groceries/en-GB/products/254482788', 'product_name': 'Tesco Bread & Butter Pudding 500G', 'product_price': '£ 2.80', 'product_additionals': '£0.56/100g'}, {'shop': 'tesco', 'url': 'https://www.tesco.com/groceries/en-GB/products/279935929', 'product_name': 'Tesco Breaded Chicken Goujons 270G', 'product_price': '£ 2.00', 'product_additionals': '£7.41/kg'}, {'shop': 'tesco', 'url': 'https://www.tesco.com/groceries/en-GB/products/285091909', 'product_name': 'Tesco Breaded Chicken Goujons 540G', 'product_price': '£ 3.75', 'product_additionals': '£6.95/kg'}, {'shop': 'tesco', 'url': 'https://www.tesco.com/groceries/en-GB/products/264566899', 'product_name': 'Tesco Breaded Chicken Mini Fillets 305G', 'product_price': '£ 2.50', 'product_additionals': '£8.20/kg'}, {'shop': 'tesco', 'url': 'https://www.tesco.com/groceries/en-GB/products/293507310', 'product_name': 'Tesco Breaded Chicken Strips 300G', 'product_price': '£ 2.00', 'product_additionals': '£0.67/100g'}, {'shop': 'tesco', 'url': 'https://www.tesco.com/groceries/en-GB/products/262083592', 'product_name': 'Tesco Breaded Mini Chicken Fillets 300G', 'product_price': '£ 2.00', 'product_additionals': '£6.67/kg'}, {'shop': 'tesco', 'url': 'https://www.tesco.com/groceries/en-GB/products/257218318', 'product_name': 'Tesco Breaded Onion Rings 750G', 'product_price': '£ 1.25', 'product_additionals': '£1.67/kg'}, {'shop': 'tesco', 'url': 'https://www.tesco.com/groceries/en-GB/products/299054069', 'product_name': 'Tesco Breaded Wholetail Scampi 200G', 'product_price': '£ 3.00', 'product_additionals': '£15.00/kg'}, {'shop': 'tesco', 'url': 'https://www.tesco.com/groceries/en-GB/products/286265277', 'product_name': 'Tesco Cheese & Garlic Flatbread 230G', 'product_price': '£ 1.60', 'product_additionals': '£0.70/100g'}, {'shop': 'tesco', 'url': 'https://www.tesco.com/groceries/en-GB/products/299557298', 'product_name': 'Tesco Cheese & Garlic Pizza Bread 210G', 'product_price': '£ 1.00', 'product_additionals': '£4.77/kg'}, {'shop': 'tesco', 'url': 'https://www.tesco.com/groceries/en-GB/products/252109642', 'product_name': 'Tesco Cheese & Tomato Flatbread 225G', 'product_price': '£ 1.25', 'product_additionals': '£0.56/100g'}, {'shop': 'tesco', 'url': 'https://www.tesco.com/groceries/en-GB/products/285498135', 'product_name': 'Tesco Corn Bread', 'product_price': '£ 1.60', 'product_additionals': '£1.60/each'}, {'shop': 'tesco', 'url': 'https://www.tesco.com/groceries/en-GB/products/305834981', 'product_name': 'Tesco Finest 4 Millionaire Shortbread Slices', 'product_price': '£ 2.25', 'product_additionals': '£2.25/each'}, {'shop': 'tesco', 'url': 'https://www.tesco.com/groceries/en-GB/products/299936610', 'product_name': 'Tesco Finest Basil Pesto & Tomato Flatbread 245G', 'product_price': '£ 2.45', 'product_additionals': '£1.00/100g'}, {'shop': 'tesco', 'url': 'https://www.tesco.com/groceries/en-GB/products/286266161', 'product_name': 'Tesco Finest Cheddar Red Onion Mini Flatbreads 295G', 'product_price': '£ 2.45', 'product_additionals': '£0.83/100g'}, {'shop': 'tesco', 'url': 'https://www.tesco.com/groceries/en-GB/products/307137419', 'product_name': 'Tesco Finest Free From Seeded Bread 400G', 'product_price': '£ 2.50', 'product_additionals': '£0.62/100g'}, {'shop': 'tesco', 'url': 'https://www.tesco.com/groceries/en-GB/products/307152724', 'product_name': 'Tesco Finest Free From Tiger Bread 400G', 'product_price': '£ 2.50', 'product_additionals': '£0.62/100g'}, {'shop': 'tesco', 'url': 'https://www.tesco.com/groceries/en-GB/products/306818969', 'product_name': 'Tesco Finest Fruited Sourdough Bread 400G', 'product_price': '£ 1.60', 'product_additionals': '£0.40/100g'}, {'shop': 'tesco', 'url': 'https://www.tesco.com/groceries/en-GB/products/304797553', 'product_name': 'Tesco Finest Garlic & Extra Virgin Olive Oil Flatbread 200G', 'product_price': '£ 2.45', 'product_additionals': '£1.23/100g'}, {'shop': 'tesco', 'url': 'https://www.tesco.com/groceries/en-GB/products/306824605', 'product_name': 'Tesco Finest Gingerbread Latte Cream Liqueur 70Cl', 'product_price': '£ 10.00', 'product_additionals': '£14.29/litre'}, {'shop': 'tesco', 'url': 'https://www.tesco.com/groceries/en-GB/products/256089410', 'product_name': 'Tesco Finest Scottish Shortbread Fingers 165G', 'product_price': '£ 1.35', 'product_additionals': '£0.82/100g'}, {'shop': 'tesco', 'url': 'https://www.tesco.com/groceries/en-GB/products/257911663', 'product_name': 'Tesco Finest Shortbread Assortment 400G', 'product_price': '£ 3.00', 'product_additionals': '£0.75/100g'}, {'shop': 'tesco', 'url': 'https://www.tesco.com/groceries/en-GB/products/305836218', 'product_name': 'Tesco Finest Wholemeal Seeds And Grains Bread 400G', 'product_price': '£ 0.79', 'product_additionals': '£0.20/100g'}, {'shop': 'tesco', 'url': 'https://www.tesco.com/groceries/en-GB/products/305737088', 'product_name': 'Tesco Finest Wholemeal Seeds And Grains Bread 800G', 'product_price': '£ 1.10', 'product_additionals': '£0.14/100g'}, {'shop': 'tesco', 'url': 'https://www.tesco.com/groceries/en-GB/products/291376220', 'product_name': 'Tesco Folded Flatbreads Plain 6 Pack', 'product_price': '£ 0.79', 'product_additionals': '£0.13/each'}, {'shop': 'tesco', 'url': 'https://www.tesco.com/groceries/en-GB/products/281865600', 'product_name': 'Tesco Free From 4 Breaded Chicken Steaks 380G', 'product_price': '£ 3.75', 'product_additionals': '£9.87/kg'}, {'shop': 'tesco', 'url': 'https://www.tesco.com/groceries/en-GB/products/298864892', 'product_name': 'Tesco Free From Breaded Chicken Goujons 270G', 'product_price': '£ 2.00', 'product_additionals': '£7.41/kg'}, {'shop': 'tesco', 'url': 'https://www.tesco.com/groceries/en-GB/products/299587383', 'product_name': 'Tesco Free From Breaded Chicken Goujons 300G', 'product_price': '£ 2.50', 'product_additionals': '£8.34/kg'}, {'shop': 'tesco', 'url': 'https://www.tesco.com/groceries/en-GB/products/281509384', 'product_name': 'Tesco Free From Brown Bread 550G', 'product_price': '£ 1.80', 'product_additionals': '£0.33/100g'}, {'shop': 'tesco', 'url': 'https://www.tesco.com/groceries/en-GB/products/304392571', 'product_name': 'Tesco Free From Gingerbread Men 154G', 'product_price': '£ 1.50', 'product_additionals': '£0.97/100g'}, {'shop': 'tesco', 'url': 'https://www.tesco.com/groceries/en-GB/products/304378272', 'product_name': 'Tesco Free From Shortbread 160G', 'product_price': '£ 1.50', 'product_additionals': '£0.94/100g'}, {'shop': 'tesco', 'url': 'https://www.tesco.com/groceries/en-GB/products/276605133', 'product_name': 'Tesco Free From Sliced White Bread 550G', 'product_price': '£ 1.80', 'product_additionals': '£0.33/100g'}, {'shop': 'tesco', 'url': 'https://www.tesco.com/groceries/en-GB/products/286264762', 'product_name': 'Tesco Garlic & & Rosemary Flatbread 220G', 'product_price': '£ 1.60', 'product_additionals': '£0.73/100g'}, {'shop': 'tesco', 'url': 'https://www.tesco.com/groceries/en-GB/products/252109688', 'product_name': 'Tesco Garlic & Parsley Flatbread 210G', 'product_price': '£ 1.25', 'product_additionals': '£0.60/100g'}, {'shop': 'tesco', 'url': 'https://www.tesco.com/groceries/en-GB/products/293723399', 'product_name': 'Tesco Garlic Breaded Mushrooms 400G', 'product_price': '£ 1.25', 'product_additionals': '£3.13/kg'}, {'shop': 'tesco', 'url': 'https://www.tesco.com/groceries/en-GB/products/288610223', 'product_name': 'Tesco Garlic Flatbread 255G', 'product_price': '£ 2.00', 'product_additionals': '£0.78/100g'}, {'shop': 'tesco', 'url': 'https://www.tesco.com/groceries/en-GB/products/289573832', 'product_name': 'Tesco Gingerbread Mix 225G', 'product_price': '£ 1.00', 'product_additionals': '£0.44/100g'}, {'shop': 'tesco', 'url': 'https://www.tesco.com/groceries/en-GB/products/278834077', 'product_name': 'Tesco Golden Breadcrumbs 175G', 'product_price': '£ 0.80', 'product_additionals': '£4.58/kg'}, {'shop': 'tesco', 'url': 'https://www.tesco.com/groceries/en-GB/products/267285351', 'product_name': 'Tesco Hot & Spicy Breaded Chicken Mini Fillets 305G', 'product_price': '£ 2.50', 'product_additionals': '£8.20/kg'}, {'shop': 'tesco', 'url': 'https://www.tesco.com/groceries/en-GB/products/256236588', 'product_name': 'Tesco Indian Naan Breads 320G', 'product_price': '£ 1.00', 'product_additionals': '£0.31/100g'}, {'shop': 'tesco', 'url': 'https://www.tesco.com/groceries/en-GB/products/291376334', 'product_name': 'Tesco Malted Grain & Rye Folded Flatbread 6 Pack', 'product_price': '£ 0.79', 'product_additionals': '£0.13/each'}, {'shop': 'tesco', 'url': 'https://www.tesco.com/groceries/en-GB/products/285024271', 'product_name': 'Tesco Multiseed Bread Mix 500G', 'product_price': '£ 0.85', 'product_additionals': '£1.70/kg'}, {'shop': 'tesco', 'url': 'https://www.tesco.com/groceries/en-GB/products/258083897', 'product_name': 'Tesco Original Breadsticks 125G', 'product_price': '£ 0.84', 'product_additionals': '£0.67/100g'}, {'shop': 'tesco', 'url': 'https://www.tesco.com/groceries/en-GB/products/251697723', 'product_name': 'Tesco Original Mini Breadsticks 100G', 'product_price': '£ 1.00', 'product_additionals': '£1.00/100g'}, {'shop': 'tesco', 'url': 'https://www.tesco.com/groceries/en-GB/products/294706637', 'product_name': 'Tesco Original Rye Crisp Bread 250G', 'product_price': '£ 0.69', 'product_additionals': '£0.28/100g'}, {'shop': 'tesco', 'url': 'https://www.tesco.com/groceries/en-GB/products/268582625', 'product_name': 'Tesco Panko Breadcrumbs 150G', 'product_price': '£ 1.60', 'product_additionals': '£10.67/kg'}, {'shop': 'tesco', 'url': 'https://www.tesco.com/groceries/en-GB/products/278104918', 'product_name': 'Tesco Peshwari Naan Breads 2 Pack 260G', 'product_price': '£ 0.95', 'product_additionals': '£0.37/100g'}, {'shop': 'tesco', 'url': 'https://www.tesco.com/groceries/en-GB/products/304784469', 'product_name': 'Tesco Plant Chef Breaded Goujons 190G', 'product_price': '£ 1.50', 'product_additionals': '£7.90/kg'}, {'shop': 'tesco', 'url': 'https://www.tesco.com/groceries/en-GB/products/306493425', 'product_name': 'Tesco Plant Chef Breaded Meat Free Nuggets 180G', 'product_price': '£ 1.50', 'product_additionals': '£8.34/kg'}, {'shop': 'tesco', 'url': 'https://www.tesco.com/groceries/en-GB/products/305727843', 'product_name': 'Tesco Plant Chef Breaded Nuggets 320G', 'product_price': '£ 1.75', 'product_additionals': '£0.55/100g'}, {'shop': 'tesco', 'url': 'https://www.tesco.com/groceries/en-GB/products/308079929', 'product_name': 'Tesco Seasonal Gingerbread Biscuit', 'product_price': '£ 0.60', 'product_additionals': '£0.60/each'}, {'shop': 'tesco', 'url': 'https://www.tesco.com/groceries/en-GB/products/265940149', 'product_name': 'Tesco Sesame Breadsticks 125G', 'product_price': '£ 0.84', 'product_additionals': '£0.67/100g'}, {'shop': 'tesco', 'url': 'https://www.tesco.com/groceries/en-GB/products/294706650', 'product_name': 'Tesco Sesame Rye Crisp Bread 250G', 'product_price': '£ 0.69', 'product_additionals': '£0.28/100g'}, {'shop': 'tesco', 'url': 'https://www.tesco.com/groceries/en-GB/products/293574661', 'product_name': 'Tesco Shortbread Petticoat Tails 450G', 'product_price': '£ 2.00', 'product_additionals': '£0.44/100g'}, {'shop': 'tesco', 'url': 'https://www.tesco.com/groceries/en-GB/products/264566997', 'product_name': 'Tesco Southern Fried Breaded Chicken Mini Fillets 305G', 'product_price': '£ 2.50', 'product_additionals': '£8.20/kg'}, {'shop': 'tesco', 'url': 'https://www.tesco.com/groceries/en-GB/products/254917926', 'product_name': 'Tesco Strong Stone Ground 100% Wholemeal Bread Flour 1.5Kg', 'product_price': '£ 1.20', 'product_additionals': '£0.80/kg'}, {'shop': 'tesco', 'url': 'https://www.tesco.com/groceries/en-GB/products/299425748', 'product_name': 'Tesco Toastie White Bread Thick 800G', 'product_price': '£ 0.59', 'product_additionals': '£0.07/100g'}, {'shop': 'tesco', 'url': 'https://www.tesco.com/groceries/en-GB/products/299425760', 'product_name': 'Tesco Toastie Wholemeal Thick Bread 800G', 'product_price': '£ 0.59', 'product_additionals': '£0.07/100g'}, {'shop': 'tesco', 'url': 'https://www.tesco.com/groceries/en-GB/products/289597812', 'product_name': 'Tesco Very Strong Canadian Bread Flour 1Kg', 'product_price': '£ 1.35', 'product_additionals': '£1.35/kg'}, {'shop': 'tesco', 'url': 'https://www.tesco.com/groceries/en-GB/products/299389116', 'product_name': 'Tesco White Bread 800G', 'product_price': '£ 0.59', 'product_additionals': '£0.07/100g'}, {'shop': 'tesco', 'url': 'https://www.tesco.com/groceries/en-GB/products/301063378', 'product_name': 'Tesco White Breadcrumbs 175G', 'product_price': '£ 0.80', 'product_additionals': '£0.46/100g'}, {'shop': 'tesco', 'url': 'https://www.tesco.com/groceries/en-GB/products/299425783', 'product_name': 'Tesco Wholemeal Medium Bread 800G', 'product_price': '£ 0.59', 'product_additionals': '£0.07/100g'}, {'shop': 'tesco', 'url': 'https://www.tesco.com/groceries/en-GB/products/270953414', 'product_name': 'Tesco Wholetail Breaded Scampi 280G', 'product_price': '£ 3.00', 'product_additionals': '£10.72/kg'}, {'shop': 'tesco', 'url': 'https://www.tesco.com/groceries/en-GB/products/302744625', 'product_name': 'The Artisan Bread Co Garlic & Basil Sticks 100G', 'product_price': '£ 1.60', 'product_additionals': '£1.60/100g'}, {'shop': 'tesco', 'url': 'https://www.tesco.com/groceries/en-GB/products/302744055', 'product_name': 'The Artisan Bread Co Garlic & Chilli Flatbread 75G', 'product_price': '£ 1.60', 'product_additionals': '£2.14/100g'}, {'shop': 'tesco', 'url': 'https://www.tesco.com/groceries/en-GB/products/302743880', 'product_name': 'The Artisan Bread Company Classic Breadsticks 150G', 'product_price': '£ 1.60', 'product_additionals': '£1.07/100g'}, {'shop': 'tesco', 'url': 'https://www.tesco.com/groceries/en-GB/products/302744019', 'product_name': 'The Artisan Bread Company Rosemary Breadsticks 150G', 'product_price': '£ 1.60', 'product_additionals': '£1.07/100g'}, {'shop': 'tesco', 'url': 'https://www.tesco.com/groceries/en-GB/products/302744032', 'product_name': 'The Artisan Bread Company Sesame Breadsticks 150G', 'product_price': '£ 1.60', 'product_additionals': '£1.07/100g'}, {'shop': 'tesco', 'url': 'https://www.tesco.com/groceries/en-GB/products/300954309', 'product_name': 'The Artisan Bread Company Wheat Toast 125G', 'product_price': '£ 1.60', 'product_additionals': '£1.28/100g'}, {'shop': 'tesco', 'url': 'https://www.tesco.com/groceries/en-GB/products/304408969', 'product_name': 'The Pizza Company Deep Filled Garlic Bread 2 Pack 230G', 'product_price': '£ 3.00', 'product_additionals': '£1.31/100g'}, {'shop': 'tesco', 'url': 'https://www.tesco.com/groceries/en-GB/products/267662020', 'product_name': 'The Polish Bakery Brown Bread 400G', 'product_price': '£ 0.75', 'product_additionals': '£0.19/100g'}, {'shop': 'tesco', 'url': 'https://www.tesco.com/groceries/en-GB/products/267661977', 'product_name': "The Polish Bakery Granny's Sesame Seed Bread 400G", 'product_price': '£ 1.10', 'product_additionals': '£0.28/100g'}, {'shop': 'tesco', 'url': 'https://www.tesco.com/groceries/en-GB/products/265412971', 'product_name': 'The Polish Bakery Half Wheat Half Rye Bread 400G', 'product_price': '£ 0.70', 'product_additionals': '£0.18/100g'}, {'shop': 'tesco', 'url': 'https://www.tesco.com/groceries/en-GB/products/265412994', 'product_name': 'The Polish Bakery Half Wheat Half Rye Bread 900G', 'product_price': '£ 1.20', 'product_additionals': '£0.13/100g'}, {'shop': 'tesco', 'url': 'https://www.tesco.com/groceries/en-GB/products/296844907', 'product_name': 'The Polish Bakery Pumpkin Bread 500G', 'product_price': '£ 1.85', 'product_additionals': '£0.37/100g'}, {'shop': 'tesco', 'url': 'https://www.tesco.com/groceries/en-GB/products/267662008', 'product_name': 'The Polish Bakery Sunflower Seed Bread 400G', 'product_price': '£ 0.75', 'product_additionals': '£0.19/100g'}, {'shop': 'aldi', 'url': 'https://www.aldi.co.uk/thins-multi-seed-flatbread/p/064611260939602', 'product_name': 'Thins Multi-seed Flatbread', 'product_price': '0.99', 'product_additionals': '79.2p per 100g'}, {'shop': 'tesco', 'url': 'https://www.tesco.com/groceries/en-GB/products/272960719', 'product_name': 'Three Cheese Bread', 'product_price': '£ 1.60', 'product_additionals': '£1.60/each'}, {'shop': 'aldi', 'url': 'https://www.aldi.co.uk/toastie-thick-soft-white-bread/p/047096003773200', 'product_name': 'Toastie Thick Soft White Bread', 'product_price': '1.10', 'product_additionals': '13.8p per 100g'}, {'shop': 'tesco', 'url': 'https://www.tesco.com/groceries/en-GB/products/307135618', 'product_name': 'Trek Power Millionaire Shortbread Bar 55G', 'product_price': '£ 1.75', 'product_additionals': '£3.19/100g'}, {'shop': 'aldi', 'url': 'https://www.aldi.co.uk/village-bakery-wholemeal-pitta-bread/p/066192386427601', 'product_name': 'Village Bakery Wholemeal Pitta Bread', 'product_price': '0.35', 'product_additionals': '5.8p each'}, {'shop': 'tesco', 'url': 'https://www.tesco.com/groceries/en-GB/products/300810619', 'product_name': 'Warburtons Country White Bread 400G', 'product_price': '£ 2.00', 'product_additionals': '£0.50/100g'}, {'shop': 'tesco', 'url': 'https://www.tesco.com/groceries/en-GB/products/255727936', 'product_name': 'Warburtons Danish Sliced White Bread 400G', 'product_price': '£ 0.95', 'product_additionals': '£0.24/100g'}, {'shop': 'tesco', 'url': 'https://www.tesco.com/groceries/en-GB/products/250168194', 'product_name': 'Warburtons Farmhouse White Bread 800G', 'product_price': '£ 1.20', 'product_additionals': '£0.15/100g'}, {'shop': 'tesco', 'url': 'https://www.tesco.com/groceries/en-GB/products/304371279', 'product_name': 'Warburtons Half And Half Medium Bread 800G', 'product_price': '£ 1.05', 'product_additionals': '£0.13/100g'}, {'shop': 'tesco', 'url': 'https://www.tesco.com/groceries/en-GB/products/300810591', 'product_name': 'Warburtons Malted Grain & Seeds Bread 400G', 'product_price': '£ 1.50', 'product_additionals': '£0.38/100g'}, {'shop': 'tesco', 'url': 'https://www.tesco.com/groceries/en-GB/products/254942331', 'product_name': 'Warburtons Medium Sliced White Bread 400G', 'product_price': '£ 0.90', 'product_additionals': '£0.22/100g'}, {'shop': 'tesco', 'url': 'https://www.tesco.com/groceries/en-GB/products/254942325', 'product_name': 'Warburtons Medium Sliced White Bread 800G', 'product_price': '£ 1.10', 'product_additionals': '£0.14/100g'}, {'shop': 'tesco', 'url': 'https://www.tesco.com/groceries/en-GB/products/254942734', 'product_name': 'Warburtons Milk Roll Sliced White Bread 400G', 'product_price': '£ 0.90', 'product_additionals': '£0.22/100g'}, {'shop': 'tesco', 'url': 'https://www.tesco.com/groceries/en-GB/products/300810631', 'product_name': 'Warburtons Multi Grain & Seed Bread 400G', 'product_price': '£ 2.00', 'product_additionals': '£0.50/100g'}, {'shop': 'tesco', 'url': 'https://www.tesco.com/groceries/en-GB/products/300810579', 'product_name': 'Warburtons Old English White Bread 400G', 'product_price': '£ 1.50', 'product_additionals': '£0.38/100g'}, {'shop': 'tesco', 'url': 'https://www.tesco.com/groceries/en-GB/products/251738895', 'product_name': 'Warburtons Seeded Batch Bread 400G', 'product_price': '£ 0.90', 'product_additionals': '£0.22/100g'}, {'shop': 'tesco', 'url': 'https://www.tesco.com/groceries/en-GB/products/257269645', 'product_name': 'Warburtons Seeded Batch Bread 800G', 'product_price': '£ 1.40', 'product_additionals': '£0.18/100g'}, {'shop': 'tesco', 'url': 'https://www.tesco.com/groceries/en-GB/products/268104801', 'product_name': 'Warburtons Sliced Tiger Bread 600G', 'product_price': '£ 1.35', 'product_additionals': '£0.22/100g'}, {'shop': 'tesco', 'url': 'https://www.tesco.com/groceries/en-GB/products/299608331', 'product_name': 'Warburtons Thoroughbread Lancashire 800G', 'product_price': '£ 1.40', 'product_additionals': '£0.18/100g'}, {'shop': 'tesco', 'url': 'https://www.tesco.com/groceries/en-GB/products/254942354', 'product_name': 'Warburtons Toastie Sliced White Bread 400G', 'product_price': '£ 0.85', 'product_additionals': '£0.21/100g'}, {'shop': 'tesco', 'url': 'https://www.tesco.com/groceries/en-GB/products/254942348', 'product_name': 'Warburtons Toastie Sliced White Bread 800G', 'product_price': '£ 1.10', 'product_additionals': '£0.14/100g'}, {'shop': 'tesco', 'url': 'https://www.tesco.com/groceries/en-GB/products/302088635', 'product_name': 'Warburtons White Farmhouse Bread 400G', 'product_price': '£ 1.00', 'product_additionals': '£0.25/100g'}, {'shop': 'tesco', 'url': 'https://www.tesco.com/groceries/en-GB/products/302385928', 'product_name': 'Warburtons White Gluten Free Bread Sourdough 400G', 'product_price': '£ 3.40', 'product_additionals': '£0.85/100g'}, {'shop': 'tesco', 'url': 'https://www.tesco.com/groceries/en-GB/products/254944283', 'product_name': 'Warburtons Wholemeal Medium Bread 400G', 'product_price': '£ 0.85', 'product_additionals': '£0.21/100g'}, {'shop': 'tesco', 'url': 'https://www.tesco.com/groceries/en-GB/products/254944260', 'product_name': 'Warburtons Wholemeal Medium Bread 800G', 'product_price': '£ 1.05', 'product_additionals': '£0.13/100g'}, {'shop': 'tesco', 'url': 'https://www.tesco.com/groceries/en-GB/products/256641396', 'product_name': 'Weight Watchers Malted Danish Sliced Bread 400G', 'product_price': '£ 1.00', 'product_additionals': '£0.25/100g'}, {'shop': 'tesco', 'url': 'https://www.tesco.com/groceries/en-GB/products/303630499', 'product_name': 'Whitby Seafoods Breaded Scampi Bites 190G', 'product_price': '£ 1.00', 'product_additionals': '£5.27/kg'}, {'shop': 'tesco', 'url': 'https://www.tesco.com/groceries/en-GB/products/303391723', 'product_name': 'Youngs Simply Breaded 4 Large Cod Fillets 440G', 'product_price': '£ 4.00', 'product_additionals': '£9.10/kg'}, {'shop': 'tesco', 'url': 'https://www.tesco.com/groceries/en-GB/products/303391625', 'product_name': 'Youngs Simply Breaded Omega 3 4 Fish Fillets 400G', 'product_price': '£ 2.40', 'product_additionals': '£6.00/kg'}]

grouped
([({'shop': 'tesco', 'url': 'https://www.tesco.com/groceries/en-GB/products/257800909', 'product_name': 'Finest Triple Chocolate Shortbread 4 Pack', 'product_price': '£ 1.50', 'product_additionals': '£0.38/each'}, 2.185, 0.17391304347826086), ({'shop': 'tesco', 'url': 'https://www.tesco.com/groceries/en-GB/products/308093498', 'product_name': "Irwin's Traditional Wheaten Bread", 'product_price': '£ 1.20', 'product_additionals': '£1.20/each'}, 4.560000000000001, 0.26315789473684204), ({'shop': 'tesco', 'url': 'https://www.tesco.com/groceries/en-GB/products/308094029', 'product_name': 'Mission 6 Plain Pitta Breads', 'product_price': '£ 0.80', 'product_additionals': '£0.13/each'}, 0.4290000000000001, 0.303030303030303), ({'shop': 'tesco', 'url': 'https://www.tesco.com/groceries/en-GB/products/250523085', 'product_name': 'Pataks Garlic & Coriander Naan Bread 2 Pack', 'product_price': '£ 1.25', 'product_additionals': '£0.62/each'}, 2.9759999999999995, 0.20833333333333337), ({'shop': 'tesco', 'url': 'https://www.tesco.com/groceries/en-GB/products/259170533', 'product_name': 'Pataks Peshwari Naan Bread 2Pack', 'product_price': '£ 1.25', 'product_additionals': '£0.62/each'}, 2.294, 0.2702702702702703), ({'shop': 'tesco', 'url': 'https://www.tesco.com/groceries/en-GB/products/250506912', 'product_name': 'Pataks Plain Naan Bread 2 Pack', 'product_price': '£ 1.25', 'product_additionals': '£0.62/each'}, 2.17, 0.2857142857142857), ({'shop': 'tesco', 'url': 'https://www.tesco.com/groceries/en-GB/products/308110957', 'product_name': 'Tesco 10 Mini Easter Gingerbread Men', 'product_price': '£ 1.00', 'product_additionals': '£0.10/each'}, 0.5125000000000002, 0.19512195121951215), ({'shop': 'tesco', 'url': 'https://www.tesco.com/groceries/en-GB/products/303315815', 'product_name': 'Tesco 2 Plain Naan Breads', 'product_price': '£ 0.75', 'product_additionals': '£0.38/each'}, 1.1400000000000003, 0.33333333333333326), ({'shop': 'tesco', 'url': 'https://www.tesco.com/groceries/en-GB/products/305527187', 'product_name': 'Tesco 5 Decorate Your Own Gingerbread Easter Egg Kit', 'product_price': '£ 1.80', 'product_additionals': '£0.36/each'}, 2.565, 0.14035087719298245), ({'shop': 'tesco', 'url': 'https://www.tesco.com/groceries/en-GB/products/274684882', 'product_name': 'Tesco 5 Gingerbread Men Kit 174G', 'product_price': '£ 1.80', 'product_additionals': '£0.36/each'}, 1.6649999999999998, 0.21621621621621623), ({'shop': 'tesco', 'url': 'https://www.tesco.com/groceries/en-GB/products/291376265', 'product_name': 'Tesco 6 Multiseed Folded Flatbreads', 'product_price': '£ 0.79', 'product_additionals': '£0.13/each'}, 0.6500000000000001, 0.19999999999999996), ({'shop': 'tesco', 'url': 'https://www.tesco.com/groceries/en-GB/products/254945564', 'product_name': 'Tesco 6 White Pitta Bread', 'product_price': '£ 0.45', 'product_additionals': '£0.08/each'}, 0.24000000000000005, 0.33333333333333326), ({'shop': 'tesco', 'url': 'https://www.tesco.com/groceries/en-GB/products/254945610', 'product_name': 'Tesco 6 Wholemeal Pitta Bread', 'product_price': '£ 0.45', 'product_additionals': '£0.08/each'}, 0.27199999999999996, 0.2941176470588236), ({'shop': 'tesco', 'url': 'https://www.tesco.com/groceries/en-GB/products/285498135', 'product_name': 'Tesco Corn Bread', 'product_price': '£ 1.60', 'product_additionals': '£1.60/each'}, 3.3600000000000003, 0.47619047619047616), ({'shop': 'tesco', 'url': 'https://www.tesco.com/groceries/en-GB/products/305834981', 'product_name': 'Tesco Finest 4 Millionaire Shortbread Slices', 'product_price': '£ 2.25', 'product_additionals': '£2.25/each'}, 13.781250000000004, 0.16326530612244894), ({'shop': 'tesco', 'url': 'https://www.tesco.com/groceries/en-GB/products/291376220', 'product_name': 'Tesco Folded Flatbreads Plain 6 Pack', 'product_price': '£ 0.79', 'product_additionals': '£0.13/each'}, 0.6662500000000002, 0.19512195121951215), ({'shop': 'tesco', 'url': 'https://www.tesco.com/groceries/en-GB/products/291376334', 'product_name': 'Tesco Malted Grain & Rye Folded Flatbread 6 Pack', 'product_price': '£ 0.79', 'product_additionals': '£0.13/each'}, 0.8612500000000002, 0.15094339622641506), ({'shop': 'tesco', 'url': 'https://www.tesco.com/groceries/en-GB/products/308079929', 'product_name': 'Tesco Seasonal Gingerbread Biscuit', 'product_price': '£ 0.60', 'product_additionals': '£0.60/each'}, 2.9250000000000007, 0.20512820512820507), ({'shop': 'tesco', 'url': 'https://www.tesco.com/groceries/en-GB/products/272960719', 'product_name': 'Three Cheese Bread', 'product_price': '£ 1.60', 'product_additionals': '£1.60/each'}, 3.6800000000000006, 0.4347826086956521)], [({'shop': 'tesco', 'url': 'https://www.tesco.com/groceries/en-GB/products/256783233', 'product_name': 'Allinson Strong White Bread Flour 1.5Kg', 'product_price': '£ 2.00', 'product_additionals': '£1.34/kg'}, 5.896, 0.2272727272727273), ({'shop': 'tesco', 'url': 'https://www.tesco.com/groceries/en-GB/products/307138172', 'product_name': 'Allinson Strong White Bread Flour 1Kg', 'product_price': '£ 1.80', 'product_additionals': '£1.80/kg'}, 7.559999999999999, 0.23809523809523814), ({'shop': 'tesco', 'url': 'https://www.tesco.com/groceries/en-GB/products/271273388', 'product_name': 'Allinson Wholemeal Bread 1.5Kg', 'product_price': '£ 2.00', 'product_additionals': '£1.34/kg'}, 4.69, 0.2857142857142857), ({'shop': 'tesco', 'url': 'https://www.tesco.com/groceries/en-GB/products/306822170', 'product_name': "Allinson's Country Grain Bread Flour 1Kg", 'product_price': '£ 1.50', 'product_additionals': '£1.50/kg'}, 6.75, 0.2222222222222222), ({'shop': 'tesco', 'url': 'https://www.tesco.com/groceries/en-GB/products/307753917', 'product_name': 'Betty Crocker Salted Caramel Shortbread Mix 345G', 'product_price': '£ 2.00', 'product_additionals': '£5.80/kg'}, 30.740000000000006, 0.18867924528301883), ({'shop': 'tesco', 'url': 'https://www.tesco.com/groceries/en-GB/products/303617798', 'product_name': 'Bfree 7 Grain Pitta Bread 220G', 'product_price': '£ 2.50', 'product_additionals': '£1.14/100g'}, 39.900000000000006, 0.2857142857142857), ({'shop': 'tesco', 'url': 'https://www.tesco.com/groceries/en-GB/products/297373973', 'product_name': 'Bfree Stone Bake Gluten Free Pitta Bread 6X32g', 'product_price': '£ 2.50', 'product_additionals': '£1.31/100g'}, 66.81, 0.196078431372549), ({'shop': 'tesco', 'url': 'https://www.tesco.com/groceries/en-GB/products/291243774', 'product_name': 'Bfree Stone Baked Pitta Bread 220G', 'product_price': '£ 2.35', 'product_additionals': '£10.69/kg'}, 41.691, 0.2564102564102564), ({'shop': 'tesco', 'url': 'https://www.tesco.com/groceries/en-GB/products/303334245', 'product_name': 'Birds Eye 4 Large Breaded Cod Fillets 440G', 'product_price': '£ 4.80', 'product_additionals': '£10.91/kg'}, 51.27700000000001, 0.21276595744680848), ({'shop': 'tesco', 'url': 'https://www.tesco.com/groceries/en-GB/products/303334280', 'product_name': 'Birds Eye 4 Large Breaded Haddock 440G', 'product_price': '£ 4.80', 'product_additionals': '£10.91/kg'}, 46.913000000000004, 0.2325581395348837), ({'shop': 'tesco', 'url': 'https://www.tesco.com/groceries/en-GB/products/305733449', 'product_name': 'Clay Oven Bakery 2 Large Stretched Naan Bread 360G', 'product_price': '£ 1.50', 'product_additionals': '£0.42/100g'}, 23.099999999999994, 0.18181818181818188), ({'shop': 'tesco', 'url': 'https://www.tesco.com/groceries/en-GB/products/306798939', 'product_name': 'Clay Oven Bakery 2 Plain Naan Breads 360G', 'product_price': '£ 1.50', 'product_additionals': '£0.42/100g'}, 19.320000000000004, 0.21739130434782605), ({'shop': 'tesco', 'url': 'https://www.tesco.com/groceries/en-GB/products/300954322', 'product_name': 'Counter The Artisan Bread Company Tomato Sal Brus 70G', 'product_price': '£ 1.60', 'product_additionals': '£2.29/100g'}, 132.82, 0.1724137931034483), ({'shop': 'tesco', 'url': 'https://www.tesco.com/groceries/en-GB/products/305435877', 'product_name': 'Creative Nature W.Grain Banana Bread Baking Mix 250G', 'product_price': '£ 2.99', 'product_additionals': '£11.96/kg'}, 68.17200000000001, 0.17543859649122806), ({'shop': 'tesco', 'url': 'https://www.tesco.com/groceries/en-GB/products/277731954', 'product_name': 'Crosta & Mollica Torines Breadsticks 120G', 'product_price': '£ 1.09', 'product_additionals': '£0.91/100g'}, 41.86000000000001, 0.21739130434782605), ({'shop': 'tesco', 'url': 'https://www.tesco.com/groceries/en-GB/products/251015495', 'product_name': 'Dairylea Dunkers Breadsticks 4 X 47G', 'product_price': '£ 2.25', 'product_additionals': '£11.97/kg'}, 49.077000000000005, 0.24390243902439024), ({'shop': 'tesco', 'url': 'https://www.tesco.com/groceries/en-GB/products/305530793', 'product_name': 'Deli Kitchen 4 Greek Style Flatbreads 320G', 'product_price': '£ 1.35', 'product_additionals': '£0.42/100g'}, 24.674999999999997, 0.17021276595744683), ({'shop': 'tesco', 'url': 'https://www.tesco.com/groceries/en-GB/products/257123599', 'product_name': 'Doves Farm Gluten Free White Bread Flour 1Kg', 'product_price': '£ 1.70', 'product_additionals': '£1.70/kg'}, 8.33, 0.20408163265306123), ({'shop': 'tesco', 'url': 'https://www.tesco.com/groceries/en-GB/products/290564310', 'product_name': 'Dr Karg 3 Seeds Crisp Bread Slices 200G', 'product_price': '£ 2.00', 'product_additionals': '£1.00/100g'}, 43.99999999999999, 0.2272727272727273), ({'shop': 'tesco', 'url': 'https://www.tesco.com/groceries/en-GB/products/260391973', 'product_name': 'Dr Karg Organic Cheese & Pumpkin Seed Crisp Bread 200G', 'product_price': '£ 2.00', 'product_additionals': '£1.00/100g'}, 59.0, 0.1694915254237288), ({'shop': 'tesco', 'url': 'https://www.tesco.com/groceries/en-GB/products/292759370', 'product_name': "Ella's Kitchen Banana & Vanilla Bread Pudding 4X80g", 'product_price': '£ 1.75', 'product_additionals': '£4.87/kg'}, 27.271999999999995, 0.1785714285714286), ({'shop': 'tesco', 'url': 'https://www.tesco.com/groceries/en-GB/products/279844604', 'product_name': 'Fedon Breadsticks With Sesame Seeds250g', 'product_price': '£ 1.50', 'product_additionals': '£0.60/100g'}, 26.4, 0.2272727272727273), ({'shop': 'tesco', 'url': 'https://www.tesco.com/groceries/en-GB/products/302181582', 'product_name': 'Fro Oat & Sunflower Seed Crisp Bread 200G', 'product_price': '£ 1.95', 'product_additionals': '£0.98/100g'}, 45.08000000000001, 0.21739130434782605), ({'shop': 'tesco', 'url': 'https://www.tesco.com/groceries/en-GB/products/302181609', 'product_name': 'Fro Thyme & Sea Salt Crisp Bread 200G', 'product_price': '£ 1.95', 'product_additionals': '£0.98/100g'}, 41.16, 0.23809523809523814), ({'shop': 'tesco', 'url': 'https://www.tesco.com/groceries/en-GB/products/299045570', 'product_name': "H W Nevill's White Bread 800G", 'product_price': '£ 0.36', 'product_additionals': '£0.04/100g'}, 1.3599999999999999, 0.2941176470588236), ({'shop': 'tesco', 'url': 'https://www.tesco.com/groceries/en-GB/products/299045558', 'product_name': "H W Nevill's Wholemeal Bread 800G", 'product_price': '£ 0.36', 'product_additionals': '£0.04/100g'}, 1.5200000000000005, 0.26315789473684204), ({'shop': 'tesco', 'url': 'https://www.tesco.com/groceries/en-GB/products/299587469', 'product_name': 'Hearty Food Co 20 Breaded Chicken Nuggets 320G', 'product_price': '£ 0.85', 'product_additionals': '£2.66/kg'}, 13.566000000000003, 0.196078431372549), ({'shop': 'tesco', 'url': 'https://www.tesco.com/groceries/en-GB/products/299596458', 'product_name': 'Hearty Food Co 8 Breaded Chicken Burgers 456G', 'product_price': '£ 0.97', 'product_additionals': '£2.13/kg'}, 10.650000000000002, 0.19999999999999996), ({'shop': 'tesco', 'url': 'https://www.tesco.com/groceries/en-GB/products/306945888', 'product_name': 'Hearty Food Co. 4 Breaded Chicken Steaks 505G', 'product_price': '£ 1.69', 'product_additionals': '£3.35/kg'}, 16.750000000000004, 0.19999999999999996), ({'shop': 'tesco', 'url': 'https://www.tesco.com/groceries/en-GB/products/298865009', 'product_name': 'Hearty Food Co. Breaded Chicken Goujons 270G', 'product_price': '£ 1.05', 'product_additionals': '£3.89/kg'}, 19.061, 0.20408163265306123), ({'shop': 'tesco', 'url': 'https://www.tesco.com/groceries/en-GB/products/307348073', 'product_name': 'Heat & Enjoy Garlic Bread 200G', 'product_price': '£ 3.00', 'product_additionals': '£15.00/kg'}, 52.5, 0.2857142857142857), ({'shop': 'tesco', 'url': 'https://www.tesco.com/groceries/en-GB/products/274811254', 'product_name': 'Hovis 7 Seeds Wholemeal Bread 800G', 'product_price': '£ 1.50', 'product_additionals': '£0.19/100g'}, 7.41, 0.2564102564102564), ({'shop': 'tesco', 'url': 'https://www.tesco.com/groceries/en-GB/products/279505857', 'product_name': 'Hovis Best Of Both Medium White Bread 750G', 'product_price': '£ 1.10', 'product_additionals': '£0.15/100g'}, 7.050000000000001, 0.21276595744680848), ({'shop': 'tesco', 'url': 'https://www.tesco.com/groceries/en-GB/products/279505707', 'product_name': 'Hovis Best Of Both Thick White Bread 750G', 'product_price': '£ 1.10', 'product_additionals': '£0.15/100g'}, 6.900000000000001, 0.21739130434782605), ({'shop': 'tesco', 'url': 'https://www.tesco.com/groceries/en-GB/products/250871708', 'product_name': 'Hovis Granary Thick Bread 800G', 'product_price': '£ 1.45', 'product_additionals': '£0.18/100g'}, 6.300000000000001, 0.2857142857142857), ({'shop': 'tesco', 'url': 'https://www.tesco.com/groceries/en-GB/products/254944133', 'product_name': 'Hovis Granary Wholemeal Bread 800G', 'product_price': '£ 1.45', 'product_additionals': '£0.18/100g'}, 7.0200000000000005, 0.2564102564102564), ({'shop': 'tesco', 'url': 'https://www.tesco.com/groceries/en-GB/products/274811214', 'product_name': 'Hovis Original 7 Seeds Bread 800G', 'product_price': '£ 1.50', 'product_additionals': '£0.19/100g'}, 7.2200000000000015, 0.26315789473684204), ({'shop': 'tesco', 'url': 'https://www.tesco.com/groceries/en-GB/products/259747508', 'product_name': 'Hovis Original Granary Bread 400G', 'product_price': '£ 0.95', 'product_additionals': '£0.24/100g'}, 9.120000000000003, 0.26315789473684204), ({'shop': 'tesco', 'url': 'https://www.tesco.com/groceries/en-GB/products/267363266', 'product_name': 'Hovis Soft White Extra Thick Bread 800G', 'product_price': '£ 1.10', 'product_additionals': '£0.14/100g'}, 6.159999999999999, 0.2272727272727273), ({'shop': 'tesco', 'url': 'https://www.tesco.com/groceries/en-GB/products/256174499', 'product_name': 'Hovis Soft White Medium Bread 800G', 'product_price': '£ 1.09', 'product_additionals': '£0.14/100g'}, 5.46, 0.2564102564102564), ({'shop': 'tesco', 'url': 'https://www.tesco.com/groceries/en-GB/products/254550817', 'product_name': 'Hovis Soft White Thick Bread 800G', 'product_price': '£ 1.10', 'product_additionals': '£0.14/100g'}, 5.320000000000001, 0.26315789473684204), ({'shop': 'tesco', 'url': 'https://www.tesco.com/groceries/en-GB/products/250829858', 'product_name': 'Hovis Wholemeal Medium Bread 400G', 'product_price': '£ 0.85', 'product_additionals': '£0.21/100g'}, 7.980000000000002, 0.26315789473684204), ({'shop': 'tesco', 'url': 'https://www.tesco.com/groceries/en-GB/products/255000362', 'product_name': 'Hovis Wholemeal Medium Bread 800G', 'product_price': '£ 1.10', 'product_additionals': '£0.14/100g'}, 5.320000000000001, 0.26315789473684204), ({'shop': 'tesco', 'url': 'https://www.tesco.com/groceries/en-GB/products/263518014', 'product_name': 'Hovis Wholemeal Thick Bread 800G', 'product_price': '£ 1.10', 'product_additionals': '£0.14/100g'}, 5.18, 0.2702702702702703), ({'shop': 'tesco', 'url': 'https://www.tesco.com/groceries/en-GB/products/281840917', 'product_name': 'Jacobs Chive Crisp Bread 190G', 'product_price': '£ 1.49', 'product_additionals': '£0.78/100g'}, 26.519999999999992, 0.2941176470588236), ({'shop': 'tesco', 'url': 'https://www.tesco.com/groceries/en-GB/products/267077511', 'product_name': 'Jacobs Flatbread Salt & Cracked Black Pepper 150G', 'product_price': '£ 1.79', 'product_additionals': '£1.20/100g'}, 81.0, 0.14814814814814814), ({'shop': 'tesco', 'url': 'https://www.tesco.com/groceries/en-GB/products/281841254', 'product_name': 'Jacobs Mixed Grain Crisp Bread 190G', 'product_price': '£ 1.49', 'product_additionals': '£0.78/100g'}, 31.2, 0.25), ({'shop': 'tesco', 'url': 'https://www.tesco.com/groceries/en-GB/products/261738730', 'product_name': 'Kingsmill 50/50 Medium Bread 800G', 'product_price': '£ 0.85', 'product_additionals': '£0.11/100g'}, 4.1800000000000015, 0.26315789473684204), ({'shop': 'tesco', 'url': 'https://www.tesco.com/groceries/en-GB/products/260630288', 'product_name': 'Kingsmill 50/50 No Crusts Bread 400G', 'product_price': '£ 1.40', 'product_additionals': '£0.35/100g'}, 14.35, 0.24390243902439024), ({'shop': 'tesco', 'url': 'https://www.tesco.com/groceries/en-GB/products/252065992', 'product_name': 'Kingsmill 50/50 Thick Bread 800G', 'product_price': '£ 0.85', 'product_additionals': '£0.11/100g'}, 4.07, 0.2702702702702703), ({'shop': 'tesco', 'url': 'https://www.tesco.com/groceries/en-GB/products/259804954', 'product_name': 'Kingsmill Soft White Medium Bread 800G', 'product_price': '£ 0.95', 'product_additionals': '£0.12/100g'}, 5.16, 0.2325581395348837), ({'shop': 'tesco', 'url': 'https://www.tesco.com/groceries/en-GB/products/259804983', 'product_name': 'Kingsmill Soft White Thick Bread 800G', 'product_price': '£ 0.95', 'product_additionals': '£0.12/100g'}, 5.039999999999999, 0.23809523809523814), ({'shop': 'tesco', 'url': 'https://www.tesco.com/groceries/en-GB/products/252990345', 'product_name': 'Kingsmill Tasty Wholemeal Medium Bread 800G', 'product_price': '£ 0.95', 'product_additionals': '£0.12/100g'}, 5.759999999999999, 0.20833333333333337), ({'shop': 'tesco', 'url': 'https://www.tesco.com/groceries/en-GB/products/293417975', 'product_name': 'Marmite Flatbreads 140G', 'product_price': '£ 2.45', 'product_additionals': '£1.75/100g'}, 61.25, 0.2857142857142857), ({'shop': 'tesco', 'url': 'https://www.tesco.com/groceries/en-GB/products/306932886', 'product_name': 'Molino Pasini Pizza & Focaccia Bread Mix 1000G', 'product_price': '£ 1.70', 'product_additionals': '£1.70/kg'}, 8.670000000000002, 0.196078431372549), ({'shop': 'tesco', 'url': 'https://www.tesco.com/groceries/en-GB/products/301804113', 'product_name': 'Nairns Gluten Free Rosemary & Sea Salt Flatbreads 150G', 'product_price': '£ 1.75', 'product_additionals': '£1.17/100g'}, 86.28750000000001, 0.13559322033898302), ({'shop': 'tesco', 'url': 'https://www.tesco.com/groceries/en-GB/products/302289949', 'product_name': 'Nishaan Plain Mini Naan Breads 6 Pack 300G', 'product_price': '£ 1.20', 'product_additionals': '£0.40/100g'}, 18.8, 0.21276595744680848), ({'shop': 'tesco', 'url': 'https://www.tesco.com/groceries/en-GB/products/307145249', 'product_name': 'Northern Dough Co. Sourdough Bread Dough 440G', 'product_price': '£ 2.50', 'product_additionals': '£0.57/100g'}, 28.500000000000007, 0.19999999999999996), ({'shop': 'tesco', 'url': 'https://www.tesco.com/groceries/en-GB/products/255335829', 'product_name': 'Organix Gingerbread Men 135G', 'product_price': '£ 2.00', 'product_additionals': '£1.49/100g'}, 61.4625, 0.24242424242424243), ({'shop': 'tesco', 'url': 'https://www.tesco.com/groceries/en-GB/products/266197791', 'product_name': 'Organix Mini Gingerbread Men 5 X 25G', 'product_price': '£ 2.30', 'product_additionals': '£18.40/kg'}, 94.30000000000001, 0.19512195121951215), ({'shop': 'tesco', 'url': 'https://www.tesco.com/groceries/en-GB/products/258199403', 'product_name': "Paterson's Shortbread Fingers 380G", 'product_price': '£ 1.00', 'product_additionals': '£0.26/100g'}, 12.675000000000004, 0.20512820512820507), ({'shop': 'tesco', 'url': 'https://www.tesco.com/groceries/en-GB/products/262106716', 'product_name': 'Paxo Golden Breadcrumbs 227G', 'product_price': '£ 1.10', 'product_additionals': '£4.85/kg'}, 16.005000000000003, 0.303030303030303), ({'shop': 'tesco', 'url': 'https://www.tesco.com/groceries/en-GB/products/262106739', 'product_name': 'Paxo Natural Breadcrumbs 227G', 'product_price': '£ 1.10', 'product_additionals': '£4.85/kg'}, 16.489999999999995, 0.2941176470588236), ({'shop': 'tesco', 'url': 'https://www.tesco.com/groceries/en-GB/products/306805663', 'product_name': 'Paxo Southern Fried Breadcrumbs 200G', 'product_price': '£ 1.30', 'product_additionals': '£6.50/kg'}, 26.650000000000002, 0.24390243902439024), ({'shop': 'tesco', 'url': 'https://www.tesco.com/groceries/en-GB/products/296844942', 'product_name': 'Polish Bakery Highlander Bread Sourdough 800G', 'product_price': '£ 1.35', 'product_additionals': '£0.17/100g'}, 8.500000000000002, 0.19999999999999996), ({'shop': 'tesco', 'url': 'https://www.tesco.com/groceries/en-GB/products/263190209', 'product_name': 'Prymat Breadcrumbs 400G', 'product_price': '£ 1.00', 'product_additionals': '£2.50/kg'}, 6.999999999999999, 0.3571428571428572), ({'shop': 'tesco', 'url': 'https://www.tesco.com/groceries/en-GB/products/301012347', 'product_name': 'Ryvita Chia Seed & Buckwheat Protein Crisp Bread 200G', 'product_price': '£ 1.60', 'product_additionals': '£0.80/100g'}, 46.4, 0.1724137931034483), ({'shop': 'tesco', 'url': 'https://www.tesco.com/groceries/en-GB/products/266319153', 'product_name': 'Ryvita Cracked Black Pepper Crisp Bread 5X40g', 'product_price': '£ 0.99', 'product_additionals': '£0.50/100g'}, 25.000000000000007, 0.19999999999999996), ({'shop': 'tesco', 'url': 'https://www.tesco.com/groceries/en-GB/products/254926368', 'product_name': 'Ryvita Crackerbread 200G', 'product_price': '£ 1.19', 'product_additionals': '£0.60/100g'}, 21.75, 0.27586206896551724), ({'shop': 'tesco', 'url': 'https://www.tesco.com/groceries/en-GB/products/256001031', 'product_name': 'Ryvita Dark Rye Crisp Bread 250G', 'product_price': '£ 1.19', 'product_additionals': '£0.48/100g'}, 17.759999999999998, 0.2702702702702703), ({'shop': 'tesco', 'url': 'https://www.tesco.com/groceries/en-GB/products/261212413', 'product_name': 'Ryvita Fruit Crunch Crisp Bread 200G', 'product_price': '£ 0.99', 'product_additionals': '£0.50/100g'}, 20.5, 0.24390243902439024), ({'shop': 'tesco', 'url': 'https://www.tesco.com/groceries/en-GB/products/251107559', 'product_name': 'Ryvita Multigrain Rye Bread 250G', 'product_price': '£ 1.25', 'product_additionals': '£0.50/100g'}, 18.5, 0.2702702702702703), ({'shop': 'tesco', 'url': 'https://www.tesco.com/groceries/en-GB/products/256001296', 'product_name': 'Ryvita Original Crisp Bread 250G', 'product_price': '£ 1.19', 'product_additionals': '£0.48/100g'}, 17.759999999999998, 0.2702702702702703), ({'shop': 'tesco', 'url': 'https://www.tesco.com/groceries/en-GB/products/255269055', 'product_name': 'Ryvita Pumpkin & Oats Crisp Bread 4X50g', 'product_price': '£ 0.99', 'product_additionals': '£0.50/100g'}, 21.999999999999996, 0.2272727272727273), ({'shop': 'tesco', 'url': 'https://www.tesco.com/groceries/en-GB/products/254926420', 'product_name': 'Ryvita Sesame Crisp Bread 250G', 'product_price': '£ 1.25', 'product_additionals': '£0.50/100g'}, 17.5, 0.2857142857142857), ({'shop': 'tesco', 'url': 'https://www.tesco.com/groceries/en-GB/products/263232582', 'product_name': 'Ryvita Whole- Grain Cracker- Bread 125G', 'product_price': '£ 1.19', 'product_additionals': '£0.95/100g'}, 41.8, 0.2272727272727273), ({'shop': 'tesco', 'url': 'https://www.tesco.com/groceries/en-GB/products/268890894', 'product_name': 'Schar Crisp Bread 150G', 'product_price': '£ 1.30', 'product_additionals': '£0.87/100g'}, 23.49, 0.37037037037037035), ({'shop': 'tesco', 'url': 'https://www.tesco.com/groceries/en-GB/products/308482988', 'product_name': 'Simplycook Lamb Kofta Flatbread Recipe Kit 65G', 'product_price': '£ 2.50', 'product_additionals': '£3.85/100g'}, 245.4375, 0.1568627450980392), ({'shop': 'tesco', 'url': 'https://www.tesco.com/groceries/en-GB/products/286242984', 'product_name': 'T.Sunblush Tomato Tomato & Garlic Flatbread 235G', 'product_price': '£ 1.60', 'product_additionals': '£0.68/100g'}, 45.05000000000001, 0.15094339622641506), ({'shop': 'tesco', 'url': 'https://www.tesco.com/groceries/en-GB/products/281260313', 'product_name': 'Tesco 2 Breaded Chicken Breast Fillets 350', 'product_price': '£ 3.00', 'product_additionals': '£8.58/kg'}, 40.32600000000001, 0.21276595744680848), ({'shop': 'tesco', 'url': 'https://www.tesco.com/groceries/en-GB/products/271523387', 'product_name': 'Tesco 2 Breaded Chunky Cod Fillets 350G', 'product_price': '£ 3.50', 'product_additionals': '£10.00/kg'}, 43.99999999999999, 0.2272727272727273), ({'shop': 'tesco', 'url': 'https://www.tesco.com/groceries/en-GB/products/271529162', 'product_name': 'Tesco 2 Breaded Chunky Haddock Fillets 350G', 'product_price': '£ 3.50', 'product_additionals': '£10.00/kg'}, 47.99999999999999, 0.20833333333333337), ({'shop': 'tesco', 'url': 'https://www.tesco.com/groceries/en-GB/products/304381123', 'product_name': 'Tesco 2 Breaded Cod Fillets 300G', 'product_price': '£ 2.75', 'product_additionals': '£9.17/kg'}, 33.928999999999995, 0.2702702702702703), ({'shop': 'tesco', 'url': 'https://www.tesco.com/groceries/en-GB/products/259208151', 'product_name': 'Tesco 2 Pack Bread & Butter Pudding 2 X 120G', 'product_price': '£ 2.00', 'product_additionals': '£0.83/100g'}, 40.67, 0.20408163265306123), ({'shop': 'tesco', 'url': 'https://www.tesco.com/groceries/en-GB/products/304377590', 'product_name': 'Tesco 2 Pack Breaded Garlic Chicken Kievs 260G', 'product_price': '£ 2.00', 'product_additionals': '£7.70/kg'}, 39.27000000000001, 0.196078431372549), ({'shop': 'tesco', 'url': 'https://www.tesco.com/groceries/en-GB/products/281260768', 'product_name': 'Tesco 2 Southern Fried Breaded Chicken Fillets 300G', 'product_price': '£ 3.00', 'product_additionals': '£10.00/kg'}, 55.99999999999999, 0.1785714285714286), ({'shop': 'tesco', 'url': 'https://www.tesco.com/groceries/en-GB/products/271023178', 'product_name': 'Tesco 30 Breaded Chicken Breast Nuggets 450G', 'product_price': '£ 1.50', 'product_additionals': '£3.34/kg'}, 16.366, 0.20408163265306123), ({'shop': 'tesco', 'url': 'https://www.tesco.com/groceries/en-GB/products/286932070', 'product_name': 'Tesco 30 Mini Gingerbread 330G', 'product_price': '£ 1.80', 'product_additionals': '£0.55/100g'}, 24.062500000000004, 0.22857142857142854), ({'shop': 'tesco', 'url': 'https://www.tesco.com/groceries/en-GB/products/274730488', 'product_name': 'Tesco 30 Mini Gingerbread Men 270G', 'product_price': '£ 1.80', 'product_additionals': '£0.67/100g'}, 32.66250000000001, 0.20512820512820507), ({'shop': 'tesco', 'url': 'https://www.tesco.com/groceries/en-GB/products/297683100', 'product_name': 'Tesco 4 Breaded Chicken Steaks 380G', 'product_price': '£ 1.65', 'product_additionals': '£4.35/kg'}, 17.4, 0.25), ({'shop': 'tesco', 'url': 'https://www.tesco.com/groceries/en-GB/products/264567506', 'product_name': 'Tesco 4 Breaded Chicken Steaks 505G', 'product_price': '£ 2.50', 'product_additionals': '£4.96/kg'}, 19.84, 0.25), ({'shop': 'tesco', 'url': 'https://www.tesco.com/groceries/en-GB/products/258609605', 'product_name': 'Tesco 4 Breaded Chunky Prime Cod Fillets 500G', 'product_price': '£ 3.60', 'product_additionals': '£7.20/kg'}, 36.00000000000001, 0.19999999999999996), ({'shop': 'tesco', 'url': 'https://www.tesco.com/groceries/en-GB/products/266195171', 'product_name': 'Tesco 4 Breaded Cod Fillets 500G', 'product_price': '£ 3.00', 'product_additionals': '£6.00/kg'}, 22.2, 0.2702702702702703), ({'shop': 'tesco', 'url': 'https://www.tesco.com/groceries/en-GB/products/290017687', 'product_name': 'Tesco 4 Breaded Cod Fishcakes 340G', 'product_price': '£ 2.00', 'product_additionals': '£5.89/kg'}, 22.971, 0.2564102564102564), ({'shop': 'tesco', 'url': 'https://www.tesco.com/groceries/en-GB/products/305731289', 'product_name': 'Tesco 4 Breaded Plaice Fillets 500G', 'product_price': '£ 4.00', 'product_additionals': '£8.00/kg'}, 32.0, 0.25), ({'shop': 'tesco', 'url': 'https://www.tesco.com/groceries/en-GB/products/293535996', 'product_name': 'Tesco 4 Cheese & Bacon Breaded Chicken Kievs 500G', 'product_price': '£ 2.50', 'product_additionals': '£0.50/100g'}, 27.00000000000001, 0.18518518518518512), ({'shop': 'tesco', 'url': 'https://www.tesco.com/groceries/en-GB/products/264322746', 'product_name': 'Tesco 4 Garlic Butter Breaded Chicken Kievs 500G', 'product_price': '£ 2.50', 'product_additionals': '£5.00/kg'}, 26.500000000000007, 0.18867924528301883), ({'shop': 'tesco', 'url': 'https://www.tesco.com/groceries/en-GB/products/264567593', 'product_name': 'Tesco 4 Southern Fried Breaded Chicken Steaks 505G', 'product_price': '£ 2.50', 'product_additionals': '£4.96/kg'}, 27.27999999999999, 0.18181818181818188), ({'shop': 'tesco', 'url': 'https://www.tesco.com/groceries/en-GB/products/272651665', 'product_name': 'Tesco 6 Pack Mini Breadsticks 120G', 'product_price': '£ 1.30', 'product_additionals': '£1.09/100g'}, 42.510000000000005, 0.2564102564102564), ({'shop': 'tesco', 'url': 'https://www.tesco.com/groceries/en-GB/products/289806238', 'product_name': 'Tesco 72 Breaded Chicken Nuggets 1Kg', 'product_price': '£ 3.15', 'product_additionals': '£3.15/kg'}, 12.915, 0.24390243902439024), ({'shop': 'tesco', 'url': 'https://www.tesco.com/groceries/en-GB/products/307353826', 'product_name': 'Tesco All Butter Chocolate Chip Shortbread 180G', 'product_price': '£ 1.00', 'product_additionals': '£0.56/100g'}, 29.12, 0.1923076923076923), ({'shop': 'tesco', 'url': 'https://www.tesco.com/groceries/en-GB/products/307342027', 'product_name': 'Tesco All Butter Shortbread Fingers 250G', 'product_price': '£ 0.69', 'product_additionals': '£0.28/100g'}, 12.6, 0.2222222222222222), ({'shop': 'tesco', 'url': 'https://www.tesco.com/groceries/en-GB/products/303629513', 'product_name': 'Tesco Both Together Bread 800G', 'product_price': '£ 0.59', 'product_additionals': '£0.07/100g'}, 2.45, 0.2857142857142857), ({'shop': 'tesco', 'url': 'https://www.tesco.com/groceries/en-GB/products/254482788', 'product_name': 'Tesco Bread & Butter Pudding 500G', 'product_price': '£ 2.80', 'product_additionals': '£0.56/100g'}, 21.280000000000005, 0.26315789473684204), ({'shop': 'tesco', 'url': 'https://www.tesco.com/groceries/en-GB/products/279935929', 'product_name': 'Tesco Breaded Chicken Goujons 270G', 'product_price': '£ 2.00', 'product_additionals': '£7.41/kg'}, 28.899000000000004, 0.2564102564102564), ({'shop': 'tesco', 'url': 'https://www.tesco.com/groceries/en-GB/products/285091909', 'product_name': 'Tesco Breaded Chicken Goujons 540G', 'product_price': '£ 3.75', 'product_additionals': '£6.95/kg'}, 27.105000000000004, 0.2564102564102564), ({'shop': 'tesco', 'url': 'https://www.tesco.com/groceries/en-GB/products/264566899', 'product_name': 'Tesco Breaded Chicken Mini Fillets 305G', 'product_price': '£ 2.50', 'product_additionals': '£8.20/kg'}, 36.07999999999999, 0.2272727272727273), ({'shop': 'tesco', 'url': 'https://www.tesco.com/groceries/en-GB/products/293507310', 'product_name': 'Tesco Breaded Chicken Strips 300G', 'product_price': '£ 2.00', 'product_additionals': '£0.67/100g'}, 25.460000000000008, 0.26315789473684204), ({'shop': 'tesco', 'url': 'https://www.tesco.com/groceries/en-GB/products/262083592', 'product_name': 'Tesco Breaded Mini Chicken Fillets 300G', 'product_price': '£ 2.00', 'product_additionals': '£6.67/kg'}, 29.347999999999995, 0.2272727272727273), ({'shop': 'tesco', 'url': 'https://www.tesco.com/groceries/en-GB/products/257218318', 'product_name': 'Tesco Breaded Onion Rings 750G', 'product_price': '£ 1.25', 'product_additionals': '£1.67/kg'}, 5.845, 0.2857142857142857), ({'shop': 'tesco', 'url': 'https://www.tesco.com/groceries/en-GB/products/299054069', 'product_name': 'Tesco Breaded Wholetail Scampi 200G', 'product_price': '£ 3.00', 'product_additionals': '£15.00/kg'}, 60.0, 0.25), ({'shop': 'tesco', 'url': 'https://www.tesco.com/groceries/en-GB/products/286265277', 'product_name': 'Tesco Cheese & Garlic Flatbread 230G', 'product_price': '£ 1.60', 'product_additionals': '£0.70/100g'}, 35.87500000000001, 0.19512195121951215), ({'shop': 'tesco', 'url': 'https://www.tesco.com/groceries/en-GB/products/299557298', 'product_name': 'Tesco Cheese & Garlic Pizza Bread 210G', 'product_price': '£ 1.00', 'product_additionals': '£4.77/kg'}, 20.511, 0.2325581395348837), ({'shop': 'tesco', 'url': 'https://www.tesco.com/groceries/en-GB/products/252109642', 'product_name': 'Tesco Cheese & Tomato Flatbread 225G', 'product_price': '£ 1.25', 'product_additionals': '£0.56/100g'}, 28.700000000000006, 0.19512195121951215), ({'shop': 'tesco', 'url': 'https://www.tesco.com/groceries/en-GB/products/299936610', 'product_name': 'Tesco Finest Basil Pesto & Tomato Flatbread 245G', 'product_price': '£ 2.45', 'product_additionals': '£1.00/100g'}, 53.000000000000014, 0.18867924528301883), ({'shop': 'tesco', 'url': 'https://www.tesco.com/groceries/en-GB/products/286266161', 'product_name': 'Tesco Finest Cheddar Red Onion Mini Flatbreads 295G', 'product_price': '£ 2.45', 'product_additionals': '£0.83/100g'}, 58.10000000000003, 0.1428571428571428), ({'shop': 'tesco', 'url': 'https://www.tesco.com/groceries/en-GB/products/307137419', 'product_name': 'Tesco Finest Free From Seeded Bread 400G', 'product_price': '£ 2.50', 'product_additionals': '£0.62/100g'}, 27.900000000000002, 0.2222222222222222), ({'shop': 'tesco', 'url': 'https://www.tesco.com/groceries/en-GB/products/307152724', 'product_name': 'Tesco Finest Free From Tiger Bread 400G', 'product_price': '£ 2.50', 'product_additionals': '£0.62/100g'}, 27.279999999999998, 0.2272727272727273), ({'shop': 'tesco', 'url': 'https://www.tesco.com/groceries/en-GB/products/306818969', 'product_name': 'Tesco Finest Fruited Sourdough Bread 400G', 'product_price': '£ 1.60', 'product_additionals': '£0.40/100g'}, 18.400000000000002, 0.21739130434782605), ({'shop': 'tesco', 'url': 'https://www.tesco.com/groceries/en-GB/products/304797553', 'product_name': 'Tesco Finest Garlic & Extra Virgin Olive Oil Flatbread 200G', 'product_price': '£ 2.45', 'product_additionals': '£1.23/100g'}, 98.4, 0.125), ({'shop': 'tesco', 'url': 'https://www.tesco.com/groceries/en-GB/products/256089410', 'product_name': 'Tesco Finest Scottish Shortbread Fingers 165G', 'product_price': '£ 1.35', 'product_additionals': '£0.82/100g'}, 51.249999999999986, 0.16000000000000003), ({'shop': 'tesco', 'url': 'https://www.tesco.com/groceries/en-GB/products/257911663', 'product_name': 'Tesco Finest Shortbread Assortment 400G', 'product_price': '£ 3.00', 'product_additionals': '£0.75/100g'}, 41.249999999999986, 0.18181818181818188), ({'shop': 'tesco', 'url': 'https://www.tesco.com/groceries/en-GB/products/305836218', 'product_name': 'Tesco Finest Wholemeal Seeds And Grains Bread 400G', 'product_price': '£ 0.79', 'product_additionals': '£0.20/100g'}, 10.999999999999996, 0.18181818181818188), ({'shop': 'tesco', 'url': 'https://www.tesco.com/groceries/en-GB/products/305737088', 'product_name': 'Tesco Finest Wholemeal Seeds And Grains Bread 800G', 'product_price': '£ 1.10', 'product_additionals': '£0.14/100g'}, 7.699999999999997, 0.18181818181818188), ({'shop': 'tesco', 'url': 'https://www.tesco.com/groceries/en-GB/products/281865600', 'product_name': 'Tesco Free From 4 Breaded Chicken Steaks 380G', 'product_price': '£ 3.75', 'product_additionals': '£9.87/kg'}, 49.35000000000001, 0.19999999999999996), ({'shop': 'tesco', 'url': 'https://www.tesco.com/groceries/en-GB/products/298864892', 'product_name': 'Tesco Free From Breaded Chicken Goujons 270G', 'product_price': '£ 2.00', 'product_additionals': '£7.41/kg'}, 36.309, 0.20408163265306123), ({'shop': 'tesco', 'url': 'https://www.tesco.com/groceries/en-GB/products/299587383', 'product_name': 'Tesco Free From Breaded Chicken Goujons 300G', 'product_price': '£ 2.50', 'product_additionals': '£8.34/kg'}, 40.866, 0.20408163265306123), ({'shop': 'tesco', 'url': 'https://www.tesco.com/groceries/en-GB/products/281509384', 'product_name': 'Tesco Free From Brown Bread 550G', 'product_price': '£ 1.80', 'product_additionals': '£0.33/100g'}, 12.209999999999999, 0.2702702702702703), ({'shop': 'tesco', 'url': 'https://www.tesco.com/groceries/en-GB/products/304392571', 'product_name': 'Tesco Free From Gingerbread Men 154G', 'product_price': '£ 1.50', 'product_additionals': '£0.97/100g'}, 49.712500000000006, 0.19512195121951215), ({'shop': 'tesco', 'url': 'https://www.tesco.com/groceries/en-GB/products/304378272', 'product_name': 'Tesco Free From Shortbread 160G', 'product_price': '£ 1.50', 'product_additionals': '£0.94/100g'}, 42.300000000000004, 0.2222222222222222), ({'shop': 'tesco', 'url': 'https://www.tesco.com/groceries/en-GB/products/276605133', 'product_name': 'Tesco Free From Sliced White Bread 550G', 'product_price': '£ 1.80', 'product_additionals': '£0.33/100g'}, 14.519999999999998, 0.2272727272727273), ({'shop': 'tesco', 'url': 'https://www.tesco.com/groceries/en-GB/products/286264762', 'product_name': 'Tesco Garlic & & Rosemary Flatbread 220G', 'product_price': '£ 1.60', 'product_additionals': '£0.73/100g'}, 41.06249999999999, 0.1777777777777778), ({'shop': 'tesco', 'url': 'https://www.tesco.com/groceries/en-GB/products/252109688', 'product_name': 'Tesco Garlic & Parsley Flatbread 210G', 'product_price': '£ 1.25', 'product_additionals': '£0.60/100g'}, 31.5, 0.19047619047619047), ({'shop': 'tesco', 'url': 'https://www.tesco.com/groceries/en-GB/products/293723399', 'product_name': 'Tesco Garlic Breaded Mushrooms 400G', 'product_price': '£ 1.25', 'product_additionals': '£3.13/kg'}, 12.52, 0.25), ({'shop': 'tesco', 'url': 'https://www.tesco.com/groceries/en-GB/products/288610223', 'product_name': 'Tesco Garlic Flatbread 255G', 'product_price': '£ 2.00', 'product_additionals': '£0.78/100g'}, 31.2, 0.25), ({'shop': 'tesco', 'url': 'https://www.tesco.com/groceries/en-GB/products/289573832', 'product_name': 'Tesco Gingerbread Mix 225G', 'product_price': '£ 1.00', 'product_additionals': '£0.44/100g'}, 17.05, 0.25806451612903225), ({'shop': 'tesco', 'url': 'https://www.tesco.com/groceries/en-GB/products/278834077', 'product_name': 'Tesco Golden Breadcrumbs 175G', 'product_price': '£ 0.80', 'product_additionals': '£4.58/kg'}, 15.571999999999997, 0.2941176470588236), ({'shop': 'tesco', 'url': 'https://www.tesco.com/groceries/en-GB/products/267285351', 'product_name': 'Tesco Hot & Spicy Breaded Chicken Mini Fillets 305G', 'product_price': '£ 2.50', 'product_additionals': '£8.20/kg'}, 45.91999999999999, 0.1785714285714286), ({'shop': 'tesco', 'url': 'https://www.tesco.com/groceries/en-GB/products/256236588', 'product_name': 'Tesco Indian Naan Breads 320G', 'product_price': '£ 1.00', 'product_additionals': '£0.31/100g'}, 10.539999999999997, 0.2941176470588236), ({'shop': 'tesco', 'url': 'https://www.tesco.com/groceries/en-GB/products/285024271', 'product_name': 'Tesco Multiseed Bread Mix 500G', 'product_price': '£ 0.85', 'product_additionals': '£1.70/kg'}, 5.95, 0.2857142857142857), ({'shop': 'tesco', 'url': 'https://www.tesco.com/groceries/en-GB/products/258083897', 'product_name': 'Tesco Original Breadsticks 125G', 'product_price': '£ 0.84', 'product_additionals': '£0.67/100g'}, 24.12, 0.2777777777777778), ({'shop': 'tesco', 'url': 'https://www.tesco.com/groceries/en-GB/products/251697723', 'product_name': 'Tesco Original Mini Breadsticks 100G', 'product_price': '£ 1.00', 'product_additionals': '£1.00/100g'}, 41.0, 0.24390243902439024), ({'shop': 'tesco', 'url': 'https://www.tesco.com/groceries/en-GB/products/294706637', 'product_name': 'Tesco Original Rye Crisp Bread 250G', 'product_price': '£ 0.69', 'product_additionals': '£0.28/100g'}, 11.2, 0.25), ({'shop': 'tesco', 'url': 'https://www.tesco.com/groceries/en-GB/products/268582625', 'product_name': 'Tesco Panko Breadcrumbs 150G', 'product_price': '£ 1.60', 'product_additionals': '£10.67/kg'}, 35.211000000000006, 0.303030303030303), ({'shop': 'tesco', 'url': 'https://www.tesco.com/groceries/en-GB/products/278104918', 'product_name': 'Tesco Peshwari Naan Breads 2 Pack 260G', 'product_price': '£ 0.95', 'product_additionals': '£0.37/100g'}, 15.910000000000004, 0.2325581395348837), ({'shop': 'tesco', 'url': 'https://www.tesco.com/groceries/en-GB/products/304784469', 'product_name': 'Tesco Plant Chef Breaded Goujons 190G', 'product_price': '£ 1.50', 'product_additionals': '£7.90/kg'}, 33.17999999999999, 0.23809523809523814), ({'shop': 'tesco', 'url': 'https://www.tesco.com/groceries/en-GB/products/306493425', 'product_name': 'Tesco Plant Chef Breaded Meat Free Nuggets 180G', 'product_price': '£ 1.50', 'product_additionals': '£8.34/kg'}, 43.368, 0.1923076923076923), ({'shop': 'tesco', 'url': 'https://www.tesco.com/groceries/en-GB/products/305727843', 'product_name': 'Tesco Plant Chef Breaded Nuggets 320G', 'product_price': '£ 1.75', 'product_additionals': '£0.55/100g'}, 23.099999999999994, 0.23809523809523814), ({'shop': 'tesco', 'url': 'https://www.tesco.com/groceries/en-GB/products/265940149', 'product_name': 'Tesco Sesame Breadsticks 125G', 'product_price': '£ 0.84', 'product_additionals': '£0.67/100g'}, 22.779999999999994, 0.2941176470588236), ({'shop': 'tesco', 'url': 'https://www.tesco.com/groceries/en-GB/products/294706650', 'product_name': 'Tesco Sesame Rye Crisp Bread 250G', 'product_price': '£ 0.69', 'product_additionals': '£0.28/100g'}, 10.640000000000002, 0.26315789473684204), ({'shop': 'tesco', 'url': 'https://www.tesco.com/groceries/en-GB/products/293574661', 'product_name': 'Tesco Shortbread Petticoat Tails 450G', 'product_price': '£ 2.00', 'product_additionals': '£0.44/100g'}, 23.1, 0.19047619047619047), ({'shop': 'tesco', 'url': 'https://www.tesco.com/groceries/en-GB/products/264566997', 'product_name': 'Tesco Southern Fried Breaded Chicken Mini Fillets 305G', 'product_price': '£ 2.50', 'product_additionals': '£8.20/kg'}, 48.379999999999995, 0.1694915254237288), ({'shop': 'tesco', 'url': 'https://www.tesco.com/groceries/en-GB/products/254917926', 'product_name': 'Tesco Strong Stone Ground 100% Wholemeal Bread Flour 1.5Kg', 'product_price': '£ 1.20', 'product_additionals': '£0.80/kg'}, 5.040000000000001, 0.15873015873015872), ({'shop': 'tesco', 'url': 'https://www.tesco.com/groceries/en-GB/products/299425748', 'product_name': 'Tesco Toastie White Bread Thick 800G', 'product_price': '£ 0.59', 'product_additionals': '£0.07/100g'}, 2.8699999999999997, 0.24390243902439024), ({'shop': 'tesco', 'url': 'https://www.tesco.com/groceries/en-GB/products/299425760', 'product_name': 'Tesco Toastie Wholemeal Thick Bread 800G', 'product_price': '£ 0.59', 'product_additionals': '£0.07/100g'}, 3.15, 0.2222222222222222), ({'shop': 'tesco', 'url': 'https://www.tesco.com/groceries/en-GB/products/289597812', 'product_name': 'Tesco Very Strong Canadian Bread Flour 1Kg', 'product_price': '£ 1.35', 'product_additionals': '£1.35/kg'}, 6.3450000000000015, 0.21276595744680848), ({'shop': 'tesco', 'url': 'https://www.tesco.com/groceries/en-GB/products/299389116', 'product_name': 'Tesco White Bread 800G', 'product_price': '£ 0.59', 'product_additionals': '£0.07/100g'}, 1.89, 0.37037037037037035), ({'shop': 'tesco', 'url': 'https://www.tesco.com/groceries/en-GB/products/301063378', 'product_name': 'Tesco White Breadcrumbs 175G', 'product_price': '£ 0.80', 'product_additionals': '£0.46/100g'}, 15.180000000000001, 0.303030303030303), ({'shop': 'tesco', 'url': 'https://www.tesco.com/groceries/en-GB/products/299425783', 'product_name': 'Tesco Wholemeal Medium Bread 800G', 'product_price': '£ 0.59', 'product_additionals': '£0.07/100g'}, 2.6600000000000006, 0.26315789473684204), ({'shop': 'tesco', 'url': 'https://www.tesco.com/groceries/en-GB/products/270953414', 'product_name': 'Tesco Wholetail Breaded Scampi 280G', 'product_price': '£ 3.00', 'product_additionals': '£10.72/kg'}, 42.88, 0.25), ({'shop': 'tesco', 'url': 'https://www.tesco.com/groceries/en-GB/products/302744625', 'product_name': 'The Artisan Bread Co Garlic & Basil Sticks 100G', 'product_price': '£ 1.60', 'product_additionals': '£1.60/100g'}, 83.2, 0.1923076923076923), ({'shop': 'tesco', 'url': 'https://www.tesco.com/groceries/en-GB/products/302744055', 'product_name': 'The Artisan Bread Co Garlic & Chilli Flatbread 75G', 'product_price': '£ 1.60', 'product_additionals': '£2.14/100g'}, 117.69999999999995, 0.18181818181818188), ({'shop': 'tesco', 'url': 'https://www.tesco.com/groceries/en-GB/products/302743880', 'product_name': 'The Artisan Bread Company Classic Breadsticks 150G', 'product_price': '£ 1.60', 'product_additionals': '£1.07/100g'}, 58.84999999999997, 0.18181818181818188), ({'shop': 'tesco', 'url': 'https://www.tesco.com/groceries/en-GB/products/302744019', 'product_name': 'The Artisan Bread Company Rosemary Breadsticks 150G', 'product_price': '£ 1.60', 'product_additionals': '£1.07/100g'}, 59.91999999999999, 0.1785714285714286), ({'shop': 'tesco', 'url': 'https://www.tesco.com/groceries/en-GB/products/302744032', 'product_name': 'The Artisan Bread Company Sesame Breadsticks 150G', 'product_price': '£ 1.60', 'product_additionals': '£1.07/100g'}, 57.780000000000015, 0.18518518518518512), ({'shop': 'tesco', 'url': 'https://www.tesco.com/groceries/en-GB/products/300954309', 'product_name': 'The Artisan Bread Company Wheat Toast 125G', 'product_price': '£ 1.60', 'product_additionals': '£1.28/100g'}, 60.16000000000001, 0.21276595744680848), ({'shop': 'tesco', 'url': 'https://www.tesco.com/groceries/en-GB/products/304408969', 'product_name': 'The Pizza Company Deep Filled Garlic Bread 2 Pack 230G', 'product_price': '£ 3.00', 'product_additionals': '£1.31/100g'}, 77.29, 0.1694915254237288), ({'shop': 'tesco', 'url': 'https://www.tesco.com/groceries/en-GB/products/267662020', 'product_name': 'The Polish Bakery Brown Bread 400G', 'product_price': '£ 0.75', 'product_additionals': '£0.19/100g'}, 7.41, 0.2564102564102564), ({'shop': 'tesco', 'url': 'https://www.tesco.com/groceries/en-GB/products/267661977', 'product_name': "The Polish Bakery Granny's Sesame Seed Bread 400G", 'product_price': '£ 1.10', 'product_additionals': '£0.28/100g'}, 15.120000000000005, 0.18518518518518512), ({'shop': 'tesco', 'url': 'https://www.tesco.com/groceries/en-GB/products/265412971', 'product_name': 'The Polish Bakery Half Wheat Half Rye Bread 400G', 'product_price': '£ 0.70', 'product_additionals': '£0.18/100g'}, 9.540000000000003, 0.18867924528301883), ({'shop': 'tesco', 'url': 'https://www.tesco.com/groceries/en-GB/products/265412994', 'product_name': 'The Polish Bakery Half Wheat Half Rye Bread 900G', 'product_price': '£ 1.20', 'product_additionals': '£0.13/100g'}, 6.8900000000000015, 0.18867924528301883), ({'shop': 'tesco', 'url': 'https://www.tesco.com/groceries/en-GB/products/296844907', 'product_name': 'The Polish Bakery Pumpkin Bread 500G', 'product_price': '£ 1.85', 'product_additionals': '£0.37/100g'}, 15.170000000000002, 0.24390243902439024), ({'shop': 'tesco', 'url': 'https://www.tesco.com/groceries/en-GB/products/267662008', 'product_name': 'The Polish Bakery Sunflower Seed Bread 400G', 'product_price': '£ 0.75', 'product_additionals': '£0.19/100g'}, 9.119999999999997, 0.20833333333333337), ({'shop': 'tesco', 'url': 'https://www.tesco.com/groceries/en-GB/products/307135618', 'product_name': 'Trek Power Millionaire Shortbread Bar 55G', 'product_price': '£ 1.75', 'product_additionals': '£3.19/100g'}, 183.42499999999998, 0.17391304347826086), ({'shop': 'tesco', 'url': 'https://www.tesco.com/groceries/en-GB/products/300810619', 'product_name': 'Warburtons Country White Bread 400G', 'product_price': '£ 2.00', 'product_additionals': '£0.50/100g'}, 20.0, 0.25), ({'shop': 'tesco', 'url': 'https://www.tesco.com/groceries/en-GB/products/255727936', 'product_name': 'Warburtons Danish Sliced White Bread 400G', 'product_price': '£ 0.95', 'product_additionals': '£0.24/100g'}, 11.040000000000001, 0.21739130434782605), ({'shop': 'tesco', 'url': 'https://www.tesco.com/groceries/en-GB/products/250168194', 'product_name': 'Warburtons Farmhouse White Bread 800G', 'product_price': '£ 1.20', 'product_additionals': '£0.15/100g'}, 6.299999999999999, 0.23809523809523814), ({'shop': 'tesco', 'url': 'https://www.tesco.com/groceries/en-GB/products/304371279', 'product_name': 'Warburtons Half And Half Medium Bread 800G', 'product_price': '£ 1.05', 'product_additionals': '£0.13/100g'}, 6.110000000000001, 0.21276595744680848), ({'shop': 'tesco', 'url': 'https://www.tesco.com/groceries/en-GB/products/300810591', 'product_name': 'Warburtons Malted Grain & Seeds Bread 400G', 'product_price': '£ 1.50', 'product_additionals': '£0.38/100g'}, 17.860000000000003, 0.21276595744680848), ({'shop': 'tesco', 'url': 'https://www.tesco.com/groceries/en-GB/products/254942331', 'product_name': 'Warburtons Medium Sliced White Bread 400G', 'product_price': '£ 0.90', 'product_additionals': '£0.22/100g'}, 10.120000000000003, 0.21739130434782605), ({'shop': 'tesco', 'url': 'https://www.tesco.com/groceries/en-GB/products/254942325', 'product_name': 'Warburtons Medium Sliced White Bread 800G', 'product_price': '£ 1.10', 'product_additionals': '£0.14/100g'}, 6.44, 0.21739130434782605), ({'shop': 'tesco', 'url': 'https://www.tesco.com/groceries/en-GB/products/254942734', 'product_name': 'Warburtons Milk Roll Sliced White Bread 400G', 'product_price': '£ 0.90', 'product_additionals': '£0.22/100g'}, 10.780000000000001, 0.20408163265306123), ({'shop': 'tesco', 'url': 'https://www.tesco.com/groceries/en-GB/products/300810631', 'product_name': 'Warburtons Multi Grain & Seed Bread 400G', 'product_price': '£ 2.00', 'product_additionals': '£0.50/100g'}, 22.5, 0.2222222222222222), ({'shop': 'tesco', 'url': 'https://www.tesco.com/groceries/en-GB/products/300810579', 'product_name': 'Warburtons Old English White Bread 400G', 'product_price': '£ 1.50', 'product_additionals': '£0.38/100g'}, 16.72, 0.2272727272727273), ({'shop': 'tesco', 'url': 'https://www.tesco.com/groceries/en-GB/products/251738895', 'product_name': 'Warburtons Seeded Batch Bread 400G', 'product_price': '£ 0.90', 'product_additionals': '£0.22/100g'}, 8.580000000000002, 0.2564102564102564), ({'shop': 'tesco', 'url': 'https://www.tesco.com/groceries/en-GB/products/257269645', 'product_name': 'Warburtons Seeded Batch Bread 800G', 'product_price': '£ 1.40', 'product_additionals': '£0.18/100g'}, 7.0200000000000005, 0.2564102564102564), ({'shop': 'tesco', 'url': 'https://www.tesco.com/groceries/en-GB/products/268104801', 'product_name': 'Warburtons Sliced Tiger Bread 600G', 'product_price': '£ 1.35', 'product_additionals': '£0.22/100g'}, 8.580000000000002, 0.2564102564102564), ({'shop': 'tesco', 'url': 'https://www.tesco.com/groceries/en-GB/products/299608331', 'product_name': 'Warburtons Thoroughbread Lancashire 800G', 'product_price': '£ 1.40', 'product_additionals': '£0.18/100g'}, 10.124999999999998, 0.1777777777777778), ({'shop': 'tesco', 'url': 'https://www.tesco.com/groceries/en-GB/products/254942354', 'product_name': 'Warburtons Toastie Sliced White Bread 400G', 'product_price': '£ 0.85', 'product_additionals': '£0.21/100g'}, 9.870000000000001, 0.21276595744680848), ({'shop': 'tesco', 'url': 'https://www.tesco.com/groceries/en-GB/products/254942348', 'product_name': 'Warburtons Toastie Sliced White Bread 800G', 'product_price': '£ 1.10', 'product_additionals': '£0.14/100g'}, 6.58, 0.21276595744680848), ({'shop': 'tesco', 'url': 'https://www.tesco.com/groceries/en-GB/products/302088635', 'product_name': 'Warburtons White Farmhouse Bread 400G', 'product_price': '£ 1.00', 'product_additionals': '£0.25/100g'}, 10.499999999999998, 0.23809523809523814), ({'shop': 'tesco', 'url': 'https://www.tesco.com/groceries/en-GB/products/302385928', 'product_name': 'Warburtons White Gluten Free Bread Sourdough 400G', 'product_price': '£ 3.40', 'product_additionals': '£0.85/100g'}, 45.90000000000001, 0.18518518518518512), ({'shop': 'tesco', 'url': 'https://www.tesco.com/groceries/en-GB/products/254944283', 'product_name': 'Warburtons Wholemeal Medium Bread 400G', 'product_price': '£ 0.85', 'product_additionals': '£0.21/100g'}, 9.030000000000001, 0.2325581395348837), ({'shop': 'tesco', 'url': 'https://www.tesco.com/groceries/en-GB/products/254944260', 'product_name': 'Warburtons Wholemeal Medium Bread 800G', 'product_price': '£ 1.05', 'product_additionals': '£0.13/100g'}, 5.590000000000001, 0.2325581395348837), ({'shop': 'tesco', 'url': 'https://www.tesco.com/groceries/en-GB/products/256641396', 'product_name': 'Weight Watchers Malted Danish Sliced Bread 400G', 'product_price': '£ 1.00', 'product_additionals': '£0.25/100g'}, 13.000000000000002, 0.1923076923076923), ({'shop': 'tesco', 'url': 'https://www.tesco.com/groceries/en-GB/products/303630499', 'product_name': 'Whitby Seafoods Breaded Scampi Bites 190G', 'product_price': '£ 1.00', 'product_additionals': '£5.27/kg'}, 24.242, 0.21739130434782605), ({'shop': 'tesco', 'url': 'https://www.tesco.com/groceries/en-GB/products/303391723', 'product_name': 'Youngs Simply Breaded 4 Large Cod Fillets 440G', 'product_price': '£ 4.00', 'product_additionals': '£9.10/kg'}, 46.410000000000004, 0.196078431372549), ({'shop': 'tesco', 'url': 'https://www.tesco.com/groceries/en-GB/products/303391625', 'product_name': 'Youngs Simply Breaded Omega 3 4 Fish Fillets 400G', 'product_price': '£ 2.40', 'product_additionals': '£6.00/kg'}, 32.40000000000001, 0.18518518518518512)], [])

final
[{'shop': 'tesco', 'url': 'https://www.tesco.com/groceries/en-GB/products/254945564', 'product_name': 'Tesco 6 White Pitta Bread', 'product_price': '£ 0.45', 'product_additionals': '£0.08/each'}, {'shop': 'tesco', 'url': 'https://www.tesco.com/groceries/en-GB/products/254945610', 'product_name': 'Tesco 6 Wholemeal Pitta Bread', 'product_price': '£ 0.45', 'product_additionals': '£0.08/each'}, {'shop': 'tesco', 'url': 'https://www.tesco.com/groceries/en-GB/products/308094029', 'product_name': 'Mission 6 Plain Pitta Breads', 'product_price': '£ 0.80', 'product_additionals': '£0.13/each'}, {'shop': 'tesco', 'url': 'https://www.tesco.com/groceries/en-GB/products/308110957', 'product_name': 'Tesco 10 Mini Easter Gingerbread Men', 'product_price': '£ 1.00', 'product_additionals': '£0.10/each'}, {'shop': 'tesco', 'url': 'https://www.tesco.com/groceries/en-GB/products/291376265', 'product_name': 'Tesco 6 Multiseed Folded Flatbreads', 'product_price': '£ 0.79', 'product_additionals': '£0.13/each'}, {'shop': 'tesco', 'url': 'https://www.tesco.com/groceries/en-GB/products/291376220', 'product_name': 'Tesco Folded Flatbreads Plain 6 Pack', 'product_price': '£ 0.79', 'product_additionals': '£0.13/each'}, {'shop': 'tesco', 'url': 'https://www.tesco.com/groceries/en-GB/products/291376334', 'product_name': 'Tesco Malted Grain & Rye Folded Flatbread 6 Pack', 'product_price': '£ 0.79', 'product_additionals': '£0.13/each'}, {'shop': 'tesco', 'url': 'https://www.tesco.com/groceries/en-GB/products/303315815', 'product_name': 'Tesco 2 Plain Naan Breads', 'product_price': '£ 0.75', 'product_additionals': '£0.38/each'}, {'shop': 'tesco', 'url': 'https://www.tesco.com/groceries/en-GB/products/274684882', 'product_name': 'Tesco 5 Gingerbread Men Kit 174G', 'product_price': '£ 1.80', 'product_additionals': '£0.36/each'}, {'shop': 'tesco', 'url': 'https://www.tesco.com/groceries/en-GB/products/250506912', 'product_name': 'Pataks Plain Naan Bread 2 Pack', 'product_price': '£ 1.25', 'product_additionals': '£0.62/each'}, {'shop': 'tesco', 'url': 'https://www.tesco.com/groceries/en-GB/products/257800909', 'product_name': 'Finest Triple Chocolate Shortbread 4 Pack', 'product_price': '£ 1.50', 'product_additionals': '£0.38/each'}, {'shop': 'tesco', 'url': 'https://www.tesco.com/groceries/en-GB/products/259170533', 'product_name': 'Pataks Peshwari Naan Bread 2Pack', 'product_price': '£ 1.25', 'product_additionals': '£0.62/each'}, {'shop': 'tesco', 'url': 'https://www.tesco.com/groceries/en-GB/products/305527187', 'product_name': 'Tesco 5 Decorate Your Own Gingerbread Easter Egg Kit', 'product_price': '£ 1.80', 'product_additionals': '£0.36/each'}, {'shop': 'tesco', 'url': 'https://www.tesco.com/groceries/en-GB/products/308079929', 'product_name': 'Tesco Seasonal Gingerbread Biscuit', 'product_price': '£ 0.60', 'product_additionals': '£0.60/each'}, {'shop': 'tesco', 'url': 'https://www.tesco.com/groceries/en-GB/products/250523085', 'product_name': 'Pataks Garlic & Coriander Naan Bread 2 Pack', 'product_price': '£ 1.25', 'product_additionals': '£0.62/each'}, {'shop': 'tesco', 'url': 'https://www.tesco.com/groceries/en-GB/products/285498135', 'product_name': 'Tesco Corn Bread', 'product_price': '£ 1.60', 'product_additionals': '£1.60/each'}, {'shop': 'tesco', 'url': 'https://www.tesco.com/groceries/en-GB/products/272960719', 'product_name': 'Three Cheese Bread', 'product_price': '£ 1.60', 'product_additionals': '£1.60/each'}, {'shop': 'tesco', 'url': 'https://www.tesco.com/groceries/en-GB/products/308093498', 'product_name': "Irwin's Traditional Wheaten Bread", 'product_price': '£ 1.20', 'product_additionals': '£1.20/each'}, {'shop': 'tesco', 'url': 'https://www.tesco.com/groceries/en-GB/products/305834981', 'product_name': 'Tesco Finest 4 Millionaire Shortbread Slices', 'product_price': '£ 2.25', 'product_additionals': '£2.25/each'}, {'shop': 'tesco', 'url': 'https://www.tesco.com/groceries/en-GB/products/299045570', 'product_name': "H W Nevill's White Bread 800G", 'product_price': '£ 0.36', 'product_additionals': '£0.04/100g'}, {'shop': 'tesco', 'url': 'https://www.tesco.com/groceries/en-GB/products/299045558', 'product_name': "H W Nevill's Wholemeal Bread 800G", 'product_price': '£ 0.36', 'product_additionals': '£0.04/100g'}, {'shop': 'tesco', 'url': 'https://www.tesco.com/groceries/en-GB/products/299389116', 'product_name': 'Tesco White Bread 800G', 'product_price': '£ 0.59', 'product_additionals': '£0.07/100g'}, {'shop': 'tesco', 'url': 'https://www.tesco.com/groceries/en-GB/products/303629513', 'product_name': 'Tesco Both Together Bread 800G', 'product_price': '£ 0.59', 'product_additionals': '£0.07/100g'}, {'shop': 'tesco', 'url': 'https://www.tesco.com/groceries/en-GB/products/299425783', 'product_name': 'Tesco Wholemeal Medium Bread 800G', 'product_price': '£ 0.59', 'product_additionals': '£0.07/100g'}, {'shop': 'tesco', 'url': 'https://www.tesco.com/groceries/en-GB/products/299425748', 'product_name': 'Tesco Toastie White Bread Thick 800G', 'product_price': '£ 0.59', 'product_additionals': '£0.07/100g'}, {'shop': 'tesco', 'url': 'https://www.tesco.com/groceries/en-GB/products/299425760', 'product_name': 'Tesco Toastie Wholemeal Thick Bread 800G', 'product_price': '£ 0.59', 'product_additionals': '£0.07/100g'}, {'shop': 'tesco', 'url': 'https://www.tesco.com/groceries/en-GB/products/252065992', 'product_name': 'Kingsmill 50/50 Thick Bread 800G', 'product_price': '£ 0.85', 'product_additionals': '£0.11/100g'}, {'shop': 'tesco', 'url': 'https://www.tesco.com/groceries/en-GB/products/261738730', 'product_name': 'Kingsmill 50/50 Medium Bread 800G', 'product_price': '£ 0.85', 'product_additionals': '£0.11/100g'}, {'shop': 'tesco', 'url': 'https://www.tesco.com/groceries/en-GB/products/271273388', 'product_name': 'Allinson Wholemeal Bread 1.5Kg', 'product_price': '£ 2.00', 'product_additionals': '£1.34/kg'}, {'shop': 'tesco', 'url': 'https://www.tesco.com/groceries/en-GB/products/259804983', 'product_name': 'Kingsmill Soft White Thick Bread 800G', 'product_price': '£ 0.95', 'product_additionals': '£0.12/100g'}, {'shop': 'tesco', 'url': 'https://www.tesco.com/groceries/en-GB/products/254917926', 'product_name': 'Tesco Strong Stone Ground 100% Wholemeal Bread Flour 1.5Kg', 'product_price': '£ 1.20', 'product_additionals': '£0.80/kg'}, {'shop': 'tesco', 'url': 'https://www.tesco.com/groceries/en-GB/products/259804954', 'product_name': 'Kingsmill Soft White Medium Bread 800G', 'product_price': '£ 0.95', 'product_additionals': '£0.12/100g'}, {'shop': 'tesco', 'url': 'https://www.tesco.com/groceries/en-GB/products/263518014', 'product_name': 'Hovis Wholemeal Thick Bread 800G', 'product_price': '£ 1.10', 'product_additionals': '£0.14/100g'}, {'shop': 'tesco', 'url': 'https://www.tesco.com/groceries/en-GB/products/254550817', 'product_name': 'Hovis Soft White Thick Bread 800G', 'product_price': '£ 1.10', 'product_additionals': '£0.14/100g'}, {'shop': 'tesco', 'url': 'https://www.tesco.com/groceries/en-GB/products/255000362', 'product_name': 'Hovis Wholemeal Medium Bread 800G', 'product_price': '£ 1.10', 'product_additionals': '£0.14/100g'}, {'shop': 'tesco', 'url': 'https://www.tesco.com/groceries/en-GB/products/256174499', 'product_name': 'Hovis Soft White Medium Bread 800G', 'product_price': '£ 1.09', 'product_additionals': '£0.14/100g'}, {'shop': 'tesco', 'url': 'https://www.tesco.com/groceries/en-GB/products/254944260', 'product_name': 'Warburtons Wholemeal Medium Bread 800G', 'product_price': '£ 1.05', 'product_additionals': '£0.13/100g'}, {'shop': 'tesco', 'url': 'https://www.tesco.com/groceries/en-GB/products/252990345', 'product_name': 'Kingsmill Tasty Wholemeal Medium Bread 800G', 'product_price': '£ 0.95', 'product_additionals': '£0.12/100g'}, {'shop': 'tesco', 'url': 'https://www.tesco.com/groceries/en-GB/products/257218318', 'product_name': 'Tesco Breaded Onion Rings 750G', 'product_price': '£ 1.25', 'product_additionals': '£1.67/kg'}, {'shop': 'tesco', 'url': 'https://www.tesco.com/groceries/en-GB/products/256783233', 'product_name': 'Allinson Strong White Bread Flour 1.5Kg', 'product_price': '£ 2.00', 'product_additionals': '£1.34/kg'}, {'shop': 'tesco', 'url': 'https://www.tesco.com/groceries/en-GB/products/285024271', 'product_name': 'Tesco Multiseed Bread Mix 500G', 'product_price': '£ 0.85', 'product_additionals': '£1.70/kg'}, {'shop': 'tesco', 'url': 'https://www.tesco.com/groceries/en-GB/products/304371279', 'product_name': 'Warburtons Half And Half Medium Bread 800G', 'product_price': '£ 1.05', 'product_additionals': '£0.13/100g'}, {'shop': 'tesco', 'url': 'https://www.tesco.com/groceries/en-GB/products/267363266', 'product_name': 'Hovis Soft White Extra Thick Bread 800G', 'product_price': '£ 1.10', 'product_additionals': '£0.14/100g'}, {'shop': 'tesco', 'url': 'https://www.tesco.com/groceries/en-GB/products/250168194', 'product_name': 'Warburtons Farmhouse White Bread 800G', 'product_price': '£ 1.20', 'product_additionals': '£0.15/100g'}, {'shop': 'tesco', 'url': 'https://www.tesco.com/groceries/en-GB/products/250871708', 'product_name': 'Hovis Granary Thick Bread 800G', 'product_price': '£ 1.45', 'product_additionals': '£0.18/100g'}, {'shop': 'tesco', 'url': 'https://www.tesco.com/groceries/en-GB/products/289597812', 'product_name': 'Tesco Very Strong Canadian Bread Flour 1Kg', 'product_price': '£ 1.35', 'product_additionals': '£1.35/kg'}, {'shop': 'tesco', 'url': 'https://www.tesco.com/groceries/en-GB/products/254942325', 'product_name': 'Warburtons Medium Sliced White Bread 800G', 'product_price': '£ 1.10', 'product_additionals': '£0.14/100g'}, {'shop': 'tesco', 'url': 'https://www.tesco.com/groceries/en-GB/products/254942348', 'product_name': 'Warburtons Toastie Sliced White Bread 800G', 'product_price': '£ 1.10', 'product_additionals': '£0.14/100g'}, {'shop': 'tesco', 'url': 'https://www.tesco.com/groceries/en-GB/products/306822170', 'product_name': "Allinson's Country Grain Bread Flour 1Kg", 'product_price': '£ 1.50', 'product_additionals': '£1.50/kg'}, {'shop': 'tesco', 'url': 'https://www.tesco.com/groceries/en-GB/products/265412994', 'product_name': 'The Polish Bakery Half Wheat Half Rye Bread 900G', 'product_price': '£ 1.20', 'product_additionals': '£0.13/100g'}, {'shop': 'tesco', 'url': 'https://www.tesco.com/groceries/en-GB/products/279505707', 'product_name': 'Hovis Best Of Both Thick White Bread 750G', 'product_price': '£ 1.10', 'product_additionals': '£0.15/100g'}, {'shop': 'tesco', 'url': 'https://www.tesco.com/groceries/en-GB/products/263190209', 'product_name': 'Prymat Breadcrumbs 400G', 'product_price': '£ 1.00', 'product_additionals': '£2.50/kg'}, {'shop': 'tesco', 'url': 'https://www.tesco.com/groceries/en-GB/products/254944133', 'product_name': 'Hovis Granary Wholemeal Bread 800G', 'product_price': '£ 1.45', 'product_additionals': '£0.18/100g'}, {'shop': 'tesco', 'url': 'https://www.tesco.com/groceries/en-GB/products/257269645', 'product_name': 'Warburtons Seeded Batch Bread 800G', 'product_price': '£ 1.40', 'product_additionals': '£0.18/100g'}, {'shop': 'tesco', 'url': 'https://www.tesco.com/groceries/en-GB/products/279505857', 'product_name': 'Hovis Best Of Both Medium White Bread 750G', 'product_price': '£ 1.10', 'product_additionals': '£0.15/100g'}, {'shop': 'tesco', 'url': 'https://www.tesco.com/groceries/en-GB/products/274811214', 'product_name': 'Hovis Original 7 Seeds Bread 800G', 'product_price': '£ 1.50', 'product_additionals': '£0.19/100g'}, {'shop': 'tesco', 'url': 'https://www.tesco.com/groceries/en-GB/products/274811254', 'product_name': 'Hovis 7 Seeds Wholemeal Bread 800G', 'product_price': '£ 1.50', 'product_additionals': '£0.19/100g'}, {'shop': 'tesco', 'url': 'https://www.tesco.com/groceries/en-GB/products/267662020', 'product_name': 'The Polish Bakery Brown Bread 400G', 'product_price': '£ 0.75', 'product_additionals': '£0.19/100g'}, {'shop': 'tesco', 'url': 'https://www.tesco.com/groceries/en-GB/products/307138172', 'product_name': 'Allinson Strong White Bread Flour 1Kg', 'product_price': '£ 1.80', 'product_additionals': '£1.80/kg'}, {'shop': 'tesco', 'url': 'https://www.tesco.com/groceries/en-GB/products/305737088', 'product_name': 'Tesco Finest Wholemeal Seeds And Grains Bread 800G', 'product_price': '£ 1.10', 'product_additionals': '£0.14/100g'}, {'shop': 'tesco', 'url': 'https://www.tesco.com/groceries/en-GB/products/250829858', 'product_name': 'Hovis Wholemeal Medium Bread 400G', 'product_price': '£ 0.85', 'product_additionals': '£0.21/100g'}, {'shop': 'tesco', 'url': 'https://www.tesco.com/groceries/en-GB/products/257123599', 'product_name': 'Doves Farm Gluten Free White Bread Flour 1Kg', 'product_price': '£ 1.70', 'product_additionals': '£1.70/kg'}, {'shop': 'tesco', 'url': 'https://www.tesco.com/groceries/en-GB/products/296844942', 'product_name': 'Polish Bakery Highlander Bread Sourdough 800G', 'product_price': '£ 1.35', 'product_additionals': '£0.17/100g'}, {'shop': 'tesco', 'url': 'https://www.tesco.com/groceries/en-GB/products/251738895', 'product_name': 'Warburtons Seeded Batch Bread 400G', 'product_price': '£ 0.90', 'product_additionals': '£0.22/100g'}, {'shop': 'tesco', 'url': 'https://www.tesco.com/groceries/en-GB/products/268104801', 'product_name': 'Warburtons Sliced Tiger Bread 600G', 'product_price': '£ 1.35', 'product_additionals': '£0.22/100g'}, {'shop': 'tesco', 'url': 'https://www.tesco.com/groceries/en-GB/products/306932886', 'product_name': 'Molino Pasini Pizza & Focaccia Bread Mix 1000G', 'product_price': '£ 1.70', 'product_additionals': '£1.70/kg'}, {'shop': 'tesco', 'url': 'https://www.tesco.com/groceries/en-GB/products/254944283', 'product_name': 'Warburtons Wholemeal Medium Bread 400G', 'product_price': '£ 0.85', 'product_additionals': '£0.21/100g'}, {'shop': 'tesco', 'url': 'https://www.tesco.com/groceries/en-GB/products/267662008', 'product_name': 'The Polish Bakery Sunflower Seed Bread 400G', 'product_price': '£ 0.75', 'product_additionals': '£0.19/100g'}, {'shop': 'tesco', 'url': 'https://www.tesco.com/groceries/en-GB/products/259747508', 'product_name': 'Hovis Original Granary Bread 400G', 'product_price': '£ 0.95', 'product_additionals': '£0.24/100g'}, {'shop': 'tesco', 'url': 'https://www.tesco.com/groceries/en-GB/products/265412971', 'product_name': 'The Polish Bakery Half Wheat Half Rye Bread 400G', 'product_price': '£ 0.70', 'product_additionals': '£0.18/100g'}, {'shop': 'tesco', 'url': 'https://www.tesco.com/groceries/en-GB/products/254942354', 'product_name': 'Warburtons Toastie Sliced White Bread 400G', 'product_price': '£ 0.85', 'product_additionals': '£0.21/100g'}, {'shop': 'tesco', 'url': 'https://www.tesco.com/groceries/en-GB/products/254942331', 'product_name': 'Warburtons Medium Sliced White Bread 400G', 'product_price': '£ 0.90', 'product_additionals': '£0.22/100g'}, {'shop': 'tesco', 'url': 'https://www.tesco.com/groceries/en-GB/products/299608331', 'product_name': 'Warburtons Thoroughbread Lancashire 800G', 'product_price': '£ 1.40', 'product_additionals': '£0.18/100g'}, {'shop': 'tesco', 'url': 'https://www.tesco.com/groceries/en-GB/products/302088635', 'product_name': 'Warburtons White Farmhouse Bread 400G', 'product_price': '£ 1.00', 'product_additionals': '£0.25/100g'}, {'shop': 'tesco', 'url': 'https://www.tesco.com/groceries/en-GB/products/256236588', 'product_name': 'Tesco Indian Naan Breads 320G', 'product_price': '£ 1.00', 'product_additionals': '£0.31/100g'}, {'shop': 'tesco', 'url': 'https://www.tesco.com/groceries/en-GB/products/294706650', 'product_name': 'Tesco Sesame Rye Crisp Bread 250G', 'product_price': '£ 0.69', 'product_additionals': '£0.28/100g'}, {'shop': 'tesco', 'url': 'https://www.tesco.com/groceries/en-GB/products/299596458', 'product_name': 'Hearty Food Co 8 Breaded Chicken Burgers 456G', 'product_price': '£ 0.97', 'product_additionals': '£2.13/kg'}, {'shop': 'tesco', 'url': 'https://www.tesco.com/groceries/en-GB/products/254942734', 'product_name': 'Warburtons Milk Roll Sliced White Bread 400G', 'product_price': '£ 0.90', 'product_additionals': '£0.22/100g'}, {'shop': 'tesco', 'url': 'https://www.tesco.com/groceries/en-GB/products/305836218', 'product_name': 'Tesco Finest Wholemeal Seeds And Grains Bread 400G', 'product_price': '£ 0.79', 'product_additionals': '£0.20/100g'}, {'shop': 'tesco', 'url': 'https://www.tesco.com/groceries/en-GB/products/255727936', 'product_name': 'Warburtons Danish Sliced White Bread 400G', 'product_price': '£ 0.95', 'product_additionals': '£0.24/100g'}, {'shop': 'tesco', 'url': 'https://www.tesco.com/groceries/en-GB/products/294706637', 'product_name': 'Tesco Original Rye Crisp Bread 250G', 'product_price': '£ 0.69', 'product_additionals': '£0.28/100g'}, {'shop': 'tesco', 'url': 'https://www.tesco.com/groceries/en-GB/products/281509384', 'product_name': 'Tesco Free From Brown Bread 550G', 'product_price': '£ 1.80', 'product_additionals': '£0.33/100g'}, {'shop': 'tesco', 'url': 'https://www.tesco.com/groceries/en-GB/products/293723399', 'product_name': 'Tesco Garlic Breaded Mushrooms 400G', 'product_price': '£ 1.25', 'product_additionals': '£3.13/kg'}, {'shop': 'tesco', 'url': 'https://www.tesco.com/groceries/en-GB/products/307342027', 'product_name': 'Tesco All Butter Shortbread Fingers 250G', 'product_price': '£ 0.69', 'product_additionals': '£0.28/100g'}, {'shop': 'tesco', 'url': 'https://www.tesco.com/groceries/en-GB/products/258199403', 'product_name': "Paterson's Shortbread Fingers 380G", 'product_price': '£ 1.00', 'product_additionals': '£0.26/100g'}, {'shop': 'tesco', 'url': 'https://www.tesco.com/groceries/en-GB/products/289806238', 'product_name': 'Tesco 72 Breaded Chicken Nuggets 1Kg', 'product_price': '£ 3.15', 'product_additionals': '£3.15/kg'}, {'shop': 'tesco', 'url': 'https://www.tesco.com/groceries/en-GB/products/256641396', 'product_name': 'Weight Watchers Malted Danish Sliced Bread 400G', 'product_price': '£ 1.00', 'product_additionals': '£0.25/100g'}, {'shop': 'tesco', 'url': 'https://www.tesco.com/groceries/en-GB/products/299587469', 'product_name': 'Hearty Food Co 20 Breaded Chicken Nuggets 320G', 'product_price': '£ 0.85', 'product_additionals': '£2.66/kg'}, {'shop': 'tesco', 'url': 'https://www.tesco.com/groceries/en-GB/products/260630288', 'product_name': 'Kingsmill 50/50 No Crusts Bread 400G', 'product_price': '£ 1.40', 'product_additionals': '£0.35/100g'}, {'shop': 'tesco', 'url': 'https://www.tesco.com/groceries/en-GB/products/276605133', 'product_name': 'Tesco Free From Sliced White Bread 550G', 'product_price': '£ 1.80', 'product_additionals': '£0.33/100g'}, {'shop': 'tesco', 'url': 'https://www.tesco.com/groceries/en-GB/products/267661977', 'product_name': "The Polish Bakery Granny's Sesame Seed Bread 400G", 'product_price': '£ 1.10', 'product_additionals': '£0.28/100g'}, {'shop': 'tesco', 'url': 'https://www.tesco.com/groceries/en-GB/products/296844907', 'product_name': 'The Polish Bakery Pumpkin Bread 500G', 'product_price': '£ 1.85', 'product_additionals': '£0.37/100g'}, {'shop': 'tesco', 'url': 'https://www.tesco.com/groceries/en-GB/products/301063378', 'product_name': 'Tesco White Breadcrumbs 175G', 'product_price': '£ 0.80', 'product_additionals': '£0.46/100g'}, {'shop': 'tesco', 'url': 'https://www.tesco.com/groceries/en-GB/products/278834077', 'product_name': 'Tesco Golden Breadcrumbs 175G', 'product_price': '£ 0.80', 'product_additionals': '£4.58/kg'}, {'shop': 'tesco', 'url': 'https://www.tesco.com/groceries/en-GB/products/278104918', 'product_name': 'Tesco Peshwari Naan Breads 2 Pack 260G', 'product_price': '£ 0.95', 'product_additionals': '£0.37/100g'}, {'shop': 'tesco', 'url': 'https://www.tesco.com/groceries/en-GB/products/262106716', 'product_name': 'Paxo Golden Breadcrumbs 227G', 'product_price': '£ 1.10', 'product_additionals': '£4.85/kg'}, {'shop': 'tesco', 'url': 'https://www.tesco.com/groceries/en-GB/products/271023178', 'product_name': 'Tesco 30 Breaded Chicken Breast Nuggets 450G', 'product_price': '£ 1.50', 'product_additionals': '£3.34/kg'}, {'shop': 'tesco', 'url': 'https://www.tesco.com/groceries/en-GB/products/262106739', 'product_name': 'Paxo Natural Breadcrumbs 227G', 'product_price': '£ 1.10', 'product_additionals': '£4.85/kg'}, {'shop': 'tesco', 'url': 'https://www.tesco.com/groceries/en-GB/products/300810579', 'product_name': 'Warburtons Old English White Bread 400G', 'product_price': '£ 1.50', 'product_additionals': '£0.38/100g'}, {'shop': 'tesco', 'url': 'https://www.tesco.com/groceries/en-GB/products/306945888', 'product_name': 'Hearty Food Co. 4 Breaded Chicken Steaks 505G', 'product_price': '£ 1.69', 'product_additionals': '£3.35/kg'}, {'shop': 'tesco', 'url': 'https://www.tesco.com/groceries/en-GB/products/289573832', 'product_name': 'Tesco Gingerbread Mix 225G', 'product_price': '£ 1.00', 'product_additionals': '£0.44/100g'}, {'shop': 'tesco', 'url': 'https://www.tesco.com/groceries/en-GB/products/297683100', 'product_name': 'Tesco 4 Breaded Chicken Steaks 380G', 'product_price': '£ 1.65', 'product_additionals': '£4.35/kg'}, {'shop': 'tesco', 'url': 'https://www.tesco.com/groceries/en-GB/products/254926420', 'product_name': 'Ryvita Sesame Crisp Bread 250G', 'product_price': '£ 1.25', 'product_additionals': '£0.50/100g'}, {'shop': 'tesco', 'url': 'https://www.tesco.com/groceries/en-GB/products/256001031', 'product_name': 'Ryvita Dark Rye Crisp Bread 250G', 'product_price': '£ 1.19', 'product_additionals': '£0.48/100g'}, {'shop': 'tesco', 'url': 'https://www.tesco.com/groceries/en-GB/products/256001296', 'product_name': 'Ryvita Original Crisp Bread 250G', 'product_price': '£ 1.19', 'product_additionals': '£0.48/100g'}, {'shop': 'tesco', 'url': 'https://www.tesco.com/groceries/en-GB/products/300810591', 'product_name': 'Warburtons Malted Grain & Seeds Bread 400G', 'product_price': '£ 1.50', 'product_additionals': '£0.38/100g'}, {'shop': 'tesco', 'url': 'https://www.tesco.com/groceries/en-GB/products/306818969', 'product_name': 'Tesco Finest Fruited Sourdough Bread 400G', 'product_price': '£ 1.60', 'product_additionals': '£0.40/100g'}, {'shop': 'tesco', 'url': 'https://www.tesco.com/groceries/en-GB/products/251107559', 'product_name': 'Ryvita Multigrain Rye Bread 250G', 'product_price': '£ 1.25', 'product_additionals': '£0.50/100g'}, {'shop': 'tesco', 'url': 'https://www.tesco.com/groceries/en-GB/products/302289949', 'product_name': 'Nishaan Plain Mini Naan Breads 6 Pack 300G', 'product_price': '£ 1.20', 'product_additionals': '£0.40/100g'}, {'shop': 'tesco', 'url': 'https://www.tesco.com/groceries/en-GB/products/298865009', 'product_name': 'Hearty Food Co. Breaded Chicken Goujons 270G', 'product_price': '£ 1.05', 'product_additionals': '£3.89/kg'}, {'shop': 'tesco', 'url': 'https://www.tesco.com/groceries/en-GB/products/306798939', 'product_name': 'Clay Oven Bakery 2 Plain Naan Breads 360G', 'product_price': '£ 1.50', 'product_additionals': '£0.42/100g'}, {'shop': 'tesco', 'url': 'https://www.tesco.com/groceries/en-GB/products/264567506', 'product_name': 'Tesco 4 Breaded Chicken Steaks 505G', 'product_price': '£ 2.50', 'product_additionals': '£4.96/kg'}, {'shop': 'tesco', 'url': 'https://www.tesco.com/groceries/en-GB/products/300810619', 'product_name': 'Warburtons Country White Bread 400G', 'product_price': '£ 2.00', 'product_additionals': '£0.50/100g'}, {'shop': 'tesco', 'url': 'https://www.tesco.com/groceries/en-GB/products/261212413', 'product_name': 'Ryvita Fruit Crunch Crisp Bread 200G', 'product_price': '£ 0.99', 'product_additionals': '£0.50/100g'}, {'shop': 'tesco', 'url': 'https://www.tesco.com/groceries/en-GB/products/299557298', 'product_name': 'Tesco Cheese & Garlic Pizza Bread 210G', 'product_price': '£ 1.00', 'product_additionals': '£4.77/kg'}, {'shop': 'tesco', 'url': 'https://www.tesco.com/groceries/en-GB/products/254482788', 'product_name': 'Tesco Bread & Butter Pudding 500G', 'product_price': '£ 2.80', 'product_additionals': '£0.56/100g'}, {'shop': 'tesco', 'url': 'https://www.tesco.com/groceries/en-GB/products/254926368', 'product_name': 'Ryvita Crackerbread 200G', 'product_price': '£ 1.19', 'product_additionals': '£0.60/100g'}, {'shop': 'tesco', 'url': 'https://www.tesco.com/groceries/en-GB/products/255269055', 'product_name': 'Ryvita Pumpkin & Oats Crisp Bread 4X50g', 'product_price': '£ 0.99', 'product_additionals': '£0.50/100g'}, {'shop': 'tesco', 'url': 'https://www.tesco.com/groceries/en-GB/products/266195171', 'product_name': 'Tesco 4 Breaded Cod Fillets 500G', 'product_price': '£ 3.00', 'product_additionals': '£6.00/kg'}, {'shop': 'tesco', 'url': 'https://www.tesco.com/groceries/en-GB/products/300810631', 'product_name': 'Warburtons Multi Grain & Seed Bread 400G', 'product_price': '£ 2.00', 'product_additionals': '£0.50/100g'}, {'shop': 'tesco', 'url': 'https://www.tesco.com/groceries/en-GB/products/265940149', 'product_name': 'Tesco Sesame Breadsticks 125G', 'product_price': '£ 0.84', 'product_additionals': '£0.67/100g'}, {'shop': 'tesco', 'url': 'https://www.tesco.com/groceries/en-GB/products/290017687', 'product_name': 'Tesco 4 Breaded Cod Fishcakes 340G', 'product_price': '£ 2.00', 'product_additionals': '£5.89/kg'}, {'shop': 'tesco', 'url': 'https://www.tesco.com/groceries/en-GB/products/305733449', 'product_name': 'Clay Oven Bakery 2 Large Stretched Naan Bread 360G', 'product_price': '£ 1.50', 'product_additionals': '£0.42/100g'}, {'shop': 'tesco', 'url': 'https://www.tesco.com/groceries/en-GB/products/305727843', 'product_name': 'Tesco Plant Chef Breaded Nuggets 320G', 'product_price': '£ 1.75', 'product_additionals': '£0.55/100g'}, {'shop': 'tesco', 'url': 'https://www.tesco.com/groceries/en-GB/products/293574661', 'product_name': 'Tesco Shortbread Petticoat Tails 450G', 'product_price': '£ 2.00', 'product_additionals': '£0.44/100g'}, {'shop': 'tesco', 'url': 'https://www.tesco.com/groceries/en-GB/products/268890894', 'product_name': 'Schar Crisp Bread 150G', 'product_price': '£ 1.30', 'product_additionals': '£0.87/100g'}, {'shop': 'tesco', 'url': 'https://www.tesco.com/groceries/en-GB/products/286932070', 'product_name': 'Tesco 30 Mini Gingerbread 330G', 'product_price': '£ 1.80', 'product_additionals': '£0.55/100g'}, {'shop': 'tesco', 'url': 'https://www.tesco.com/groceries/en-GB/products/258083897', 'product_name': 'Tesco Original Breadsticks 125G', 'product_price': '£ 0.84', 'product_additionals': '£0.67/100g'}, {'shop': 'tesco', 'url': 'https://www.tesco.com/groceries/en-GB/products/303630499', 'product_name': 'Whitby Seafoods Breaded Scampi Bites 190G', 'product_price': '£ 1.00', 'product_additionals': '£5.27/kg'}, {'shop': 'tesco', 'url': 'https://www.tesco.com/groceries/en-GB/products/305530793', 'product_name': 'Deli Kitchen 4 Greek Style Flatbreads 320G', 'product_price': '£ 1.35', 'product_additionals': '£0.42/100g'}, {'shop': 'tesco', 'url': 'https://www.tesco.com/groceries/en-GB/products/266319153', 'product_name': 'Ryvita Cracked Black Pepper Crisp Bread 5X40g', 'product_price': '£ 0.99', 'product_additionals': '£0.50/100g'}, {'shop': 'tesco', 'url': 'https://www.tesco.com/groceries/en-GB/products/293507310', 'product_name': 'Tesco Breaded Chicken Strips 300G', 'product_price': '£ 2.00', 'product_additionals': '£0.67/100g'}, {'shop': 'tesco', 'url': 'https://www.tesco.com/groceries/en-GB/products/279844604', 'product_name': 'Fedon Breadsticks With Sesame Seeds250g', 'product_price': '£ 1.50', 'product_additionals': '£0.60/100g'}, {'shop': 'tesco', 'url': 'https://www.tesco.com/groceries/en-GB/products/264322746', 'product_name': 'Tesco 4 Garlic Butter Breaded Chicken Kievs 500G', 'product_price': '£ 2.50', 'product_additionals': '£5.00/kg'}, {'shop': 'tesco', 'url': 'https://www.tesco.com/groceries/en-GB/products/281840917', 'product_name': 'Jacobs Chive Crisp Bread 190G', 'product_price': '£ 1.49', 'product_additionals': '£0.78/100g'}, {'shop': 'tesco', 'url': 'https://www.tesco.com/groceries/en-GB/products/306805663', 'product_name': 'Paxo Southern Fried Breadcrumbs 200G', 'product_price': '£ 1.30', 'product_additionals': '£6.50/kg'}, {'shop': 'tesco', 'url': 'https://www.tesco.com/groceries/en-GB/products/293535996', 'product_name': 'Tesco 4 Cheese & Bacon Breaded Chicken Kievs 500G', 'product_price': '£ 2.50', 'product_additionals': '£0.50/100g'}, {'shop': 'tesco', 'url': 'https://www.tesco.com/groceries/en-GB/products/285091909', 'product_name': 'Tesco Breaded Chicken Goujons 540G', 'product_price': '£ 3.75', 'product_additionals': '£6.95/kg'}, {'shop': 'tesco', 'url': 'https://www.tesco.com/groceries/en-GB/products/292759370', 'product_name': "Ella's Kitchen Banana & Vanilla Bread Pudding 4X80g", 'product_price': '£ 1.75', 'product_additionals': '£4.87/kg'}, {'shop': 'tesco', 'url': 'https://www.tesco.com/groceries/en-GB/products/264567593', 'product_name': 'Tesco 4 Southern Fried Breaded Chicken Steaks 505G', 'product_price': '£ 2.50', 'product_additionals': '£4.96/kg'}, {'shop': 'tesco', 'url': 'https://www.tesco.com/groceries/en-GB/products/307152724', 'product_name': 'Tesco Finest Free From Tiger Bread 400G', 'product_price': '£ 2.50', 'product_additionals': '£0.62/100g'}, {'shop': 'tesco', 'url': 'https://www.tesco.com/groceries/en-GB/products/307137419', 'product_name': 'Tesco Finest Free From Seeded Bread 400G', 'product_price': '£ 2.50', 'product_additionals': '£0.62/100g'}, {'shop': 'tesco', 'url': 'https://www.tesco.com/groceries/en-GB/products/307145249', 'product_name': 'Northern Dough Co. Sourdough Bread Dough 440G', 'product_price': '£ 2.50', 'product_additionals': '£0.57/100g'}, {'shop': 'tesco', 'url': 'https://www.tesco.com/groceries/en-GB/products/252109642', 'product_name': 'Tesco Cheese & Tomato Flatbread 225G', 'product_price': '£ 1.25', 'product_additionals': '£0.56/100g'}, {'shop': 'tesco', 'url': 'https://www.tesco.com/groceries/en-GB/products/279935929', 'product_name': 'Tesco Breaded Chicken Goujons 270G', 'product_price': '£ 2.00', 'product_additionals': '£7.41/kg'}, {'shop': 'tesco', 'url': 'https://www.tesco.com/groceries/en-GB/products/307353826', 'product_name': 'Tesco All Butter Chocolate Chip Shortbread 180G', 'product_price': '£ 1.00', 'product_additionals': '£0.56/100g'}, {'shop': 'tesco', 'url': 'https://www.tesco.com/groceries/en-GB/products/262083592', 'product_name': 'Tesco Breaded Mini Chicken Fillets 300G', 'product_price': '£ 2.00', 'product_additionals': '£6.67/kg'}, {'shop': 'tesco', 'url': 'https://www.tesco.com/groceries/en-GB/products/307753917', 'product_name': 'Betty Crocker Salted Caramel Shortbread Mix 345G', 'product_price': '£ 2.00', 'product_additionals': '£5.80/kg'}, {'shop': 'tesco', 'url': 'https://www.tesco.com/groceries/en-GB/products/281841254', 'product_name': 'Jacobs Mixed Grain Crisp Bread 190G', 'product_price': '£ 1.49', 'product_additionals': '£0.78/100g'}, {'shop': 'tesco', 'url': 'https://www.tesco.com/groceries/en-GB/products/288610223', 'product_name': 'Tesco Garlic Flatbread 255G', 'product_price': '£ 2.00', 'product_additionals': '£0.78/100g'}, {'shop': 'tesco', 'url': 'https://www.tesco.com/groceries/en-GB/products/252109688', 'product_name': 'Tesco Garlic & Parsley Flatbread 210G', 'product_price': '£ 1.25', 'product_additionals': '£0.60/100g'}, {'shop': 'tesco', 'url': 'https://www.tesco.com/groceries/en-GB/products/305731289', 'product_name': 'Tesco 4 Breaded Plaice Fillets 500G', 'product_price': '£ 4.00', 'product_additionals': '£8.00/kg'}, {'shop': 'tesco', 'url': 'https://www.tesco.com/groceries/en-GB/products/303391625', 'product_name': 'Youngs Simply Breaded Omega 3 4 Fish Fillets 400G', 'product_price': '£ 2.40', 'product_additionals': '£6.00/kg'}, {'shop': 'tesco', 'url': 'https://www.tesco.com/groceries/en-GB/products/274730488', 'product_name': 'Tesco 30 Mini Gingerbread Men 270G', 'product_price': '£ 1.80', 'product_additionals': '£0.67/100g'}, {'shop': 'tesco', 'url': 'https://www.tesco.com/groceries/en-GB/products/304784469', 'product_name': 'Tesco Plant Chef Breaded Goujons 190G', 'product_price': '£ 1.50', 'product_additionals': '£7.90/kg'}, {'shop': 'tesco', 'url': 'https://www.tesco.com/groceries/en-GB/products/304381123', 'product_name': 'Tesco 2 Breaded Cod Fillets 300G', 'product_price': '£ 2.75', 'product_additionals': '£9.17/kg'}, {'shop': 'tesco', 'url': 'https://www.tesco.com/groceries/en-GB/products/268582625', 'product_name': 'Tesco Panko Breadcrumbs 150G', 'product_price': '£ 1.60', 'product_additionals': '£10.67/kg'}, {'shop': 'tesco', 'url': 'https://www.tesco.com/groceries/en-GB/products/286265277', 'product_name': 'Tesco Cheese & Garlic Flatbread 230G', 'product_price': '£ 1.60', 'product_additionals': '£0.70/100g'}, {'shop': 'tesco', 'url': 'https://www.tesco.com/groceries/en-GB/products/258609605', 'product_name': 'Tesco 4 Breaded Chunky Prime Cod Fillets 500G', 'product_price': '£ 3.60', 'product_additionals': '£7.20/kg'}, {'shop': 'tesco', 'url': 'https://www.tesco.com/groceries/en-GB/products/264566899', 'product_name': 'Tesco Breaded Chicken Mini Fillets 305G', 'product_price': '£ 2.50', 'product_additionals': '£8.20/kg'}, {'shop': 'tesco', 'url': 'https://www.tesco.com/groceries/en-GB/products/298864892', 'product_name': 'Tesco Free From Breaded Chicken Goujons 270G', 'product_price': '£ 2.00', 'product_additionals': '£7.41/kg'}, {'shop': 'tesco', 'url': 'https://www.tesco.com/groceries/en-GB/products/304377590', 'product_name': 'Tesco 2 Pack Breaded Garlic Chicken Kievs 260G', 'product_price': '£ 2.00', 'product_additionals': '£7.70/kg'}, {'shop': 'tesco', 'url': 'https://www.tesco.com/groceries/en-GB/products/303617798', 'product_name': 'Bfree 7 Grain Pitta Bread 220G', 'product_price': '£ 2.50', 'product_additionals': '£1.14/100g'}, {'shop': 'tesco', 'url': 'https://www.tesco.com/groceries/en-GB/products/281260313', 'product_name': 'Tesco 2 Breaded Chicken Breast Fillets 350', 'product_price': '£ 3.00', 'product_additionals': '£8.58/kg'}, {'shop': 'tesco', 'url': 'https://www.tesco.com/groceries/en-GB/products/259208151', 'product_name': 'Tesco 2 Pack Bread & Butter Pudding 2 X 120G', 'product_price': '£ 2.00', 'product_additionals': '£0.83/100g'}, {'shop': 'tesco', 'url': 'https://www.tesco.com/groceries/en-GB/products/299587383', 'product_name': 'Tesco Free From Breaded Chicken Goujons 300G', 'product_price': '£ 2.50', 'product_additionals': '£8.34/kg'}, {'shop': 'tesco', 'url': 'https://www.tesco.com/groceries/en-GB/products/251697723', 'product_name': 'Tesco Original Mini Breadsticks 100G', 'product_price': '£ 1.00', 'product_additionals': '£1.00/100g'}, {'shop': 'tesco', 'url': 'https://www.tesco.com/groceries/en-GB/products/286264762', 'product_name': 'Tesco Garlic & & Rosemary Flatbread 220G', 'product_price': '£ 1.60', 'product_additionals': '£0.73/100g'}, {'shop': 'tesco', 'url': 'https://www.tesco.com/groceries/en-GB/products/302181609', 'product_name': 'Fro Thyme & Sea Salt Crisp Bread 200G', 'product_price': '£ 1.95', 'product_additionals': '£0.98/100g'}, {'shop': 'tesco', 'url': 'https://www.tesco.com/groceries/en-GB/products/257911663', 'product_name': 'Tesco Finest Shortbread Assortment 400G', 'product_price': '£ 3.00', 'product_additionals': '£0.75/100g'}, {'shop': 'tesco', 'url': 'https://www.tesco.com/groceries/en-GB/products/291243774', 'product_name': 'Bfree Stone Baked Pitta Bread 220G', 'product_price': '£ 2.35', 'product_additionals': '£10.69/kg'}, {'shop': 'tesco', 'url': 'https://www.tesco.com/groceries/en-GB/products/263232582', 'product_name': 'Ryvita Whole- Grain Cracker- Bread 125G', 'product_price': '£ 1.19', 'product_additionals': '£0.95/100g'}, {'shop': 'tesco', 'url': 'https://www.tesco.com/groceries/en-GB/products/277731954', 'product_name': 'Crosta & Mollica Torines Breadsticks 120G', 'product_price': '£ 1.09', 'product_additionals': '£0.91/100g'}, {'shop': 'tesco', 'url': 'https://www.tesco.com/groceries/en-GB/products/304378272', 'product_name': 'Tesco Free From Shortbread 160G', 'product_price': '£ 1.50', 'product_additionals': '£0.94/100g'}, {'shop': 'tesco', 'url': 'https://www.tesco.com/groceries/en-GB/products/272651665', 'product_name': 'Tesco 6 Pack Mini Breadsticks 120G', 'product_price': '£ 1.30', 'product_additionals': '£1.09/100g'}, {'shop': 'tesco', 'url': 'https://www.tesco.com/groceries/en-GB/products/270953414', 'product_name': 'Tesco Wholetail Breaded Scampi 280G', 'product_price': '£ 3.00', 'product_additionals': '£10.72/kg'}, {'shop': 'tesco', 'url': 'https://www.tesco.com/groceries/en-GB/products/306493425', 'product_name': 'Tesco Plant Chef Breaded Meat Free Nuggets 180G', 'product_price': '£ 1.50', 'product_additionals': '£8.34/kg'}, {'shop': 'tesco', 'url': 'https://www.tesco.com/groceries/en-GB/products/290564310', 'product_name': 'Dr Karg 3 Seeds Crisp Bread Slices 200G', 'product_price': '£ 2.00', 'product_additionals': '£1.00/100g'}, {'shop': 'tesco', 'url': 'https://www.tesco.com/groceries/en-GB/products/271523387', 'product_name': 'Tesco 2 Breaded Chunky Cod Fillets 350G', 'product_price': '£ 3.50', 'product_additionals': '£10.00/kg'}, {'shop': 'tesco', 'url': 'https://www.tesco.com/groceries/en-GB/products/286242984', 'product_name': 'T.Sunblush Tomato Tomato & Garlic Flatbread 235G', 'product_price': '£ 1.60', 'product_additionals': '£0.68/100g'}, {'shop': 'tesco', 'url': 'https://www.tesco.com/groceries/en-GB/products/302181582', 'product_name': 'Fro Oat & Sunflower Seed Crisp Bread 200G', 'product_price': '£ 1.95', 'product_additionals': '£0.98/100g'}, {'shop': 'tesco', 'url': 'https://www.tesco.com/groceries/en-GB/products/302385928', 'product_name': 'Warburtons White Gluten Free Bread Sourdough 400G', 'product_price': '£ 3.40', 'product_additionals': '£0.85/100g'}, {'shop': 'tesco', 'url': 'https://www.tesco.com/groceries/en-GB/products/267285351', 'product_name': 'Tesco Hot & Spicy Breaded Chicken Mini Fillets 305G', 'product_price': '£ 2.50', 'product_additionals': '£8.20/kg'}, {'shop': 'tesco', 'url': 'https://www.tesco.com/groceries/en-GB/products/301012347', 'product_name': 'Ryvita Chia Seed & Buckwheat Protein Crisp Bread 200G', 'product_price': '£ 1.60', 'product_additionals': '£0.80/100g'}, {'shop': 'tesco', 'url': 'https://www.tesco.com/groceries/en-GB/products/303391723', 'product_name': 'Youngs Simply Breaded 4 Large Cod Fillets 440G', 'product_price': '£ 4.00', 'product_additionals': '£9.10/kg'}, {'shop': 'tesco', 'url': 'https://www.tesco.com/groceries/en-GB/products/303334280', 'product_name': 'Birds Eye 4 Large Breaded Haddock 440G', 'product_price': '£ 4.80', 'product_additionals': '£10.91/kg'}, {'shop': 'tesco', 'url': 'https://www.tesco.com/groceries/en-GB/products/271529162', 'product_name': 'Tesco 2 Breaded Chunky Haddock Fillets 350G', 'product_price': '£ 3.50', 'product_additionals': '£10.00/kg'}, {'shop': 'tesco', 'url': 'https://www.tesco.com/groceries/en-GB/products/264566997', 'product_name': 'Tesco Southern Fried Breaded Chicken Mini Fillets 305G', 'product_price': '£ 2.50', 'product_additionals': '£8.20/kg'}, {'shop': 'tesco', 'url': 'https://www.tesco.com/groceries/en-GB/products/251015495', 'product_name': 'Dairylea Dunkers Breadsticks 4 X 47G', 'product_price': '£ 2.25', 'product_additionals': '£11.97/kg'}, {'shop': 'tesco', 'url': 'https://www.tesco.com/groceries/en-GB/products/281865600', 'product_name': 'Tesco Free From 4 Breaded Chicken Steaks 380G', 'product_price': '£ 3.75', 'product_additionals': '£9.87/kg'}, {'shop': 'tesco', 'url': 'https://www.tesco.com/groceries/en-GB/products/304392571', 'product_name': 'Tesco Free From Gingerbread Men 154G', 'product_price': '£ 1.50', 'product_additionals': '£0.97/100g'}, {'shop': 'tesco', 'url': 'https://www.tesco.com/groceries/en-GB/products/256089410', 'product_name': 'Tesco Finest Scottish Shortbread Fingers 165G', 'product_price': '£ 1.35', 'product_additionals': '£0.82/100g'}, {'shop': 'tesco', 'url': 'https://www.tesco.com/groceries/en-GB/products/303334245', 'product_name': 'Birds Eye 4 Large Breaded Cod Fillets 440G', 'product_price': '£ 4.80', 'product_additionals': '£10.91/kg'}, {'shop': 'tesco', 'url': 'https://www.tesco.com/groceries/en-GB/products/307348073', 'product_name': 'Heat & Enjoy Garlic Bread 200G', 'product_price': '£ 3.00', 'product_additionals': '£15.00/kg'}, {'shop': 'tesco', 'url': 'https://www.tesco.com/groceries/en-GB/products/299936610', 'product_name': 'Tesco Finest Basil Pesto & Tomato Flatbread 245G', 'product_price': '£ 2.45', 'product_additionals': '£1.00/100g'}, {'shop': 'tesco', 'url': 'https://www.tesco.com/groceries/en-GB/products/281260768', 'product_name': 'Tesco 2 Southern Fried Breaded Chicken Fillets 300G', 'product_price': '£ 3.00', 'product_additionals': '£10.00/kg'}, {'shop': 'tesco', 'url': 'https://www.tesco.com/groceries/en-GB/products/302744032', 'product_name': 'The Artisan Bread Company Sesame Breadsticks 150G', 'product_price': '£ 1.60', 'product_additionals': '£1.07/100g'}, {'shop': 'tesco', 'url': 'https://www.tesco.com/groceries/en-GB/products/286266161', 'product_name': 'Tesco Finest Cheddar Red Onion Mini Flatbreads 295G', 'product_price': '£ 2.45', 'product_additionals': '£0.83/100g'}, {'shop': 'tesco', 'url': 'https://www.tesco.com/groceries/en-GB/products/302743880', 'product_name': 'The Artisan Bread Company Classic Breadsticks 150G', 'product_price': '£ 1.60', 'product_additionals': '£1.07/100g'}, {'shop': 'tesco', 'url': 'https://www.tesco.com/groceries/en-GB/products/260391973', 'product_name': 'Dr Karg Organic Cheese & Pumpkin Seed Crisp Bread 200G', 'product_price': '£ 2.00', 'product_additionals': '£1.00/100g'}, {'shop': 'tesco', 'url': 'https://www.tesco.com/groceries/en-GB/products/302744019', 'product_name': 'The Artisan Bread Company Rosemary Breadsticks 150G', 'product_price': '£ 1.60', 'product_additionals': '£1.07/100g'}, {'shop': 'tesco', 'url': 'https://www.tesco.com/groceries/en-GB/products/299054069', 'product_name': 'Tesco Breaded Wholetail Scampi 200G', 'product_price': '£ 3.00', 'product_additionals': '£15.00/kg'}, {'shop': 'tesco', 'url': 'https://www.tesco.com/groceries/en-GB/products/300954309', 'product_name': 'The Artisan Bread Company Wheat Toast 125G', 'product_price': '£ 1.60', 'product_additionals': '£1.28/100g'}, {'shop': 'tesco', 'url': 'https://www.tesco.com/groceries/en-GB/products/293417975', 'product_name': 'Marmite Flatbreads 140G', 'product_price': '£ 2.45', 'product_additionals': '£1.75/100g'}, {'shop': 'tesco', 'url': 'https://www.tesco.com/groceries/en-GB/products/255335829', 'product_name': 'Organix Gingerbread Men 135G', 'product_price': '£ 2.00', 'product_additionals': '£1.49/100g'}, {'shop': 'tesco', 'url': 'https://www.tesco.com/groceries/en-GB/products/297373973', 'product_name': 'Bfree Stone Bake Gluten Free Pitta Bread 6X32g', 'product_price': '£ 2.50', 'product_additionals': '£1.31/100g'}, {'shop': 'tesco', 'url': 'https://www.tesco.com/groceries/en-GB/products/305435877', 'product_name': 'Creative Nature W.Grain Banana Bread Baking Mix 250G', 'product_price': '£ 2.99', 'product_additionals': '£11.96/kg'}, {'shop': 'tesco', 'url': 'https://www.tesco.com/groceries/en-GB/products/304408969', 'product_name': 'The Pizza Company Deep Filled Garlic Bread 2 Pack 230G', 'product_price': '£ 3.00', 'product_additionals': '£1.31/100g'}, {'shop': 'tesco', 'url': 'https://www.tesco.com/groceries/en-GB/products/267077511', 'product_name': 'Jacobs Flatbread Salt & Cracked Black Pepper 150G', 'product_price': '£ 1.79', 'product_additionals': '£1.20/100g'}, {'shop': 'tesco', 'url': 'https://www.tesco.com/groceries/en-GB/products/302744625', 'product_name': 'The Artisan Bread Co Garlic & Basil Sticks 100G', 'product_price': '£ 1.60', 'product_additionals': '£1.60/100g'}, {'shop': 'tesco', 'url': 'https://www.tesco.com/groceries/en-GB/products/301804113', 'product_name': 'Nairns Gluten Free Rosemary & Sea Salt Flatbreads 150G', 'product_price': '£ 1.75', 'product_additionals': '£1.17/100g'}, {'shop': 'tesco', 'url': 'https://www.tesco.com/groceries/en-GB/products/266197791', 'product_name': 'Organix Mini Gingerbread Men 5 X 25G', 'product_price': '£ 2.30', 'product_additionals': '£18.40/kg'}, {'shop': 'tesco', 'url': 'https://www.tesco.com/groceries/en-GB/products/304797553', 'product_name': 'Tesco Finest Garlic & Extra Virgin Olive Oil Flatbread 200G', 'product_price': '£ 2.45', 'product_additionals': '£1.23/100g'}, {'shop': 'tesco', 'url': 'https://www.tesco.com/groceries/en-GB/products/302744055', 'product_name': 'The Artisan Bread Co Garlic & Chilli Flatbread 75G', 'product_price': '£ 1.60', 'product_additionals': '£2.14/100g'}, {'shop': 'tesco', 'url': 'https://www.tesco.com/groceries/en-GB/products/300954322', 'product_name': 'Counter The Artisan Bread Company Tomato Sal Brus 70G', 'product_price': '£ 1.60', 'product_additionals': '£2.29/100g'}, {'shop': 'tesco', 'url': 'https://www.tesco.com/groceries/en-GB/products/307135618', 'product_name': 'Trek Power Millionaire Shortbread Bar 55G', 'product_price': '£ 1.75', 'product_additionals': '£3.19/100g'}, {'shop': 'tesco', 'url': 'https://www.tesco.com/groceries/en-GB/products/308482988', 'product_name': 'Simplycook Lamb Kofta Flatbread Recipe Kit 65G', 'product_price': '£ 2.50', 'product_additionals': '£3.85/100g'}]

