rv[('aldi', 'https://www.aldi.co.uk/4-breaded-cod-fish-fillets/p/041949410422602', '4 Breaded Cod Fish Fillets', '2.39', '£4.78 per kg'), ('asda', 'https://groceries.asda.com/product/1000236170261', '4 Wholegrain Pitta Breads', '£2.50', 'No weight data'), ('aldi', 'https://www.aldi.co.uk/6-white-folded-flatbreads/p/010790255115100', '6 White Folded Flatbreads', '0.69', '33p per 100g'), ('asda', 'https://groceries.asda.com/product/910000047437', "Aisha's Pre Cooked Breaded Chicken Goujons", '£2.50', 'No weight data'), ('aldi', 'https://www.aldi.co.uk/all-butter-shortbread-fingers/p/046072003630600', 'All Butter Shortbread Fingers', '0.39', '18.6p per 100g'), ('asda', 'https://groceries.asda.com/product/465547', 'Allinson Strong White Bread Flour', '£2.00', 'No weight data'), ('tesco', 'https://www.tesco.com/groceries/en-GB/products/256783233', 'Allinson Strong White Bread Flour 1.5Kg', '£ 2.00', '£1.34/kg'), ('tesco', 'https://www.tesco.com/groceries/en-GB/products/307138172', 'Allinson Strong White Bread Flour 1Kg', '£ 1.80', '£1.80/kg'), ('asda', 'https://groceries.asda.com/product/77326875', 'Allinson Very Strong Bread Flour', '£1.97', '(£1.31/kg)'), ('tesco', 'https://www.tesco.com/groceries/en-GB/products/271273388', 'Allinson Wholemeal Bread 1.5Kg', '£ 2.00', '£1.34/kg'), ('asda', 'https://groceries.asda.com/product/77326876', 'Allinson Wholemeal Very Strong Bread Flour', '£1.97', '(£1.31/kg)'), ('tesco', 'https://www.tesco.com/groceries/en-GB/products/306822170', "Allinson's Country Grain Bread Flour 1Kg", '£ 1.50', '£1.50/kg'), ('asda', 'https://groceries.asda.com/product/910002961674', "Allinson's The Champion Wholemeal Bread", '£1.40', '(21.5p/100g)'), ('asda', 'https://groceries.asda.com/product/1000232966973', 'Arise Bakery White Bread Mix', '£1.50', '(30.0p/100g)'), ('asda', 'https://groceries.asda.com/product/1000232966998', 'ASDA 10 Gingerbread Festive Friends', '£0.80', '(80.0p/100g)'), ('asda', 'https://groceries.asda.com/product/910000834601', 'ASDA 18 Breaded Chicken Breast Chunks', '£2.15', 'No weight data'), ('asda', 'https://groceries.asda.com/product/1000140301674', 'ASDA 2 Breaded Golden Chicken Breasts', '£1.00', 'No weight data'), ('asda', 'https://groceries.asda.com/product/1000254237184', 'ASDA 2 Garlic & Parsley Flatbreads', '£1.26', '(63.0p/each)'), ('asda', 'https://groceries.asda.com/product/1000197281015', 'ASDA 2 Kebab Breads', '£1.00', '(30.3p/100g)'), ('asda', 'https://groceries.asda.com/product/1000140301830', 'ASDA 2 Southern Fried Chicken in Breadcrumbs', '£1.00', 'No weight data'), ('asda', 'https://groceries.asda.com/product/1000133564339', 'ASDA 38 Breaded Chicken Nuggets', '£2.00', 'No weight data'), ('asda', 'https://groceries.asda.com/product/1000140301677', 'ASDA 4 Breaded Chicken Burgers', '£1.00', 'No weight data'), ('asda', 'https://groceries.asda.com/product/910002489303', 'ASDA 4 Breaded Chicken Steaks', '£1.97', 'No weight data'), ('asda', 'https://groceries.asda.com/product/910000543637', 'ASDA 4 Breaded Cod Fillets', '£2.78', 'No weight data'), ('asda', 'https://groceries.asda.com/product/910000543264', 'ASDA 4 Breaded Haddock Fillets', '£2.78', 'No weight data'), ('asda', 'https://groceries.asda.com/product/910003185883', 'ASDA 4 Mini Garlic & Coriander Naan Bread', '£1.00', '(25.0p/each)'), ('asda', 'https://groceries.asda.com/product/910002946003', 'ASDA 6 Breaded Chicken Steaks', '£4.00', 'No weight data'), ('asda', 'https://groceries.asda.com/product/910003069687', 'ASDA 6 Breaded White Fish Fillets', '£2.67', 'No weight data'), ('asda', 'https://groceries.asda.com/product/910001043224', 'ASDA 8 Breaded Cod Fishcakes', '£1.95', 'No weight data'), ('asda', 'https://groceries.asda.com/product/1000162824659', 'ASDA All-Butter Shortbread Biscuits Tin', '£3.50', '(70.0p/100g)'), ('asda', 'https://groceries.asda.com/product/1000162824589', 'ASDA All-Butter Shortbread Petticoat Tails', '£2.50', '(55.6p/100g)'), ('asda', 'https://groceries.asda.com/product/1000056262134', "ASDA Baker's Selection 20 Mini Shortbread Bites", '£2.00', '(10.0p/each)'), ('asda', 'https://groceries.asda.com/product/38577', "ASDA Baker's Selection Tiger Chest Bread", '£1.15', '(14.4p/100g)'), ('asda', 'https://groceries.asda.com/product/38578', "ASDA Baker's Selection Tiger Chest Bread", '£0.85', '(21.2p/100g)'), ('asda', 'https://groceries.asda.com/product/910000063300', "ASDA Baker's Selection Tiger Tin Bread", '£1.10', '(13.8p/100g)'), ('asda', 'https://groceries.asda.com/product/910000063295', "ASDA Baker's Selection Tiger Tin Bread", '£0.85', '(21.2p/100g)'), ('asda', 'https://groceries.asda.com/product/21028', "ASDA Baker's Selection White Bloomer Bread", '£1.10', '(13.8p/100g)'), ('asda', 'https://groceries.asda.com/product/35245', "ASDA Baker's Selection White Bloomer Bread", '£0.85', '(21.2p/100g)'), ('asda', 'https://groceries.asda.com/product/32725', "ASDA Baker's Selection White Bread", '£0.79', '(19.8p/100g)'), ('asda', 'https://groceries.asda.com/product/44257365', "ASDA Baker's Selection White Farmhouse Bread", '£0.79', '(19.8p/100g)'), ('asda', 'https://groceries.asda.com/product/44257364', "ASDA Baker's Selection White Farmhouse Bread", '£1.15', '(14.4p/100g)'), ('asda', 'https://groceries.asda.com/product/394921', "ASDA Baker's Selection White Tin Bread", '£1.15', '(14.4p/100g)'), ('asda', 'https://groceries.asda.com/product/910000037999', "ASDA Baker's Selection White Tin Bread", '£1.15', '(14.4p/100g)'), ('asda', 'https://groceries.asda.com/product/1000217307826', "ASDA Baker's Selection Wholemeal Tin Bread Loaf ", '£1.15', '(14.4p/100g)'), ('asda', 'https://groceries.asda.com/product/1000217307822', "ASDA Baker's Selection Wholemeal Tin Bread Loaf ", '£0.85', '(21.2p/100g)'), ('asda', 'https://groceries.asda.com/product/910000543337', 'ASDA Bread Sauce Mix', '£0.39', '(97.5p/100g)'), ('asda', 'https://groceries.asda.com/product/910002490281', 'ASDA Breaded 100% Chicken Breast Mini Fillets', '£2.50', 'No weight data'), ('asda', 'https://groceries.asda.com/product/910001460963', 'ASDA Breaded 2 Chunky Cod Fillets', '£3.20', '(£9.14/kg)'), ('asda', 'https://groceries.asda.com/product/910000450649', 'ASDA Breaded 2 Haddock Fillets', '£2.40', '(£8.45/kg)'), ('asda', 'https://groceries.asda.com/product/910002489907', 'ASDA Breaded Boneless Chicken Platter', '£4.00', 'No weight data'), ('asda', 'https://groceries.asda.com/product/1000003407964', 'ASDA Breaded Ham on the Bone', '£1.65', '(£1.24/100g)'), ('asda', 'https://groceries.asda.com/product/910003011020', 'ASDA Breaded Ham Slices', '£1.65', '(55.0p/100g)'), ('asda', 'https://groceries.asda.com/product/1000160202743', 'ASDA Breaded Honey & Chilli Cod Fillet Goujons', '£2.70', 'No weight data'), ('asda', 'https://groceries.asda.com/product/910001508155', 'ASDA Breaded Onion Rings', '£0.97', 'No weight data'), ('asda', 'https://groceries.asda.com/product/1000141000016', 'ASDA Breaded Scampi', '£2.00', 'No weight data'), ('asda', 'https://groceries.asda.com/product/1000038368667', 'ASDA Breaded Wholetail Scampi', '£2.74', 'No weight data'), ('asda', 'https://groceries.asda.com/product/1000038106579', 'ASDA British Chicken Breaded Goujons', '£1.75', 'No weight data'), ('asda', 'https://groceries.asda.com/product/1000123160971', 'ASDA Chicken Breaded Goujons', '£4.00', 'No weight data'), ('asda', 'https://groceries.asda.com/product/1000230163870', 'ASDA Christmas Shortbread Baking Kit', '£2.00', '(92.2p/100g)'), ('asda', 'https://groceries.asda.com/product/910000284816', 'ASDA Crispbread', '£0.76', '(60.8p/100g)'), ('asda', 'https://groceries.asda.com/product/1000210453329', 'ASDA Extra Special 2 West Country Cheddar & Roasted Garlic Flatbreads', '£2.50', 'No weight data'), ('asda', 'https://groceries.asda.com/product/910003016267', 'ASDA Extra Special 4 Garlic & Parsley Ciabatta Breadsticks', '£1.38', 'No weight data'), ('asda', 'https://groceries.asda.com/product/1000136816427', 'ASDA Extra Special 9 All-Butter Shortbread Rounds', '£1.52', '(84.4p/100g)'), ('asda', 'https://groceries.asda.com/product/1000001431175', "ASDA Extra Special Bake in the Box Belgian Chocolate Millionaires' Shortbread", '£1.30', '(34.2p/100g)'), ('asda', 'https://groceries.asda.com/product/910003015061', 'ASDA Extra Special Caramelised Red Onion & Mozzarella Flatbreads', '£1.50', 'No weight data'), ('asda', 'https://groceries.asda.com/product/910003041519', 'ASDA Extra Special Farmhouse White Bread', '£1.10', '(13.8p/100g)'), ('asda', 'https://groceries.asda.com/product/910003041844', 'ASDA Extra Special Farmhouse Wholemeal & Rye Bread', '£1.10', '(13.8p/100g)'), ('asda', 'https://groceries.asda.com/product/1000005036092', 'ASDA Extra Special Free From 9 Salted Caramel Shortbread Biscuits', '£1.80', 'No weight data'), ('asda', 'https://groceries.asda.com/product/1000200155932', 'ASDA Extra Special Hand Breaded Wiltshire Ham', '£1.98', 'No weight data'), ('asda', 'https://groceries.asda.com/product/910003015723', 'ASDA Extra Special Hand-Stretched Mozzarella & Basil Flatbread', '£1.50', 'No weight data'), ('asda', 'https://groceries.asda.com/product/910000325010', 'ASDA Extra Special Italian Black Olive Breadsticks', '£1.55', '(£1.19/100g)'), ('asda', 'https://groceries.asda.com/product/910000325058', 'ASDA Extra Special Italian Breadsticks', '£1.55', '(£1.19/100g)'), ('asda', 'https://groceries.asda.com/product/910003090815', 'ASDA Extra Special Parisian Bread', '£1.50', '(37.5p/100g)'), ('asda', 'https://groceries.asda.com/product/910000028999', 'ASDA Extra Special Scottish Shortbread Fingers', '£1.65', '(82.5p/100g)'), ('asda', 'https://groceries.asda.com/product/1000233167238', 'ASDA Extra Special Shortbread Biscuits Selection', '£4.00', '(71.4p/100g)'), ('asda', 'https://groceries.asda.com/product/910003042066', 'ASDA Extra Special Super Seeded Bread', '£0.75', '(9.4p/100g)'), ('asda', 'https://groceries.asda.com/product/1000238578345', 'ASDA Free From 11 Chocolate Dipped Shortbread People', '£2.50', 'No weight data'), ('asda', 'https://groceries.asda.com/product/910002597135', 'ASDA Free From 6 Gingerbread Men', '£1.46', 'No weight data'), ('asda', 'https://groceries.asda.com/product/1000051196388', 'ASDA Free From Breadcrumbs', '£1.30', 'No weight data'), ('asda', 'https://groceries.asda.com/product/910002322540', 'ASDA Free From Shortbread', '£1.50', 'No weight data'), ('asda', 'https://groceries.asda.com/product/910002092926', 'ASDA Garlic & Herb Flatbread', '£1.00', 'No weight data'), ('asda', 'https://groceries.asda.com/product/1000166634777', 'ASDA Garlic Bread Cheesy Pizza', '£0.90', 'No weight data'), ('asda', 'https://groceries.asda.com/product/1000230163929', 'ASDA Gingerbread Cheesecake', '£3.00', 'No weight data'), ('asda', 'https://groceries.asda.com/product/910002521969', 'ASDA Golden Breadcrumbs', '£0.80', '(45.7p/100g)'), ('asda', 'https://groceries.asda.com/product/1000199196780', 'ASDA Hot & Spicy Breaded Chicken Wings ', '£1.97', 'No weight data'), ('asda', 'https://groceries.asda.com/product/910002989489', 'ASDA Medium Wholemeal Bread', '£0.58', 'No weight data'), ('asda', 'https://groceries.asda.com/product/910001400838', 'ASDA Mini Breadsticks', '£1.40', '(£1.06/100g)'), ('asda', 'https://groceries.asda.com/product/910001396772', 'ASDA Mixed Grain & Seed Bread Mix', '£0.69', '(13.8p/100g)'), ('asda', 'https://groceries.asda.com/product/1000001822245', 'ASDA Multi Seeded Folded Flatbreads', '£0.79', '(37.6p/100g)'), ('asda', 'https://groceries.asda.com/product/80190762', 'ASDA Organic White Bread Flour', '£1.29', '(£1.29/kg)'), ('asda', 'https://groceries.asda.com/product/910002369651', 'ASDA Panko Breadcrumbs', '£1.25', '(£17.86/kg)'), ('asda', 'https://groceries.asda.com/product/910001504983', 'ASDA Party Breaded Garlic Mushrooms', '£1.25', 'No weight data'), ('asda', 'https://groceries.asda.com/product/910002521575', 'ASDA Plain Breadcrumbs', '£0.80', '(45.7p/100g)'), ('asda', 'https://groceries.asda.com/product/1000001820108', 'ASDA Plain Folded Flatbreads', '£0.79', '(37.6p/100g)'), ('asda', 'https://groceries.asda.com/product/1000185650143', 'ASDA Plant Based Vegan Chargrilled Veg Flatbread Pizza', '£1.75', 'No weight data'), ('asda', 'https://groceries.asda.com/product/1000186981261', 'ASDA Plant Based Vegan Tomato & Pesto Flatbread Pizza', '£1.75', 'No weight data'), ('asda', 'https://groceries.asda.com/product/1000156387282', 'ASDA Red Onion & Cheese Flatbread', '£1.25', 'No weight data'), ('asda', 'https://groceries.asda.com/product/910001400485', 'ASDA Sesame Italian Breadsticks', '£0.84', '(67.2p/100g)'), ('asda', 'https://groceries.asda.com/product/6706160', 'ASDA Smart Price 20 Breaded Chicken Nuggets', '£0.82', 'No weight data'), ('asda', 'https://groceries.asda.com/product/12218423', 'ASDA Smart Price 8 Breaded Chicken Burgers', '£0.97', 'No weight data'), ('asda', 'https://groceries.asda.com/product/35451', 'ASDA Smart Price Garlic Bread Baguette', '£0.32', 'No weight data'), ('asda', 'https://groceries.asda.com/product/910002989320', 'ASDA Square Cut Medium White Bread', '£0.49', '(6.1p/100g)'), ('asda', 'https://groceries.asda.com/product/910000226861', 'ASDA Thick Sliced Breaded Dry Cured Ham Slices', '£3.00', '(£1.00/100g)'), ('asda', 'https://groceries.asda.com/product/1000218728680', 'ASDA Thin Stonebaked Cheesy Garlic Pizza Bread', '£1.80', 'No weight data'), ('asda', 'https://groceries.asda.com/product/910002093229', 'ASDA Three Cheese & Garlic Flatbread', '£1.00', 'No weight data'), ('asda', 'https://groceries.asda.com/product/910002102325', 'ASDA Tomato & Garlic Flatbread', '£1.25', 'No weight data'), ('asda', 'https://groceries.asda.com/product/80190767', 'ASDA White Bread Mix', '£0.64', '(12.8p/100g)'), ('asda', 'https://groceries.asda.com/product/910001960493', 'ASDA White Pitta Breads', '£0.45', '(7.5p/each)'), ('asda', 'https://groceries.asda.com/product/910002082693', 'Benus Sliced Four Whole Grain Bread', '£1.25', '(25.0p/100g)'), ('asda', 'https://groceries.asda.com/product/1000000986358', 'Bernard Matthews Golden Breaded Turkey Escalopes', '£2.00', '(£7.69/kg)'), ('tesco', 'https://www.tesco.com/groceries/en-GB/products/307753917', 'Betty Crocker Salted Caramel Shortbread Mix 345G', '£ 2.00', '£5.80/kg'), ('tesco', 'https://www.tesco.com/groceries/en-GB/products/303617798', 'Bfree 7 Grain Pitta Bread 220G', '£ 2.50', '£1.14/100g'), ('sains', 'https://www.sainsburys.co.uk/shop/gb/groceries/product/details/all-vegan-products/bfree-pitta-breads-stone-baked-4x55g-220g-', 'BFree Pitta Breads Stone Baked 4x55g (220g)', '£2.50', '£1.14 / 100g'), ('tesco', 'https://www.tesco.com/groceries/en-GB/products/297373973', 'Bfree Stone Bake Gluten Free Pitta Bread 6X32g', '£ 2.50', '£1.31/100g'), ('tesco', 'https://www.tesco.com/groceries/en-GB/products/291243774', 'Bfree Stone Baked Pitta Bread 220G', '£ 2.35', '£10.69/kg'), ('asda', 'https://groceries.asda.com/product/910002101686', 'BFree Stone Baked Pitta Breads', '£2.50', 'No weight data'), ('sains', 'https://www.sainsburys.co.uk/shop/gb/groceries/product/details/all-dairy-free-food-and-drink/bfree-wholegrain-pitta-breads-4-x-55g', 'BFree Wholegrain Pitta Breads 4 x 55g', '£2.75', '£1.25 / 100g'), ('asda', 'https://groceries.asda.com/product/1000140301774', 'Birds Eye 2 Gluten Free Fish Fillets in Breadcrumbs', '£2.94', 'No weight data'), ('asda', 'https://groceries.asda.com/product/1000125109385', 'Birds Eye 4 Breaded Cod Large Fillets', '£3.50', 'No weight data'), ('asda', 'https://groceries.asda.com/product/1000125109454', 'Birds Eye 4 Breaded Haddock Large Fillets', '£3.50', 'No weight data'), ('tesco', 'https://www.tesco.com/groceries/en-GB/products/303334245', 'Birds Eye 4 Large Breaded Cod Fillets 440G', '£ 4.80', '£10.91/kg'), ('tesco', 'https://www.tesco.com/groceries/en-GB/products/303334280', 'Birds Eye 4 Large Breaded Haddock 440G', '£ 4.80', '£10.91/kg'), ('asda', 'https://groceries.asda.com/product/1000169694831', 'Birds Eye 6 Southern Fried Chicken in Breadcrumbs', '£2.75', 'No weight data'), ('sains', 'https://www.sainsburys.co.uk/shop/gb/groceries/product/details/easter-special-offers/birds-eye-breaded-haddock-large-fillets-x4-440g', 'Birds Eye Breaded Haddock Large Fillets x4 440g', '£3.50', '£7.96 / kg'), ('asda', 'https://groceries.asda.com/product/1000125109515', 'Birds Eye Inspirations Chicken Mini Fillets in Golden Breadcrumbs', '£2.00', 'No weight data'), ('asda', 'https://groceries.asda.com/product/1000125109461', 'Birds Eye Inspirations Chicken Mini Fillets in Sesame Seed Breadcrumbs', '£2.00', 'No weight data'), ('asda', 'https://groceries.asda.com/product/1000218525296', 'BOSH! Vegan Spiced Panko Breadcrumbs', '£2.49', '(£1.25/100g)'), ('aldi', 'https://www.aldi.co.uk/breaded-chicken-mini-fillets/p/016060276702000', 'Breaded Chicken Mini Fillets', '2.15', '£7.05 per kg'), ('aldi', 'https://www.aldi.co.uk/breaded-ham/p/706315410178601', 'Breaded Ham', '1.59', '39.8p per 100g'), ('aldi', 'https://www.aldi.co.uk/breaded-hot-%26-spicy-chicken-strips/p/016802278453400', 'Breaded Hot & Spicy Chicken Strips', '2.15', '£7.05 per kg'), ('asda', 'https://groceries.asda.com/product/537337', 'Burgen Soya & Linseed Bread', '£1.25', '(15.6p/100g)'), ('asda', 'https://groceries.asda.com/product/1000169694811', 'Cadbury Dairy Milk Gingerbread Chocolate Bar', '£1.00', '(83.3p/100g)'), ('asda', 'https://groceries.asda.com/product/1000244026790', 'Cadbury Winter Gingerbread Chocolate Cake Bars', '£1.00', '(20.0p/each)'), ('asda', 'https://groceries.asda.com/product/1000136352489', 'Caffe Amalfi Rustic Breadsticks with Sea Salt and Olive Oil', '£1.50', '(£1.20/100g)'), ('asda', 'https://groceries.asda.com/product/1000136352492', 'Caffe Amalfi Thin Italian Breadsticks with Olive Oil', '£1.00', '(83.3p/100g)'), ('asda', 'https://groceries.asda.com/product/80353893', 'Charles Wells Banana Bread Beer', '£1.83', '(£3.66/lt)'), ('aldi', 'https://www.aldi.co.uk/cheddar-cheese-%26-red-onion-flatbread/p/701013314550000', 'Cheddar Cheese & Red Onion Flatbread', '1.69', '£6.76 per kg'), ('aldi', 'https://www.aldi.co.uk/chocolate-chunk-shortbread-rounds/p/062612247688101', 'Chocolate Chunk Shortbread Rounds', '1.09', '68.1p per 100g'), ('aldi', 'https://www.aldi.co.uk/chunky-breaded-haddock-fish-fillets/p/004132092084200', 'Chunky Breaded Haddock Fish Fillets', '2.59', '£5.18 per kg'), ('tesco', 'https://www.tesco.com/groceries/en-GB/products/305733449', 'Clay Oven Bakery 2 Large Stretched Naan Bread 360G', '£ 1.50', '£0.42/100g'), ('tesco', 'https://www.tesco.com/groceries/en-GB/products/306798939', 'Clay Oven Bakery 2 Plain Naan Breads 360G', '£ 1.50', '£0.42/100g'), ('coop', 'https://www.coop.co.uk/products/co-op-rhubarb-and-custard-shortbread-mini-bites', 'Co-op 8 Rhubarb & Custard Shortbread Mini Bites', '£1', '8 pack'), ('coop', 'https://www.coop.co.uk/products/co-op-breaded-ham-220g', 'Co-op Breaded Ham 220g', '£4', '220g (90.0p per 100g)'), ('coop', 'https://www.coop.co.uk/products/co-op-american-style-cheese-and-tomato-sharing-bread-245g', "Co-op Cheesy Nacho Tear 'N' Share Bread 245g", '£2.75', '245g (£1.12 per 100g)'), ('coop', 'https://www.coop.co.uk/products/co-op-irresistible-breaded-cornish-camemberts-with-redcurrant-dip-200g', "Co-op Irresistible Breaded Cornish Camembert's with Redcurrant Dip 200g", '£3.50', '200g (£1.75 per 100g)\nServes 2'), ('coop', 'https://www.coop.co.uk/products/co-op-irresistible-mature-cheddar-and-balsamic-onion-flatbread-220g', 'Co-op Irresistible Mature Cheddar and Balsamic Onion Flatbread 220g', '£2.40', '220g (£1.09 per 100g)\nServes 2'), ('asda', 'https://groceries.asda.com/product/910001537650', "Colman's Bread Sauce Mix", '£0.80', '(£2.00/100g)'), ('tesco', 'https://www.tesco.com/groceries/en-GB/products/300954322', 'Counter The Artisan Bread Company Tomato Sal Brus 70G', '£ 1.60', '£2.29/100g'), ('tesco', 'https://www.tesco.com/groceries/en-GB/products/305435877', 'Creative Nature W.Grain Banana Bread Baking Mix 250G', '£ 2.99', '£11.96/kg'), ('asda', 'https://groceries.asda.com/product/1000182959725', 'Creative Nature Wholegrain Banana Bread Baking Mix', '£2.99', 'No weight data'), ('sains', 'https://www.sainsburys.co.uk/shop/gb/groceries/product/details/new-trending-special-offers/crosta-mollica-black-olive-grissini-breadsticks-140g', 'Crosta & Mollica Black Olive Grissini Breadsticks 140g', '£1.95', '£1.39 / 100g'), ('tesco', 'https://www.tesco.com/groceries/en-GB/products/277731954', 'Crosta & Mollica Torines Breadsticks 120G', '£ 1.09', '£0.91/100g'), ('sains', 'https://www.sainsburys.co.uk/shop/gb/groceries/product/details/aldi-price-match/sainsburys-white-sliced-bread--basics-800g', "Daily's Medium Sliced White Bread 800g", '36p', '5p / 100g'), ('sains', 'https://www.sainsburys.co.uk/shop/gb/groceries/product/details/aldi-price-match/sainsburys-medium-wholemeal-bread--basics-800g', "Daily's Medium Sliced Wholemeal Bread 800g", '36p', '5p / 100g'), ('tesco', 'https://www.tesco.com/groceries/en-GB/products/251015495', 'Dairylea Dunkers Breadsticks 4 X 47G', '£ 2.25', '£11.97/kg'), ('sains', 'https://www.sainsburys.co.uk/shop/gb/groceries/product/details/snacking-and-lunchbox-cheeses/dairylea-dunkers-breadsticks-4x47g', 'Dairylea Dunkers Breadsticks with Cheese 4x47g', '£2.25', '£11.97 / kg'), ('asda', 'https://groceries.asda.com/product/1226074', 'Dairylea Dunkers Breadsticks with Cheese x4', '£1.50', '(£7.98/kg)'), ('asda', 'https://groceries.asda.com/product/1000002934208', "Dean's Shortbread Assortment", '£4.00', 'No weight data'), ('asda', 'https://groceries.asda.com/product/391635', "Dean's Shortbread Fingers", '£1.00', 'No weight data'), ('sains', 'https://www.sainsburys.co.uk/shop/gb/groceries/product/details/chilled-cooked-meats/sainsburys-breaded-ham-150g', 'Deli Express British Breaded Ham 150g', '£2.25', '£1.50 / 100g'), ('tesco', 'https://www.tesco.com/groceries/en-GB/products/305530793', 'Deli Kitchen 4 Greek Style Flatbreads 320G', '£ 1.35', '£0.42/100g'), ('asda', 'https://groceries.asda.com/product/1000188692325', 'Deli Kitchen Brioche Folded Flatbreads', '£1.35', '(64.3p/100g)'), ('asda', 'https://groceries.asda.com/product/1000188692416', 'Deli Kitchen Greek Style Flatbreads', '£1.35', '(33.8p/each)'), ('asda', 'https://groceries.asda.com/product/910000388154', 'Dina Large White Bread Wraps', '£0.90', '(16.4p/100g)'), ('asda', 'https://groceries.asda.com/product/910000387572', 'Dina Paninette White Bread Wraps', '£0.90', '(32.7p/100g)'), ('asda', 'https://groceries.asda.com/product/910000388107', 'Dina Paninette Wholemeal Bread Wraps', '£0.90', '(32.7p/100g)'), ('asda', 'https://groceries.asda.com/product/910000388173', 'Dina White Mini Pitta Bread', '£0.55', '(15.3p/100g)'), ('asda', 'https://groceries.asda.com/product/910001184127', 'Dina Wholemeal Mini Pitta Breads', '£0.55', '(15.3p/100g)'), ('tesco', 'https://www.tesco.com/groceries/en-GB/products/257123599', 'Doves Farm Gluten Free White Bread Flour 1Kg', '£ 1.70', '£1.70/kg'), ('tesco', 'https://www.tesco.com/groceries/en-GB/products/290564310', 'Dr Karg 3 Seeds Crisp Bread Slices 200G', '£ 2.00', '£1.00/100g'), ('tesco', 'https://www.tesco.com/groceries/en-GB/products/260391973', 'Dr Karg Organic Cheese & Pumpkin Seed Crisp Bread 200G', '£ 2.00', '£1.00/100g'), ('asda', 'https://groceries.asda.com/product/1000135191500', "Dr. Karg's Organic Crispbread Emmental Cheese & Pumpkin Seed", '£1.89', '(94.5p/100g)'), ('asda', 'https://groceries.asda.com/product/1000227127175', 'Eco Wix Gingerbread Small Candle', '£5.00', '(£5.00/each)'), ('tesco', 'https://www.tesco.com/groceries/en-GB/products/292759370', "Ella's Kitchen Banana & Vanilla Bread Pudding 4X80g", '£ 1.75', '£4.87/kg'), ('asda', 'https://groceries.asda.com/product/910002650221', "Ella's Kitchen Organic Banana and Vanilla Bread Pudding Baby Dessert Pot Multipack 7+ Months", '£1.70', 'No weight data'), ('tesco', 'https://www.tesco.com/groceries/en-GB/products/279844604', 'Fedon Breadsticks With Sesame Seeds250g', '£ 1.50', '£0.60/100g'), ('aldi', 'https://www.aldi.co.uk/finely-sliced-breaded-ham/p/010021285889300', 'Finely Sliced Breaded Ham', '1.49', '£1.49 per 100g'), ('tesco', 'https://www.tesco.com/groceries/en-GB/products/257800909', 'Finest Triple Chocolate Shortbread 4 Pack', '£ 1.50', '£0.38/each'), ('aldi', 'https://www.aldi.co.uk/flat-bread-thins-cheese-%26-pepper/p/074900259327501', 'Flat Bread Thins Cheese & Pepper', '0.49', '98p per 100g'), ('aldi', 'https://www.aldi.co.uk/flatbread-thin-bites-sweet-chilli/p/074900259327702', 'Flatbread Thin Bites Sweet Chilli', '0.49', '98p per 100g'), ('asda', 'https://groceries.asda.com/product/26342781', 'FREEE by Doves Farm Gluten Free White Bread Flour', '£1.68', 'No weight data'), ('tesco', 'https://www.tesco.com/groceries/en-GB/products/302181582', 'Fro Oat & Sunflower Seed Crisp Bread 200G', '£ 1.95', '£0.98/100g'), ('tesco', 'https://www.tesco.com/groceries/en-GB/products/302181609', 'Fro Thyme & Sea Salt Crisp Bread 200G', '£ 1.95', '£0.98/100g'), ('sains', 'https://www.sainsburys.co.uk/shop/gb/groceries/product/details/egg-free-food/genius-pitta-bread-272g', 'Genius Gluten Free Pitta Breads x3', '£2.00', '£1.08 / 100g'), ('asda', 'https://groceries.asda.com/product/910002935415', 'Genius Gluten Free Toastie White Bread', '£2.25', 'No weight data'), ('asda', 'https://groceries.asda.com/product/1000150186004', 'Genius Gluten-Free Carb Cutter 5 Bread Crisps', '£2.09', 'No weight data'), ('asda', 'https://groceries.asda.com/product/1000150185967', 'Genius Gluten-Free Protein Punch 5 Bread Crisps', '£2.09', 'No weight data'), ('asda', 'https://groceries.asda.com/product/1000229362744', 'George Home Cream Bread Bin', '£10.00', '(£10.00/each)'), ('asda', 'https://groceries.asda.com/product/1000224243232', 'George Home Gingerbread Cappucino Mug', '£2.50', '(£2.50/each)'), ('asda', 'https://groceries.asda.com/product/1000229362801', 'George Home Gingerbread House Plate', '£5.00', '(£5.00/each)'), ('asda', 'https://groceries.asda.com/product/1000159725341', 'George Home Gingerbread Man Cookie Cutters', '£2.00', '(£2.00/each)'), ('asda', 'https://groceries.asda.com/product/1000150186101', 'George Home Gingerbread Napkins', '£1.00', '(5.0p/each)'), ('asda', 'https://groceries.asda.com/product/1000229362679', 'George Home Grey Bread Bin', '£10.00', '(£10.00/each)'), ('asda', 'https://groceries.asda.com/product/1000229362793', 'George Home Multi Christmas Gingerbread House Cookie Jar', '£12.00', '(£12.00/each)'), ('asda', 'https://groceries.asda.com/product/1000229362652', 'George Home Multi Christmas Gingerbread House Mug', '£3.00', '(£3.00/each)'), ('asda', 'https://groceries.asda.com/product/1000229362594', 'George Home White Marble Bread Bin', '£10.00', '(£10.00/each)'), ('aldi', 'https://www.aldi.co.uk/golden-breadcrumbs/p/015497306817301', 'Golden Breadcrumbs', '0.65', '37.1p per 100g'), ('coop', 'https://www.coop.co.uk/products/goodfellas-garlic-bread-218-g', "Goodfella's Garlic Bread 218g", '£2', '218g (97.1p per 100g)'), ('asda', 'https://groceries.asda.com/product/910000042143', 'Grissini Plain Breadsticks', '£0.80', '(64.0p/100g)'), ('tesco', 'https://www.tesco.com/groceries/en-GB/products/299045570', "H W Nevill's White Bread 800G", '£ 0.36', '£0.04/100g'), ('tesco', 'https://www.tesco.com/groceries/en-GB/products/299045558', "H W Nevill's Wholemeal Bread 800G", '£ 0.36', '£0.04/100g'), ('tesco', 'https://www.tesco.com/groceries/en-GB/products/299587469', 'Hearty Food Co 20 Breaded Chicken Nuggets 320G', '£ 0.85', '£2.66/kg'), ('tesco', 'https://www.tesco.com/groceries/en-GB/products/299596458', 'Hearty Food Co 8 Breaded Chicken Burgers 456G', '£ 0.97', '£2.13/kg'), ('tesco', 'https://www.tesco.com/groceries/en-GB/products/306945888', 'Hearty Food Co. 4 Breaded Chicken Steaks 505G', '£ 1.69', '£3.35/kg'), ('tesco', 'https://www.tesco.com/groceries/en-GB/products/298865009', 'Hearty Food Co. Breaded Chicken Goujons 270G', '£ 1.05', '£3.89/kg'), ('tesco', 'https://www.tesco.com/groceries/en-GB/products/307348073', 'Heat & Enjoy Garlic Bread 200G', '£ 3.00', '£15.00/kg'), ('tesco', 'https://www.tesco.com/groceries/en-GB/products/274811254', 'Hovis 7 Seeds Wholemeal Bread 800G', '£ 1.50', '£0.19/100g'), ('asda', 'https://groceries.asda.com/product/22642144', 'Hovis Authentic Granary Bread', '£0.95', '(23.8p/100g)'), ('tesco', 'https://www.tesco.com/groceries/en-GB/products/279505857', 'Hovis Best Of Both Medium White Bread 750G', '£ 1.10', '£0.15/100g'), ('tesco', 'https://www.tesco.com/groceries/en-GB/products/279505707', 'Hovis Best Of Both Thick White Bread 750G', '£ 1.10', '£0.15/100g'), ('asda', 'https://groceries.asda.com/product/1000001429981', 'Hovis Granary Bread Flour', '£1.79', '(£1.79/kg)'), ('tesco', 'https://www.tesco.com/groceries/en-GB/products/250871708', 'Hovis Granary Thick Bread 800G', '£ 1.45', '£0.18/100g'), ('asda', 'https://groceries.asda.com/product/1670454', 'Hovis Granary Wholemeal Bread', '£1.65', '(20.6p/100g)'), ('tesco', 'https://www.tesco.com/groceries/en-GB/products/254944133', 'Hovis Granary Wholemeal Bread 800G', '£ 1.45', '£0.18/100g'), ('asda', 'https://groceries.asda.com/product/1000001205348', 'Hovis Lower Carb Deliciously Seeded Bread', '£1.10', '(27.5p/100g)'), ('sains', 'https://www.sainsburys.co.uk/shop/gb/groceries/product/details/rednoseday-/hovis-best-of-both-medium-750g', 'Hovis Medium Sliced Best of Both Bread 750g', '£1.15', '15p / 100g'), ('asda', 'https://groceries.asda.com/product/24742', 'Hovis Medium Wholemeal Bread', '£1.10', '(13.8p/100g)'), ('asda', 'https://groceries.asda.com/product/82185114', 'Hovis Nimble Wholemeal Bread', '£0.90', '(22.5p/100g)'), ('tesco', 'https://www.tesco.com/groceries/en-GB/products/274811214', 'Hovis Original 7 Seeds Bread 800G', '£ 1.50', '£0.19/100g'), ('tesco', 'https://www.tesco.com/groceries/en-GB/products/259747508', 'Hovis Original Granary Bread 400G', '£ 0.95', '£0.24/100g'), ('asda', 'https://groceries.asda.com/product/9277509', 'Hovis Original Wheatgerm Bread', '£0.95', '(23.8p/100g)'), ('asda', 'https://groceries.asda.com/product/910000876228', 'Hovis Seed Sensations Seven Seeds Bread', '£1.05', '(26.2p/100g)'), ('asda', 'https://groceries.asda.com/product/910000875750', 'Hovis Seed Sensations Seven Seeds Bread', '£1.64', '(20.5p/100g)'), ('asda', 'https://groceries.asda.com/product/910000876519', 'Hovis Seed Sensations Wholemeal Bread', '£1.65', '(20.6p/100g)'), ('sains', 'https://www.sainsburys.co.uk/shop/gb/groceries/product/details/aldi-price-match/hovis-soft-white-bread--thick-sliced-800g', 'Hovis Soft Thick Sliced White Bread 800g', '£1.10', '14p / 100g'), ('tesco', 'https://www.tesco.com/groceries/en-GB/products/267363266', 'Hovis Soft White Extra Thick Bread 800G', '£ 1.10', '£0.14/100g'), ('tesco', 'https://www.tesco.com/groceries/en-GB/products/256174499', 'Hovis Soft White Medium Bread 800G', '£ 1.09', '£0.14/100g'), ('tesco', 'https://www.tesco.com/groceries/en-GB/products/254550817', 'Hovis Soft White Thick Bread 800G', '£ 1.10', '£0.14/100g'), ('asda', 'https://groceries.asda.com/product/66006934', 'Hovis Tasty Wholemeal Bread', '£0.85', '(21.2p/100g)'), ('asda', 'https://groceries.asda.com/product/22642143', 'Hovis Thick Granary Bread', '£1.45', '(18.1p/100g)'), ('asda', 'https://groceries.asda.com/product/36493', 'Hovis Thick Wholemeal Bread', '£1.10', '(13.8p/100g)'), ('tesco', 'https://www.tesco.com/groceries/en-GB/products/250829858', 'Hovis Wholemeal Medium Bread 400G', '£ 0.85', '£0.21/100g'), ('tesco', 'https://www.tesco.com/groceries/en-GB/products/255000362', 'Hovis Wholemeal Medium Bread 800G', '£ 1.10', '£0.14/100g'), ('tesco', 'https://www.tesco.com/groceries/en-GB/products/263518014', 'Hovis Wholemeal Thick Bread 800G', '£ 1.10', '£0.14/100g'), ('asda', 'https://groceries.asda.com/product/910000463804', "Irwin's Plain Batch White Bread", '£1.19', 'No weight data'), ('tesco', 'https://www.tesco.com/groceries/en-GB/products/308093498', "Irwin's Traditional Wheaten Bread", '£ 1.20', '£1.20/each'), ('sains', 'https://www.sainsburys.co.uk/shop/gb/groceries/product/details/bigger-packs-/jjames-family-12-breaded-british-ham-slices-300g', 'J,James & Family British Breaded Ham 300g, x12 Slices', '£1.37', '46p / 100g'), ('sains', 'https://www.sainsburys.co.uk/shop/gb/groceries/product/details/aldi-price-match/jjames-family-12-breaded-british-ham-slices-300g', 'J,James & Family British Breaded Ham 300g, x12 Slices', '£1.37', '46p / 100g'), ('asda', 'https://groceries.asda.com/product/910001258151', "Jacob's Mixed Grain Crispbread", '£1.50', '(79.0p/100g)'), ('asda', 'https://groceries.asda.com/product/910001257536', "Jacob's Mixed Seed Crispbread", '£1.50', '(79.0p/100g)'), ('asda', 'https://groceries.asda.com/product/910000331114', "Jacob's Salt & Black Pepper Flatbreads", '£1.50', '(£1.00/100g)'), ('asda', 'https://groceries.asda.com/product/910001258488', "Jacob's Simply Baked Chive Crispbread", '£1.50', '(79.0p/100g)'), ('tesco', 'https://www.tesco.com/groceries/en-GB/products/281840917', 'Jacobs Chive Crisp Bread 190G', '£ 1.49', '£0.78/100g'), ('tesco', 'https://www.tesco.com/groceries/en-GB/products/267077511', 'Jacobs Flatbread Salt & Cracked Black Pepper 150G', '£ 1.79', '£1.20/100g'), ('tesco', 'https://www.tesco.com/groceries/en-GB/products/281841254', 'Jacobs Mixed Grain Crisp Bread 190G', '£ 1.49', '£0.78/100g'), ('asda', 'https://groceries.asda.com/product/1000218322073', 'Jahan 4 Breaded Chicken Steaks', '£3.00', 'No weight data'), ('asda', 'https://groceries.asda.com/product/1000232366957', 'Jahan Hot & Spicy Breaded Wings', '£2.50', 'No weight data'), ('tesco', 'https://www.tesco.com/groceries/en-GB/products/261738730', 'Kingsmill 50/50 Medium Bread 800G', '£ 0.85', '£0.11/100g'), ('tesco', 'https://www.tesco.com/groceries/en-GB/products/260630288', 'Kingsmill 50/50 No Crusts Bread 400G', '£ 1.40', '£0.35/100g'), ('tesco', 'https://www.tesco.com/groceries/en-GB/products/252065992', 'Kingsmill 50/50 Thick Bread 800G', '£ 0.85', '£0.11/100g'), ('asda', 'https://groceries.asda.com/product/42747407', 'Kingsmill Medium 50/50 Bread', '£0.85', '(10.6p/100g)'), ('asda', 'https://groceries.asda.com/product/42747415', 'Kingsmill Medium Soft White Bread', '£0.89', '(11.1p/100g)'), ('asda', 'https://groceries.asda.com/product/42747403', 'Kingsmill Medium Tasty Wholemeal Bread', '£0.94', '(11.8p/100g)'), ('asda', 'https://groceries.asda.com/product/31248811', 'Kingsmill No Crusts 50/50 Bread', '£1.50', '(37.5p/100g)'), ('asda', 'https://groceries.asda.com/product/31248810', 'Kingsmill No Crusts Soft White Bread', '£1.40', '(35.0p/100g)'), ('asda', 'https://groceries.asda.com/product/910002327657', 'Kingsmill No Crusts Wholemeal Bread', '£1.40', '(35.0p/100g)'), ('tesco', 'https://www.tesco.com/groceries/en-GB/products/259804954', 'Kingsmill Soft White Medium Bread 800G', '£ 0.95', '£0.12/100g'), ('tesco', 'https://www.tesco.com/groceries/en-GB/products/259804983', 'Kingsmill Soft White Thick Bread 800G', '£ 0.95', '£0.12/100g'), ('tesco', 'https://www.tesco.com/groceries/en-GB/products/252990345', 'Kingsmill Tasty Wholemeal Medium Bread 800G', '£ 0.95', '£0.12/100g'), ('asda', 'https://groceries.asda.com/product/42747409', 'Kingsmill Thick 50/50 Bread', '£0.85', '(10.6p/100g)'), ('asda', 'https://groceries.asda.com/product/42747401', 'Kingsmill Thick Soft White Bread', '£0.89', '(11.1p/100g)'), ('asda', 'https://groceries.asda.com/product/42747405', 'Kingsmill Thick Tasty Wholemeal Bread', '£0.95', '(11.9p/100g)'), ('asda', 'https://groceries.asda.com/product/1000211461112', "Kirsty's Vegan Mediterranean Vegetable Flatbread Pizza", '£2.50', 'No weight data'), ('sains', 'https://www.sainsburys.co.uk/shop/gb/groceries/product/details/milk-free-chocolate-and-biscuits/lazy-day-foods-millionaires-shortbread-150g', "Lazy Day Foods Millionaire's Shortbread 150g", '£2.00', '£1.33 / 100g'), ('sains', 'https://www.sainsburys.co.uk/shop/gb/groceries/product/details/all-dairy-free-food-and-drink/lazy-day-foods-millionaires-shortbread-150g', "Lazy Day Foods Millionaire's Shortbread 150g", '£2.00', '£1.33 / 100g'), ('sains', 'https://www.sainsburys.co.uk/shop/gb/groceries/product/details/gluten-free-biscuits-and-chocolates/lazy-day-foods-millionaires-shortbread-150g', "Lazy Day Foods Millionaire's Shortbread 150g", '£2.00', '£1.33 / 100g'), ('asda', 'https://groceries.asda.com/product/1000002936267', 'Loch Ness Bakery Salted Caramel Shortbread Bites', '£1.65', 'No weight data'), ('asda', 'https://groceries.asda.com/product/1000204779153', 'Lovemore Crispbreads', '£1.20', 'No weight data'), ('tesco', 'https://www.tesco.com/groceries/en-GB/products/293417975', 'Marmite Flatbreads 140G', '£ 2.45', '£1.75/100g'), ('asda', 'https://groceries.asda.com/product/1000013420369', 'Marmite Yeast Extract Flatbreads', '£2.45', '(£1.75/100g)'), ('sains', 'https://www.sainsburys.co.uk/shop/gb/groceries/product/details/protein-food-and-bars/maximuscle-promax-restore-millionnaire-shortbread-flavour-60g', 'Maximuscle Promax Protein Bar Millionaires Shortbread 60g', '£2.00', '£3.33 / 100g'), ('sains', 'https://www.sainsburys.co.uk/shop/gb/groceries/product/details/protein-food-and-bars/maximuscle-protein-bar-millionaires-shortbread-flavour-55g', 'MaxiMuscle Protein Bar Millionaires Shortbread Flavour 55g', '£2.50', '£4.55 / 100g'), ('sains', 'https://www.sainsburys.co.uk/shop/gb/groceries/product/details/all-sports-nutrition-/maximuscle-protein-bites-millionaires-shortbread-flavour-110g', 'MaxiMuscle Protein Bites Millionaires Shortbread Flavour 110g', '£4.50', '£4.09 / 100g'), ('asda', 'https://groceries.asda.com/product/1000242811762', "McVitie's Digestives Gingerbread Milk Chocolate Biscuits", '£1.50', '(60.0p/100g)'), ('asda', 'https://groceries.asda.com/product/1000113394406', "McVitie's Mini Gingerbread Men 6 Packs", '£1.00', '(87.7p/100g)'), ('sains', 'https://www.sainsburys.co.uk/shop/gb/groceries/product/details/all-organic-/mestemacher-organic-sunflower-seed-bread', 'Mestemacher Organic Sunflower Seed Bread', '£1.60', '32p / 100g'), ('tesco', 'https://www.tesco.com/groceries/en-GB/products/308094029', 'Mission 6 Plain Pitta Breads', '£ 0.80', '£0.13/each'), ('tesco', 'https://www.tesco.com/groceries/en-GB/products/306932886', 'Molino Pasini Pizza & Focaccia Bread Mix 1000G', '£ 1.70', '£1.70/kg'), ('sains', 'https://www.sainsburys.co.uk/shop/gb/groceries/product/details/all-chicken-44/moy-park-deliciously-dippable-breaded-chicken-nuggets-425g', 'Moy Park Deliciously Dippable Breaded Chicken Nuggets 425g', '£3.00', '£7.06 / kg'), ('sains', 'https://www.sainsburys.co.uk/shop/gb/groceries/product/details/all-chicken-44/moy-park-incredibly-crunchy-breaded-chicken-goujons-430g', 'Moy Park Incredibly Crunchy Breaded Chicken Goujons 430g', '£3.00', '£6.98 / kg'), ('asda', 'https://groceries.asda.com/product/1000052456652', "Nairn's Gluten Free Flatbread Original", '£1.75', 'No weight data'), ('asda', 'https://groceries.asda.com/product/1000052456286', "Nairn's Gluten Free Flatbread Rosemary & Sea Salt", '£1.75', 'No weight data'), ('sains', 'https://www.sainsburys.co.uk/shop/gb/groceries/product/details/gluten-free-crisps-and-savoury-snacks/nairns-gluten-free-flatbread-rosemary---sea-salt-150g', "Nairn's Gluten Free Flatbread Rosemary & Sea Salt 150g", '£1.50', '£1.00 / 100g'), ('sains', 'https://www.sainsburys.co.uk/shop/gb/groceries/product/details/all-gluten-free-food-and-drink/nairns-gluten-free-flatbread-rosemary---sea-salt-150g', "Nairn's Gluten Free Flatbread Rosemary & Sea Salt 150g", '£1.50', '£1.00 / 100g'), ('asda', 'https://groceries.asda.com/product/1000124381797', "Nairn's Gluten Free Flatbreads Caramelised Onion", '£1.75', 'No weight data'), ('tesco', 'https://www.tesco.com/groceries/en-GB/products/301804113', 'Nairns Gluten Free Rosemary & Sea Salt Flatbreads 150G', '£ 1.75', '£1.17/100g'), ('tesco', 'https://www.tesco.com/groceries/en-GB/products/302289949', 'Nishaan Plain Mini Naan Breads 6 Pack 300G', '£ 1.20', '£0.40/100g'), ('tesco', 'https://www.tesco.com/groceries/en-GB/products/307145249', 'Northern Dough Co. Sourdough Bread Dough 440G', '£ 2.50', '£0.57/100g'), ('asda', 'https://groceries.asda.com/product/910001454708', 'Nutella & Go! Hazelnut Spread with Cocoa and Breadsticks Single', '£1.00', '(£2.08/100g)'), ('tesco', 'https://www.tesco.com/groceries/en-GB/products/255335829', 'Organix Gingerbread Men 135G', '£ 2.00', '£1.49/100g'), ('asda', 'https://groceries.asda.com/product/910003258154', 'Organix Goodies Mini Gingerbread Men Biscuits 12+ Months', '£2.20', 'No weight data'), ('tesco', 'https://www.tesco.com/groceries/en-GB/products/266197791', 'Organix Mini Gingerbread Men 5 X 25G', '£ 2.30', '£18.40/kg'), ('sains', 'https://www.sainsburys.co.uk/shop/gb/groceries/product/details/top-rated-44/organix-12m-goodies-mini-gingerbread-men-5x25g', 'Organix Mini Gingerbread Men Biscuits 5x25g', '£2.30', '£1.84 / 100g'), ('aldi', 'https://www.aldi.co.uk/original-rye-crispbread/p/705395401383800', 'Original Rye Crispbread', '0.59', '23.6p per 100g'), ('tesco', 'https://www.tesco.com/groceries/en-GB/products/250523085', 'Pataks Garlic & Coriander Naan Bread 2 Pack', '£ 1.25', '£0.62/each'), ('tesco', 'https://www.tesco.com/groceries/en-GB/products/259170533', 'Pataks Peshwari Naan Bread 2Pack', '£ 1.25', '£0.62/each'), ('tesco', 'https://www.tesco.com/groceries/en-GB/products/250506912', 'Pataks Plain Naan Bread 2 Pack', '£ 1.25', '£0.62/each'), ('asda', 'https://groceries.asda.com/product/910001074965', "Paterson's Clotted Cream Shortbread Fingers", '£1.00', 'No weight data'), ('asda', 'https://groceries.asda.com/product/910000379020', "Paterson's Delicious Shortbread & Biscuit Assortment", '£2.50', 'No weight data'), ('asda', 'https://groceries.asda.com/product/910001075604', "Paterson's Delicious Shortbread & Biscuit Sharing Assortment in a Tray", '£1.00', 'No weight data'), ('asda', 'https://groceries.asda.com/product/910000336274', "Paterson's Shortbread Fingers", '£1.00', 'No weight data'), ('tesco', 'https://www.tesco.com/groceries/en-GB/products/258199403', "Paterson's Shortbread Fingers 380G", '£ 1.00', '£0.26/100g'), ('asda', 'https://groceries.asda.com/product/80785008', 'Paxo Golden Breadcrumbs', '£1.09', '(£4.80/kg)'), ('tesco', 'https://www.tesco.com/groceries/en-GB/products/262106716', 'Paxo Golden Breadcrumbs 227G', '£ 1.10', '£4.85/kg'), ('tesco', 'https://www.tesco.com/groceries/en-GB/products/262106739', 'Paxo Natural Breadcrumbs 227G', '£ 1.10', '£4.85/kg'), ('asda', 'https://groceries.asda.com/product/1000201691532', 'Paxo Southern Fried Breadcrumbs', '£1.00', '(50.0p/100g)'), ('tesco', 'https://www.tesco.com/groceries/en-GB/products/306805663', 'Paxo Southern Fried Breadcrumbs 200G', '£ 1.30', '£6.50/kg'), ('sains', 'https://www.sainsburys.co.uk/shop/gb/groceries/product/details/watch-the-sport/peters-yard-original-sourdough-crispbread-140g', "Peter's Yard Original Sourdough Crispbread 140g", '£2.40', '£1.71 / 100g'), ('sains', 'https://www.sainsburys.co.uk/shop/gb/groceries/product/details/watch-the-sport/peters-yard-sourdough-seeded-flatbreads-135g', "Peter's Yard Seeded Sourdough Flatbreads 135g", '£2.40', '£1.92 / 100g'), ('tesco', 'https://www.tesco.com/groceries/en-GB/products/296844942', 'Polish Bakery Highlander Bread Sourdough 800G', '£ 1.35', '£0.17/100g'), ('tesco', 'https://www.tesco.com/groceries/en-GB/products/263190209', 'Prymat Breadcrumbs 400G', '£ 1.00', '£2.50/kg'), ('asda', 'https://groceries.asda.com/product/910002531302', 'Prymat Breadcumbs', '£1.00', '(25.0p/100g)'), ('asda', 'https://groceries.asda.com/product/1000157579205', 'Quality Street Limited Edition Matchmakers Gingerbread Flavour', '£1.00', '(83.3p/100g)'), ('asda', 'https://groceries.asda.com/product/910000869886', 'Quorn Meat Free Mini Breaded Fillets', '£2.50', 'No weight data'), ('asda', 'https://groceries.asda.com/product/910002299993', "Riya's Lavash Bread", '£1.25', 'No weight data'), ('asda', 'https://groceries.asda.com/product/910002370521', "Riya's Original Recipe 3 Garlic & Coriander Naan Bread", '£1.20', '(30.8p/100g)'), ('asda', 'https://groceries.asda.com/product/910002370522', "Riya's Original Recipe 3 Plain Naan Bread", '£1.20', '(30.8p/100g)'), ('asda', 'https://groceries.asda.com/product/1000128213075', "Riya's Original Recipe Garlic & Coriander Naan Bread", '£1.30', 'No weight data'), ('asda', 'https://groceries.asda.com/product/1000128213084', "Riya's Original Recipe Plain Naan Bread", '£1.30', 'No weight data'), ('asda', 'https://groceries.asda.com/product/1000128213089', "Riya's Original Recipe Spicy Naan Bread", '£1.30', 'No weight data'), ('asda', 'https://groceries.asda.com/product/1483913', 'Roberts Bakery Medium White Bread', '£1.00', '(12.5p/100g)'), ('asda', 'https://groceries.asda.com/product/77752150', 'Roberts Bakery Mega Thick White Bread', '£1.00', '(12.5p/100g)'), ('asda', 'https://groceries.asda.com/product/1483914', 'Roberts Bakery Thick White Bread', '£1.00', '(12.5p/100g)'), ('tesco', 'https://www.tesco.com/groceries/en-GB/products/301012347', 'Ryvita Chia Seed & Buckwheat Protein Crisp Bread 200G', '£ 1.60', '£0.80/100g'), ('tesco', 'https://www.tesco.com/groceries/en-GB/products/266319153', 'Ryvita Cracked Black Pepper Crisp Bread 5X40g', '£ 0.99', '£0.50/100g'), ('tesco', 'https://www.tesco.com/groceries/en-GB/products/254926368', 'Ryvita Crackerbread 200G', '£ 1.19', '£0.60/100g'), ('sains', 'https://www.sainsburys.co.uk/shop/gb/groceries/product/details/200-calories-or-less/ryvita-black-pepper-crispbread-200g', 'Ryvita Crunchy Rye Bread Cracked Black Pepper 5x40g', '£1.60', '80p / 100g'), ('sains', 'https://www.sainsburys.co.uk/shop/gb/groceries/product/details/all-price-lock/ryvita-dark-rye-250g', 'Ryvita Crunchy Rye Bread Dark Rye 250g', '£1.00', '40p / 100g'), ('sains', 'https://www.sainsburys.co.uk/shop/gb/groceries/product/details/200-calories-or-less/ryvita-crispbread--multigrain-250g', 'Ryvita Crunchy Rye Bread Multigrain 6 x40g', '£1.00', '40p / 100g'), ('sains', 'https://www.sainsburys.co.uk/shop/gb/groceries/product/details/new-trending-special-offers/ryvita-crispbread--multigrain-250g', 'Ryvita Crunchy Rye Bread Multigrain 6 x40g', '£1.00', '40p / 100g'), ('sains', 'https://www.sainsburys.co.uk/shop/gb/groceries/product/details/200-calories-or-less/ryvita-crispbread--sesame-seed-250g', 'Ryvita Crunchy Rye Bread Sesame 6x40g', '£1.00', '40p / 100g'), ('tesco', 'https://www.tesco.com/groceries/en-GB/products/256001031', 'Ryvita Dark Rye Crisp Bread 250G', '£ 1.19', '£0.48/100g'), ('asda', 'https://groceries.asda.com/product/8667410', 'Ryvita Dark Rye Crispbread', '£1.19', '(47.6p/100g)'), ('asda', 'https://groceries.asda.com/product/910002492963', 'Ryvita Deli Cracked Black Pepper Rye Crispbread', '£1.59', '(79.5p/100g)'), ('asda', 'https://groceries.asda.com/product/910002492316', 'Ryvita Deli Pumpkin Seeds & Oats Rye Crispbread', '£1.59', '(79.5p/100g)'), ('asda', 'https://groceries.asda.com/product/910002493093', 'Ryvita Deli Sweet Onion Rye Crispbread 5 Packs of 4 Crispbreads', '£1.59', '(79.5p/100g)'), ('tesco', 'https://www.tesco.com/groceries/en-GB/products/261212413', 'Ryvita Fruit Crunch Crisp Bread 200G', '£ 0.99', '£0.50/100g'), ('asda', 'https://groceries.asda.com/product/910000471904', 'Ryvita Fruit Crunch Crispbread', '£1.59', '(79.5p/100g)'), ('asda', 'https://groceries.asda.com/product/1000065970538', 'Ryvita Multigrain Crunchy Rye Breads', '£1.25', '(50.0p/100g)'), ('tesco', 'https://www.tesco.com/groceries/en-GB/products/251107559', 'Ryvita Multigrain Rye Bread 250G', '£ 1.25', '£0.50/100g'), ('asda', 'https://groceries.asda.com/product/19839', 'Ryvita Original Crackerbread', '£1.19', '(59.5p/100g)'), ('tesco', 'https://www.tesco.com/groceries/en-GB/products/256001296', 'Ryvita Original Crisp Bread 250G', '£ 1.19', '£0.48/100g'), ('asda', 'https://groceries.asda.com/product/8667409', 'Ryvita Original Crispbread', '£1.19', '(47.6p/100g)'), ('asda', 'https://groceries.asda.com/product/1000134959119', 'Ryvita Protein Chia Seed & Buckwheat Crispbreads', '£1.59', '(79.5p/100g)'), ('tesco', 'https://www.tesco.com/groceries/en-GB/products/255269055', 'Ryvita Pumpkin & Oats Crisp Bread 4X50g', '£ 0.99', '£0.50/100g'), ('tesco', 'https://www.tesco.com/groceries/en-GB/products/254926420', 'Ryvita Sesame Crisp Bread 250G', '£ 1.25', '£0.50/100g'), ('asda', 'https://groceries.asda.com/product/1000065970374', 'Ryvita Simply Sesame Crunchy Rye Breads', '£1.25', '(50.0p/100g)'), ('asda', 'https://groceries.asda.com/product/910002492675', 'Ryvita Thins Caramelised Onion Flatbreads', '£1.00', '(80.0p/100g)'), ('asda', 'https://groceries.asda.com/product/910000421309', 'Ryvita Thins Cheddar and Cracked Black Pepper Flatbread', '£1.00', '(80.0p/100g)'), ('asda', 'https://groceries.asda.com/product/78840573', 'Ryvita Thins Multi-Seed Flatbreads', '£1.00', '(80.0p/100g)'), ('asda', 'https://groceries.asda.com/product/1000134959115', 'Ryvita Thins Rosemary & Sea Salt Flatbreads', '£1.00', '(80.0p/100g)'), ('asda', 'https://groceries.asda.com/product/910000254290', 'Ryvita Thins Sweet Chilli Flatbreads', '£1.00', '(80.0p/100g)'), ('asda', 'https://groceries.asda.com/product/910003108937', 'Ryvita Thins Three Cheese Flatbreads', '£1.00', '(80.0p/100g)'), ('tesco', 'https://www.tesco.com/groceries/en-GB/products/263232582', 'Ryvita Whole- Grain Cracker- Bread 125G', '£ 1.19', '£0.95/100g'), ('asda', 'https://groceries.asda.com/product/910000033515', 'Ryvita Wholegrain Crackerbread', '£1.19', '(95.2p/100g)'), ('sains', 'https://www.sainsburys.co.uk/shop/gb/groceries/product/details/taste-the-difference-meat-fish/sainsburys-breaded-air-dried-ham-finely-sliced--taste-the-difference-120g', "Sainsbury's Air Dried Breaded Finely Sliced Ham, Taste the Difference 120g", '£2.75', '£2.29 / 100g'), ('sains', 'https://www.sainsburys.co.uk/shop/gb/groceries/product/details/all-ham--deli-meats---dips/sainsburys-breaded-air-dried-ham-finely-sliced--taste-the-difference-120g', "Sainsbury's Air Dried Breaded Finely Sliced Ham, Taste the Difference 120g", '£2.75', '£2.29 / 100g'), ('sains', 'https://www.sainsburys.co.uk/shop/gb/groceries/product/details/all-gifting/sainsburys-all-butter-shortbread-assortment-tin-240g', "Sainsbury's All Butter Shortbread Assortment Tin 240g", '£4.50', '£1.88 / 100g'), ('sains', 'https://www.sainsburys.co.uk/shop/gb/groceries/product/details/all-chicken-44/sainsburys-breaded-british-chicken-burgers-x2-230g', "Sainsbury's Breaded British Chicken Burgers x2 230g", '£2.00', '£8.70 / kg'), ('sains', 'https://www.sainsburys.co.uk/shop/gb/groceries/product/details/snacking-and-lunchbox-cheeses/sainsburys-breaded-camembert--taste-the-difference-x2-200g', "Sainsbury's Breaded Camembert Cheese, Taste the Difference x2 200g", '£2.50', '£12.50 / kg'), ('sains', 'https://www.sainsburys.co.uk/shop/gb/groceries/product/details/speciality-and-continental-cheeses/sainsburys-breaded-camembert--taste-the-difference-x2-200g', "Sainsbury's Breaded Camembert Cheese, Taste the Difference x2 200g", '£2.50', '£12.50 / kg'), ('sains', 'https://www.sainsburys.co.uk/shop/gb/groceries/product/details/meatandfish-essentials/sainsburys-breaded-chicken-fillets-x2-350g', "Sainsbury's Breaded Chicken Breast Fillets x2 350g", '£2.50', '£7.14 / kg'), ('sains', 'https://www.sainsburys.co.uk/shop/gb/groceries/product/details/all-chicken-44/sainsburys-breaded-chicken-fillets-x2-350g', "Sainsbury's Breaded Chicken Breast Fillets x2 350g", '£2.50', '£7.14 / kg'), ('sains', 'https://www.sainsburys.co.uk/shop/gb/groceries/product/details/taste-the-difference-meat-fish/sainsburys-breaded-chunky-cod--taste-the-difference-x2-350g', "Sainsbury's Breaded Chunky Cod, Taste the Difference x2 350g", '£3.50', '£10.00 / kg'), ('sains', 'https://www.sainsburys.co.uk/shop/gb/groceries/product/details/sustainable-seafood/sainsburys-breaded-cod-fillets-x2-300g', "Sainsbury's Breaded Cod Whole Fillets x2 300g", '£3.00', '£10.00 / kg'), ('sains', 'https://www.sainsburys.co.uk/shop/gb/groceries/product/details/sustainable-seafood/sainsburys-breaded-haddock-fillets-x2-300g', "Sainsbury's Breaded Haddock Whole Fillets x2 300g", '£3.00', '£10.00 / kg'), ('sains', 'https://www.sainsburys.co.uk/shop/gb/groceries/product/details/fresh-pizza-and-pasta-and-garlic-bread/sainsburys-breaded-mushrooms-350g-8032606-p-44', "Sainsbury's Breaded Mushrooms 350g", '£2.50', '£7.14 / kg'), ('sains', 'https://www.sainsburys.co.uk/shop/gb/groceries/product/details/big-night-in/sainsburys-breaded-mushrooms-350g', "Sainsbury's Breaded Mushrooms Takeaway Sides 350g", '£2.50', '£7.14 / kg'), ('sains', 'https://www.sainsburys.co.uk/shop/gb/groceries/product/details/fresh-pizza-and-pasta-and-garlic-bread/sainsburys-breaded-mushrooms-350g', "Sainsbury's Breaded Mushrooms Takeaway Sides 350g", '£2.50', '£7.14 / kg'), ('sains', 'https://www.sainsburys.co.uk/shop/gb/groceries/product/details/easter-special-offers/sainsburys-breaded-plaice-fillets-x2-260g', "Sainsbury's Breaded Plaice Fillets x2 260g", '£2.50', '£9.62 / kg'), ('sains', 'https://www.sainsburys.co.uk/shop/gb/groceries/product/details/cod---white-fish/sainsburys-breaded-plaice-fillets-x2-300g', "Sainsbury's Breaded Plaice Fillets x2 300g", '£3.00', '£10.00 / kg'), ('sains', 'https://www.sainsburys.co.uk/shop/gb/groceries/product/details/all-price-lock/sainsburys-breaded-plaice-fillets-x2-300g', "Sainsbury's Breaded Plaice Fillets x2 300g", '£3.00', '£10.00 / kg'), ('sains', 'https://www.sainsburys.co.uk/shop/gb/groceries/product/details/all-ham--deli-meats---dips/sainsburys-breaded-yorkshire-ham--taste-the-difference-120g-7732081-p-44', "Sainsbury's Breaded Yorkshire Ham, Taste the Difference 120g", '£2.75', '£2.29 / 100g'), ('sains', 'https://www.sainsburys.co.uk/shop/gb/groceries/product/details/meatandfish-essentials/sainsburys-breaded-yorkshire-ham--taste-the-difference-120g-7732081-p-44', "Sainsbury's Breaded Yorkshire Ham, Taste the Difference 120g", '£2.75', '£2.29 / 100g'), ('sains', 'https://www.sainsburys.co.uk/shop/gb/groceries/product/details/ham/sainsburys-breaded-yorkshire-ham--taste-the-difference-120g-7732081-p-44', "Sainsbury's Breaded Yorkshire Ham, Taste the Difference 120g", '£2.75', '£2.29 / 100g'), ('sains', 'https://www.sainsburys.co.uk/shop/gb/groceries/product/details/sunday-lunch/sainsburys-brioche-bread---butter-pud--taste-the-difference-535g', "Sainsbury's Brioche Bread & Butter Pudding Dessert, Taste the Difference 535g", '£4.00', '75p / 100g'), ('sains', 'https://www.sainsburys.co.uk/shop/gb/groceries/product/details/top-rated-44/sainsburys-brioche-bread---butter-pud--taste-the-difference-535g', "Sainsbury's Brioche Bread & Butter Pudding Dessert, Taste the Difference 535g", '£4.00', '75p / 100g'), ('sains', 'https://www.sainsburys.co.uk/shop/gb/groceries/product/details/all-mothers-day/sainsburys-brioche-bread---butter-pud--taste-the-difference-535g', "Sainsbury's Brioche Bread & Butter Pudding Dessert, Taste the Difference 535g", '£4.00', '75p / 100g'), ('sains', 'https://www.sainsburys.co.uk/shop/gb/groceries/product/details/special-offers-/sainsburys-brioche-bread---butter-pud--taste-the-difference-535g', "Sainsbury's Brioche Bread & Butter Pudding Dessert, Taste the Difference 535g", '£4.00', '75p / 100g'), ('sains', 'https://www.sainsburys.co.uk/shop/gb/groceries/product/details/meat-fish-bigger-packs/sainsburys-breaded-ham-family-size-375g', "Sainsbury's British Breaded Carvery Ham 375g, x12 Slices", '£3.50', '93p / 100g'), ('sains', 'https://www.sainsburys.co.uk/shop/gb/groceries/product/details/dairy-and-chilled-essentials/sainsburys-british-breaded-ham-120g', "Sainsbury's British Breaded Ham 120g x7, Slices", '£1.75', '£1.46 / 100g'), ('sains', 'https://www.sainsburys.co.uk/shop/gb/groceries/product/details/first-shop-essentials/sainsburys-breaded-ham-240g', "Sainsbury's British Breaded Ham 240g, x14 Slices", '£2.25', '94p / 100g'), ('sains', 'https://www.sainsburys.co.uk/shop/gb/groceries/product/details/all-ham--deli-meats---dips/sainsburys-breaded-ham-240g', "Sainsbury's British Breaded Ham 240g, x14 Slices", '£2.25', '94p / 100g'), ('sains', 'https://www.sainsburys.co.uk/shop/gb/groceries/product/details/meatandfish-essentials/sainsburys-breaded-ham-240g', "Sainsbury's British Breaded Ham 240g, x14 Slices", '£2.25', '94p / 100g'), ('sains', 'https://www.sainsburys.co.uk/shop/gb/groceries/product/details/ham/sainsburys-breaded-ham-240g', "Sainsbury's British Breaded Ham 240g, x14 Slices", '£2.25', '94p / 100g'), ('sains', 'https://www.sainsburys.co.uk/shop/gb/groceries/product/details/ham/sainsburys-british-breaded-ham--be-good-to-yourself-100g', "Sainsbury's British Breaded Ham, Be Good To Yourself 100g, x5 Slices", '£1.75', '£1.75 / 100g'), ('sains', 'https://www.sainsburys.co.uk/shop/gb/groceries/product/details/ham/sainsburys-breaded-thick-cut-ham-120g', "Sainsbury's British Breaded Thick Cut Ham 120g, x4 Slices", '£1.50', '£1.25 / 100g'), ('sains', 'https://www.sainsburys.co.uk/shop/gb/groceries/product/details/all-ham--deli-meats---dips/sainsburys-breaded-thick-cut-ham-120g', "Sainsbury's British Breaded Thick Cut Ham 120g, x4 Slices", '£1.50', '£1.25 / 100g'), ('sains', 'https://www.sainsburys.co.uk/shop/gb/groceries/product/details/meatandfish-essentials/sainsburys-breaded-wiltshire-cured-ham--taste-the-difference-120g', "Sainsbury's British Breaded Wiltshire Cured Ham, Taste the Difference 120g", '£2.00', '£1.67 / 100g'), ('sains', 'https://www.sainsburys.co.uk/shop/gb/groceries/product/details/cooked-meats-deli-and-dips-special-offers/sainsburys-breaded-wiltshire-cured-ham--taste-the-difference-120g', "Sainsbury's British Breaded Wiltshire Cured Ham, Taste the Difference 120g", '£2.00', '£1.67 / 100g'), ('sains', 'https://www.sainsburys.co.uk/shop/gb/groceries/product/details/pizza-pasta-garlic-bread-special-offers/sainsburys-cheese-garlic-flatbread-224g', "Sainsbury's Cheese & Garlic Flatbread 224g", '£1.20', '53p / 100g'), ('sains', 'https://www.sainsburys.co.uk/shop/gb/groceries/product/details/meals-for-tonight/sainsburys-cheese-garlic-flatbread-224g', "Sainsbury's Cheese & Garlic Flatbread 224g", '£1.20', '53p / 100g'), ('sains', 'https://www.sainsburys.co.uk/shop/gb/groceries/product/details/all-price-lock/sainsburys-ciabatta-bread-mix--taste-the-difference-500g', "Sainsbury's Ciabatta Bread Mix, Taste the Difference 500g", '£1.00', '£2.00 / kg'), ('sains', 'https://www.sainsburys.co.uk/shop/gb/groceries/product/details/all-fish-seafood/sainsburys-freefrom-breaded-cod-300g', "Sainsbury's Deliciously Free From Breaded Cod 300g", '£3.50', '£1.17 / 100g'), ('sains', 'https://www.sainsburys.co.uk/shop/gb/groceries/product/details/cod---white-fish/sainsburys-freefrom-breaded-cod-300g', "Sainsbury's Deliciously Free From Breaded Cod 300g", '£3.50', '£1.17 / 100g'), ('sains', 'https://www.sainsburys.co.uk/shop/gb/groceries/product/details/gluten-free-biscuits-and-chocolates/sainsburys-freefrom-gingerbread-man-32g', "Sainsbury's Deliciously Free From Gingerbread Man 32g", '£1.00', '£3.13 / 100g'), ('sains', 'https://www.sainsburys.co.uk/shop/gb/groceries/product/details/all-gluten-free-food-and-drink/sainsburys-freefrom-white-loaf-535g', "Sainsbury's Deliciously Free From Gluten Free White Bread 535g", '£1.80', '34p / 100g'), ('sains', 'https://www.sainsburys.co.uk/shop/gb/groceries/product/details/all-gluten-free-food-and-drink/sainsburys-freefrom-shortbread-200g', "Sainsbury's Deliciously Free From Shortbread 200g", '£1.50', '75p / 100g'), ('sains', 'https://www.sainsburys.co.uk/shop/gb/groceries/product/details/price-lock-bakery/sainsburys-farmhouse-loaf-white-bread-800g-6504660-p', "Sainsbury's Farmhouse Loaf White Bread 800g", '£1.10', '14p / 100g'), ('sains', 'https://www.sainsburys.co.uk/shop/gb/groceries/product/details/sustainable-seafood/sainsburys-formed-breaded-haddock-300g', "Sainsbury's Formed Breaded Haddock 300g", '£1.95', '£6.50 / kg'), ('sains', 'https://www.sainsburys.co.uk/shop/gb/groceries/product/details/pizza-pasta-garlic-bread-special-offers/sainsburys-garlic-flatbread-210g', "Sainsbury's Garlic Flatbread 210g", '£1.20', '57p / 100g'), ('sains', 'https://www.sainsburys.co.uk/shop/gb/groceries/product/details/all-ready-meals-/sainsburys-garlic-flatbread--taste-the-difference-195g', "Sainsbury's Garlic Flatbread, Taste the Difference 195g", '£2.25', '£1.15 / 100g'), ('sains', 'https://www.sainsburys.co.uk/shop/gb/groceries/product/details/price-lock-bakery/sainsburys-giraffe-bread-tiger-800g', "Sainsbury's Giraffe Bread (Tiger) 800g", '£1.10', '14p / 100g'), ('sains', 'https://www.sainsburys.co.uk/shop/gb/groceries/product/details/new-355373-44/sainsburys-home-gingerbread-silicone-cookie-cutter-x3-125365951-p', "Sainsbury's Home Gingerbread Silicone Cookie Cutter x3", '£4.50', '£4.50 / ea'), ('sains', 'https://www.sainsburys.co.uk/shop/gb/groceries/product/details/special-offers-/sainsburys-kalamata-olive-bread-taste-the-difference-400g-6767562-p', "Sainsbury's Kalamata Olive Bread Taste the Difference 400g", '£1.70', '43p / 100g'), ('sains', 'https://www.sainsburys.co.uk/shop/gb/groceries/product/details/price-lock-bakery/sainsburys-mini-gingerbread-men-x30', "Sainsbury's Mini Gingerbread Men x30", '£1.50', '5p / ea'), ('sains', 'https://www.sainsburys.co.uk/shop/gb/groceries/product/details/all-chicken-44/sainsburys-plain-breaded-british-chicken-pop-selection-300g', "Sainsbury's Plain Breaded British Chicken Pop Selection 300g", '£2.75', '£9.17 / kg'), ('sains', 'https://www.sainsburys.co.uk/shop/gb/groceries/product/details/all-price-lock/sainsburys-sandwich-loaf-white-bread-800g-6539298-p', "Sainsbury's Sandwich Loaf White Bread 800g", '£1.10', '14p / 100g'), ('sains', 'https://www.sainsburys.co.uk/shop/gb/groceries/product/details/all-fish-seafood/sainsburys-smoked-haddock-with-cheese---chive-400g', "Sainsbury's Smoked Haddock Fillets with Cheese & Breadcrumb Topping x2 400g", '£3.75', '£9.87 / kg'), ('sains', 'https://www.sainsburys.co.uk/shop/gb/groceries/product/details/special-offers-/sainsburys-multi-seeded-wholemeal-bread--taste-the-difference-800g', "Sainsbury's Soft Multiseed Farmhouse Thick Sliced Wholemeal Bread, Taste the Difference 800g", '£1.10', '14p / 100g'), ('sains', 'https://www.sainsburys.co.uk/shop/gb/groceries/product/details/breakfastbrunch/sainsburys-sourdough-bread--taste-the-difference-400g', "Sainsbury's Sourdough Medium Sliced White Bread, Taste the Difference 400g", '£1.50', '38p / 100g'), ('sains', 'https://www.sainsburys.co.uk/shop/gb/groceries/product/details/special-offers-/sainsburys-sourdough-bread--taste-the-difference-400g', "Sainsbury's Sourdough Medium Sliced White Bread, Taste the Difference 400g", '£1.50', '38p / 100g'), ('sains', 'https://www.sainsburys.co.uk/shop/gb/groceries/product/details/breakfast-in-bed/sainsburys-sourdough-bread--taste-the-difference-400g', "Sainsbury's Sourdough Medium Sliced White Bread, Taste the Difference 400g", '£1.50', '38p / 100g'), ('sains', 'https://www.sainsburys.co.uk/shop/gb/groceries/product/details/all-chicken-44/sainsburys-southern-fried-breast-fillet-320g', "Sainsbury's Southern Fried Breaded Chicken Breast Fillets x2 315g", '£3.00', '£9.52 / kg'), ('sains', 'https://www.sainsburys.co.uk/shop/gb/groceries/product/details/meatandfish-essentials/sainsburys-southern-fried-breast-fillet-320g', "Sainsbury's Southern Fried Breaded Chicken Breast Fillets x2 315g", '£3.00', '£9.52 / kg'), ('sains', 'https://www.sainsburys.co.uk/shop/gb/groceries/product/details/all-chicken-44/sainsburys-southern-fried-breaded-goujons-350g', "Sainsbury's Southern Fried Breaded Chicken Goujons 325g", '£2.05', '£6.31 / kg'), ('sains', 'https://www.sainsburys.co.uk/shop/gb/groceries/product/details/price-lock-bakery/sainsburys-split-tin-white-bread-800g-6539339-p', "Sainsbury's Split Tin White Bread 800g", '£1.10', '14p / 100g'), ('sains', 'https://www.sainsburys.co.uk/shop/gb/groceries/product/details/all-easter-/sainsburys-strong-white-bread-flour--unbleached-15kg', "Sainsbury's Strong White Unbleached Bread Flour 1.5kg", '£1.05', '70p / kg'), ('sains', 'https://www.sainsburys.co.uk/shop/gb/groceries/product/details/easter-special-offers/sainsburys-strong-white-bread-flour--unbleached-15kg', "Sainsbury's Strong White Unbleached Bread Flour 1.5kg", '£1.05', '70p / kg'), ('sains', 'https://www.sainsburys.co.uk/shop/gb/groceries/product/details/first-shop-essentials/sainsburys-strong-white-bread-flour--unbleached-15kg', "Sainsbury's Strong White Unbleached Bread Flour 1.5kg", '£1.05', '70p / kg'), ('sains', 'https://www.sainsburys.co.uk/shop/gb/groceries/product/details/all-fish-seafood/sainsburys-sweet-chilli-breaded-prawns-180g', "Sainsbury's Sweet Chilli Breaded Prawns 180g", '£2.75', '£1.53 / 100g'), ('sains', 'https://www.sainsburys.co.uk/shop/gb/groceries/product/details/all-price-lock/sainsburys-thick-sliced-wholemeal-bread-800g', "Sainsbury's Thick Sliced Wholemeal Bread 800g", '55p', '7p / 100g'), ('sains', 'https://www.sainsburys.co.uk/shop/gb/groceries/product/details/vegan-food/sainsburys-toastie-sliced-white-bread-400g', "Sainsbury's Toastie Sliced White Bread 400g", '50p', '13p / 100g'), ('sains', 'https://www.sainsburys.co.uk/shop/gb/groceries/product/details/vegan-food/sainsburys-toastie-extra-thick-sliced-white-bread-800g', "Sainsbury's Toastie Thick Sliced White Bread 800g", '55p', '7p / 100g'), ('sains', 'https://www.sainsburys.co.uk/shop/gb/groceries/product/details/all-organic-/sainsburys-white-bread-so-organic-400g-7559875-p', "Sainsbury's White Bread SO Organic 400g", '95p', '24p / 100g'), ('tesco', 'https://www.tesco.com/groceries/en-GB/products/268890894', 'Schar Crisp Bread 150G', '£ 1.30', '£0.87/100g'), ('asda', 'https://groceries.asda.com/product/1000051700154', 'Schar Gluten Free Fibre Crispbread', '£1.50', 'No weight data'), ('sains', 'https://www.sainsburys.co.uk/shop/gb/groceries/product/details/vegetarian-food/ds-breadsticks--gluten-free-150g', 'Schar Gluten Free Grissini Breadsticks 3x50g', '£2.50', '£1.67 / 100g'), ('asda', 'https://groceries.asda.com/product/1000240388819', 'Schar Gluten Free Super White Sandwich Bread', '£2.00', 'No weight data'), ('asda', 'https://groceries.asda.com/product/1548932', 'Scheider Bro Organic Rye Bread With Sunflower Seeds', '£1.58', 'No weight data'), ('asda', 'https://groceries.asda.com/product/910003058887', 'Schneider Brot Protein Bread', '£1.56', '(62.4p/100g)'), ('asda', 'https://groceries.asda.com/product/1000121694555', 'Schneider Brot Rye Bread', '£1.30', '(26.0p/100g)'), ('asda', 'https://groceries.asda.com/product/39588', 'Schwartz Luxury Bread Sauce Mix', '£0.85', '(£2.12/100g)'), ('aldi', 'https://www.aldi.co.uk/sesame-crispbread/p/705396401384000', 'Sesame Crispbread', '0.59', '23.6p per 100g'), ('asda', 'https://groceries.asda.com/product/19567', "Sharwood's 2 Flame Baked Plain Naan Bread", '£1.00', '(38.5p/100g)'), ('tesco', 'https://www.tesco.com/groceries/en-GB/products/308482988', 'Simplycook Lamb Kofta Flatbread Recipe Kit 65G', '£ 2.50', '£3.85/100g'), ('aldi', 'https://www.aldi.co.uk/soft-white-thick-bread/p/701827332875700', 'Soft White Thick Bread', '1.10', '13.8p per 100g'), ('aldi', 'https://www.aldi.co.uk/stonebaked-flatbread-chicken-%26-mango/p/705761383096600', 'Stonebaked Flatbread Chicken & Mango', '1.75', '44.9p per 100g'), ('tesco', 'https://www.tesco.com/groceries/en-GB/products/286242984', 'T.Sunblush Tomato Tomato & Garlic Flatbread 235G', '£ 1.60', '£0.68/100g'), ('asda', 'https://groceries.asda.com/product/1000078311469', 'Tassimo 8 Costa Gingerbread Latte Coffee Pods', '£3.99', '(£1.47/100g)'), ('tesco', 'https://www.tesco.com/groceries/en-GB/products/308110957', 'Tesco 10 Mini Easter Gingerbread Men', '£ 1.00', '£0.10/each'), ('tesco', 'https://www.tesco.com/groceries/en-GB/products/281260313', 'Tesco 2 Breaded Chicken Breast Fillets 350', '£ 3.00', '£8.58/kg'), ('tesco', 'https://www.tesco.com/groceries/en-GB/products/271523387', 'Tesco 2 Breaded Chunky Cod Fillets 350G', '£ 3.50', '£10.00/kg'), ('tesco', 'https://www.tesco.com/groceries/en-GB/products/271529162', 'Tesco 2 Breaded Chunky Haddock Fillets 350G', '£ 3.50', '£10.00/kg'), ('tesco', 'https://www.tesco.com/groceries/en-GB/products/304381123', 'Tesco 2 Breaded Cod Fillets 300G', '£ 2.75', '£9.17/kg'), ('tesco', 'https://www.tesco.com/groceries/en-GB/products/259208151', 'Tesco 2 Pack Bread & Butter Pudding 2 X 120G', '£ 2.00', '£0.83/100g'), ('tesco', 'https://www.tesco.com/groceries/en-GB/products/304377590', 'Tesco 2 Pack Breaded Garlic Chicken Kievs 260G', '£ 2.00', '£7.70/kg'), ('tesco', 'https://www.tesco.com/groceries/en-GB/products/303315815', 'Tesco 2 Plain Naan Breads', '£ 0.75', '£0.38/each'), ('tesco', 'https://www.tesco.com/groceries/en-GB/products/281260768', 'Tesco 2 Southern Fried Breaded Chicken Fillets 300G', '£ 3.00', '£10.00/kg'), ('tesco', 'https://www.tesco.com/groceries/en-GB/products/271023178', 'Tesco 30 Breaded Chicken Breast Nuggets 450G', '£ 1.50', '£3.34/kg'), ('tesco', 'https://www.tesco.com/groceries/en-GB/products/286932070', 'Tesco 30 Mini Gingerbread 330G', '£ 1.80', '£0.55/100g'), ('tesco', 'https://www.tesco.com/groceries/en-GB/products/274730488', 'Tesco 30 Mini Gingerbread Men 270G', '£ 1.80', '£0.67/100g'), ('tesco', 'https://www.tesco.com/groceries/en-GB/products/297683100', 'Tesco 4 Breaded Chicken Steaks 380G', '£ 1.65', '£4.35/kg'), ('tesco', 'https://www.tesco.com/groceries/en-GB/products/264567506', 'Tesco 4 Breaded Chicken Steaks 505G', '£ 2.50', '£4.96/kg'), ('tesco', 'https://www.tesco.com/groceries/en-GB/products/258609605', 'Tesco 4 Breaded Chunky Prime Cod Fillets 500G', '£ 3.60', '£7.20/kg'), ('tesco', 'https://www.tesco.com/groceries/en-GB/products/266195171', 'Tesco 4 Breaded Cod Fillets 500G', '£ 3.00', '£6.00/kg'), ('tesco', 'https://www.tesco.com/groceries/en-GB/products/290017687', 'Tesco 4 Breaded Cod Fishcakes 340G', '£ 2.00', '£5.89/kg'), ('tesco', 'https://www.tesco.com/groceries/en-GB/products/305731289', 'Tesco 4 Breaded Plaice Fillets 500G', '£ 4.00', '£8.00/kg'), ('tesco', 'https://www.tesco.com/groceries/en-GB/products/293535996', 'Tesco 4 Cheese & Bacon Breaded Chicken Kievs 500G', '£ 2.50', '£0.50/100g'), ('tesco', 'https://www.tesco.com/groceries/en-GB/products/264322746', 'Tesco 4 Garlic Butter Breaded Chicken Kievs 500G', '£ 2.50', '£5.00/kg'), ('tesco', 'https://www.tesco.com/groceries/en-GB/products/264567593', 'Tesco 4 Southern Fried Breaded Chicken Steaks 505G', '£ 2.50', '£4.96/kg'), ('tesco', 'https://www.tesco.com/groceries/en-GB/products/305527187', 'Tesco 5 Decorate Your Own Gingerbread Easter Egg Kit', '£ 1.80', '£0.36/each'), ('tesco', 'https://www.tesco.com/groceries/en-GB/products/274684882', 'Tesco 5 Gingerbread Men Kit 174G', '£ 1.80', '£0.36/each'), ('tesco', 'https://www.tesco.com/groceries/en-GB/products/291376265', 'Tesco 6 Multiseed Folded Flatbreads', '£ 0.79', '£0.13/each'), ('tesco', 'https://www.tesco.com/groceries/en-GB/products/272651665', 'Tesco 6 Pack Mini Breadsticks 120G', '£ 1.30', '£1.09/100g'), ('tesco', 'https://www.tesco.com/groceries/en-GB/products/254945564', 'Tesco 6 White Pitta Bread', '£ 0.45', '£0.08/each'), ('tesco', 'https://www.tesco.com/groceries/en-GB/products/254945610', 'Tesco 6 Wholemeal Pitta Bread', '£ 0.45', '£0.08/each'), ('tesco', 'https://www.tesco.com/groceries/en-GB/products/289806238', 'Tesco 72 Breaded Chicken Nuggets 1Kg', '£ 3.15', '£3.15/kg'), ('tesco', 'https://www.tesco.com/groceries/en-GB/products/307353826', 'Tesco All Butter Chocolate Chip Shortbread 180G', '£ 1.00', '£0.56/100g'), ('tesco', 'https://www.tesco.com/groceries/en-GB/products/307342027', 'Tesco All Butter Shortbread Fingers 250G', '£ 0.69', '£0.28/100g'), ('tesco', 'https://www.tesco.com/groceries/en-GB/products/303629513', 'Tesco Both Together Bread 800G', '£ 0.59', '£0.07/100g'), ('tesco', 'https://www.tesco.com/groceries/en-GB/products/254482788', 'Tesco Bread & Butter Pudding 500G', '£ 2.80', '£0.56/100g'), ('tesco', 'https://www.tesco.com/groceries/en-GB/products/279935929', 'Tesco Breaded Chicken Goujons 270G', '£ 2.00', '£7.41/kg'), ('tesco', 'https://www.tesco.com/groceries/en-GB/products/285091909', 'Tesco Breaded Chicken Goujons 540G', '£ 3.75', '£6.95/kg'), ('tesco', 'https://www.tesco.com/groceries/en-GB/products/264566899', 'Tesco Breaded Chicken Mini Fillets 305G', '£ 2.50', '£8.20/kg'), ('tesco', 'https://www.tesco.com/groceries/en-GB/products/293507310', 'Tesco Breaded Chicken Strips 300G', '£ 2.00', '£0.67/100g'), ('tesco', 'https://www.tesco.com/groceries/en-GB/products/262083592', 'Tesco Breaded Mini Chicken Fillets 300G', '£ 2.00', '£6.67/kg'), ('tesco', 'https://www.tesco.com/groceries/en-GB/products/257218318', 'Tesco Breaded Onion Rings 750G', '£ 1.25', '£1.67/kg'), ('tesco', 'https://www.tesco.com/groceries/en-GB/products/299054069', 'Tesco Breaded Wholetail Scampi 200G', '£ 3.00', '£15.00/kg'), ('tesco', 'https://www.tesco.com/groceries/en-GB/products/286265277', 'Tesco Cheese & Garlic Flatbread 230G', '£ 1.60', '£0.70/100g'), ('tesco', 'https://www.tesco.com/groceries/en-GB/products/299557298', 'Tesco Cheese & Garlic Pizza Bread 210G', '£ 1.00', '£4.77/kg'), ('tesco', 'https://www.tesco.com/groceries/en-GB/products/252109642', 'Tesco Cheese & Tomato Flatbread 225G', '£ 1.25', '£0.56/100g'), ('tesco', 'https://www.tesco.com/groceries/en-GB/products/285498135', 'Tesco Corn Bread', '£ 1.60', '£1.60/each'), ('tesco', 'https://www.tesco.com/groceries/en-GB/products/305834981', 'Tesco Finest 4 Millionaire Shortbread Slices', '£ 2.25', '£2.25/each'), ('tesco', 'https://www.tesco.com/groceries/en-GB/products/299936610', 'Tesco Finest Basil Pesto & Tomato Flatbread 245G', '£ 2.45', '£1.00/100g'), ('tesco', 'https://www.tesco.com/groceries/en-GB/products/286266161', 'Tesco Finest Cheddar Red Onion Mini Flatbreads 295G', '£ 2.45', '£0.83/100g'), ('tesco', 'https://www.tesco.com/groceries/en-GB/products/307137419', 'Tesco Finest Free From Seeded Bread 400G', '£ 2.50', '£0.62/100g'), ('tesco', 'https://www.tesco.com/groceries/en-GB/products/307152724', 'Tesco Finest Free From Tiger Bread 400G', '£ 2.50', '£0.62/100g'), ('tesco', 'https://www.tesco.com/groceries/en-GB/products/306818969', 'Tesco Finest Fruited Sourdough Bread 400G', '£ 1.60', '£0.40/100g'), ('tesco', 'https://www.tesco.com/groceries/en-GB/products/304797553', 'Tesco Finest Garlic & Extra Virgin Olive Oil Flatbread 200G', '£ 2.45', '£1.23/100g'), ('tesco', 'https://www.tesco.com/groceries/en-GB/products/306824605', 'Tesco Finest Gingerbread Latte Cream Liqueur 70Cl', '£ 10.00', '£14.29/litre'), ('tesco', 'https://www.tesco.com/groceries/en-GB/products/256089410', 'Tesco Finest Scottish Shortbread Fingers 165G', '£ 1.35', '£0.82/100g'), ('tesco', 'https://www.tesco.com/groceries/en-GB/products/257911663', 'Tesco Finest Shortbread Assortment 400G', '£ 3.00', '£0.75/100g'), ('tesco', 'https://www.tesco.com/groceries/en-GB/products/305836218', 'Tesco Finest Wholemeal Seeds And Grains Bread 400G', '£ 0.79', '£0.20/100g'), ('tesco', 'https://www.tesco.com/groceries/en-GB/products/305737088', 'Tesco Finest Wholemeal Seeds And Grains Bread 800G', '£ 1.10', '£0.14/100g'), ('tesco', 'https://www.tesco.com/groceries/en-GB/products/291376220', 'Tesco Folded Flatbreads Plain 6 Pack', '£ 0.79', '£0.13/each'), ('tesco', 'https://www.tesco.com/groceries/en-GB/products/281865600', 'Tesco Free From 4 Breaded Chicken Steaks 380G', '£ 3.75', '£9.87/kg'), ('tesco', 'https://www.tesco.com/groceries/en-GB/products/298864892', 'Tesco Free From Breaded Chicken Goujons 270G', '£ 2.00', '£7.41/kg'), ('tesco', 'https://www.tesco.com/groceries/en-GB/products/299587383', 'Tesco Free From Breaded Chicken Goujons 300G', '£ 2.50', '£8.34/kg'), ('tesco', 'https://www.tesco.com/groceries/en-GB/products/281509384', 'Tesco Free From Brown Bread 550G', '£ 1.80', '£0.33/100g'), ('tesco', 'https://www.tesco.com/groceries/en-GB/products/304392571', 'Tesco Free From Gingerbread Men 154G', '£ 1.50', '£0.97/100g'), ('tesco', 'https://www.tesco.com/groceries/en-GB/products/304378272', 'Tesco Free From Shortbread 160G', '£ 1.50', '£0.94/100g'), ('tesco', 'https://www.tesco.com/groceries/en-GB/products/276605133', 'Tesco Free From Sliced White Bread 550G', '£ 1.80', '£0.33/100g'), ('tesco', 'https://www.tesco.com/groceries/en-GB/products/286264762', 'Tesco Garlic & & Rosemary Flatbread 220G', '£ 1.60', '£0.73/100g'), ('tesco', 'https://www.tesco.com/groceries/en-GB/products/252109688', 'Tesco Garlic & Parsley Flatbread 210G', '£ 1.25', '£0.60/100g'), ('tesco', 'https://www.tesco.com/groceries/en-GB/products/293723399', 'Tesco Garlic Breaded Mushrooms 400G', '£ 1.25', '£3.13/kg'), ('tesco', 'https://www.tesco.com/groceries/en-GB/products/288610223', 'Tesco Garlic Flatbread 255G', '£ 2.00', '£0.78/100g'), ('tesco', 'https://www.tesco.com/groceries/en-GB/products/289573832', 'Tesco Gingerbread Mix 225G', '£ 1.00', '£0.44/100g'), ('tesco', 'https://www.tesco.com/groceries/en-GB/products/278834077', 'Tesco Golden Breadcrumbs 175G', '£ 0.80', '£4.58/kg'), ('tesco', 'https://www.tesco.com/groceries/en-GB/products/267285351', 'Tesco Hot & Spicy Breaded Chicken Mini Fillets 305G', '£ 2.50', '£8.20/kg'), ('tesco', 'https://www.tesco.com/groceries/en-GB/products/256236588', 'Tesco Indian Naan Breads 320G', '£ 1.00', '£0.31/100g'), ('tesco', 'https://www.tesco.com/groceries/en-GB/products/291376334', 'Tesco Malted Grain & Rye Folded Flatbread 6 Pack', '£ 0.79', '£0.13/each'), ('tesco', 'https://www.tesco.com/groceries/en-GB/products/285024271', 'Tesco Multiseed Bread Mix 500G', '£ 0.85', '£1.70/kg'), ('tesco', 'https://www.tesco.com/groceries/en-GB/products/258083897', 'Tesco Original Breadsticks 125G', '£ 0.84', '£0.67/100g'), ('tesco', 'https://www.tesco.com/groceries/en-GB/products/251697723', 'Tesco Original Mini Breadsticks 100G', '£ 1.00', '£1.00/100g'), ('tesco', 'https://www.tesco.com/groceries/en-GB/products/294706637', 'Tesco Original Rye Crisp Bread 250G', '£ 0.69', '£0.28/100g'), ('tesco', 'https://www.tesco.com/groceries/en-GB/products/268582625', 'Tesco Panko Breadcrumbs 150G', '£ 1.60', '£10.67/kg'), ('tesco', 'https://www.tesco.com/groceries/en-GB/products/278104918', 'Tesco Peshwari Naan Breads 2 Pack 260G', '£ 0.95', '£0.37/100g'), ('tesco', 'https://www.tesco.com/groceries/en-GB/products/304784469', 'Tesco Plant Chef Breaded Goujons 190G', '£ 1.50', '£7.90/kg'), ('tesco', 'https://www.tesco.com/groceries/en-GB/products/306493425', 'Tesco Plant Chef Breaded Meat Free Nuggets 180G', '£ 1.50', '£8.34/kg'), ('tesco', 'https://www.tesco.com/groceries/en-GB/products/305727843', 'Tesco Plant Chef Breaded Nuggets 320G', '£ 1.75', '£0.55/100g'), ('tesco', 'https://www.tesco.com/groceries/en-GB/products/308079929', 'Tesco Seasonal Gingerbread Biscuit', '£ 0.60', '£0.60/each'), ('tesco', 'https://www.tesco.com/groceries/en-GB/products/265940149', 'Tesco Sesame Breadsticks 125G', '£ 0.84', '£0.67/100g'), ('tesco', 'https://www.tesco.com/groceries/en-GB/products/294706650', 'Tesco Sesame Rye Crisp Bread 250G', '£ 0.69', '£0.28/100g'), ('tesco', 'https://www.tesco.com/groceries/en-GB/products/293574661', 'Tesco Shortbread Petticoat Tails 450G', '£ 2.00', '£0.44/100g'), ('tesco', 'https://www.tesco.com/groceries/en-GB/products/264566997', 'Tesco Southern Fried Breaded Chicken Mini Fillets 305G', '£ 2.50', '£8.20/kg'), ('tesco', 'https://www.tesco.com/groceries/en-GB/products/254917926', 'Tesco Strong Stone Ground 100% Wholemeal Bread Flour 1.5Kg', '£ 1.20', '£0.80/kg'), ('tesco', 'https://www.tesco.com/groceries/en-GB/products/299425748', 'Tesco Toastie White Bread Thick 800G', '£ 0.59', '£0.07/100g'), ('tesco', 'https://www.tesco.com/groceries/en-GB/products/299425760', 'Tesco Toastie Wholemeal Thick Bread 800G', '£ 0.59', '£0.07/100g'), ('tesco', 'https://www.tesco.com/groceries/en-GB/products/289597812', 'Tesco Very Strong Canadian Bread Flour 1Kg', '£ 1.35', '£1.35/kg'), ('tesco', 'https://www.tesco.com/groceries/en-GB/products/299389116', 'Tesco White Bread 800G', '£ 0.59', '£0.07/100g'), ('tesco', 'https://www.tesco.com/groceries/en-GB/products/301063378', 'Tesco White Breadcrumbs 175G', '£ 0.80', '£0.46/100g'), ('tesco', 'https://www.tesco.com/groceries/en-GB/products/299425783', 'Tesco Wholemeal Medium Bread 800G', '£ 0.59', '£0.07/100g'), ('tesco', 'https://www.tesco.com/groceries/en-GB/products/270953414', 'Tesco Wholetail Breaded Scampi 280G', '£ 3.00', '£10.72/kg'), ('tesco', 'https://www.tesco.com/groceries/en-GB/products/302744625', 'The Artisan Bread Co Garlic & Basil Sticks 100G', '£ 1.60', '£1.60/100g'), ('tesco', 'https://www.tesco.com/groceries/en-GB/products/302744055', 'The Artisan Bread Co Garlic & Chilli Flatbread 75G', '£ 1.60', '£2.14/100g'), ('tesco', 'https://www.tesco.com/groceries/en-GB/products/302743880', 'The Artisan Bread Company Classic Breadsticks 150G', '£ 1.60', '£1.07/100g'), ('tesco', 'https://www.tesco.com/groceries/en-GB/products/302744019', 'The Artisan Bread Company Rosemary Breadsticks 150G', '£ 1.60', '£1.07/100g'), ('tesco', 'https://www.tesco.com/groceries/en-GB/products/302744032', 'The Artisan Bread Company Sesame Breadsticks 150G', '£ 1.60', '£1.07/100g'), ('tesco', 'https://www.tesco.com/groceries/en-GB/products/300954309', 'The Artisan Bread Company Wheat Toast 125G', '£ 1.60', '£1.28/100g'), ('tesco', 'https://www.tesco.com/groceries/en-GB/products/304408969', 'The Pizza Company Deep Filled Garlic Bread 2 Pack 230G', '£ 3.00', '£1.31/100g'), ('asda', 'https://groceries.asda.com/product/63007060', 'The Polish Bakery Brown Bread - Chleb Wiejski', '£1.10', '(13.8p/100g)'), ('tesco', 'https://www.tesco.com/groceries/en-GB/products/267662020', 'The Polish Bakery Brown Bread 400G', '£ 0.75', '£0.19/100g'), ('asda', 'https://groceries.asda.com/product/910000474814', 'The Polish Bakery Dark Rye Bread with Inolin - Chleb Razowy z Inuliną', '£1.10', '(27.5p/100g)'), ('asda', 'https://groceries.asda.com/product/63007064', "The Polish Bakery Granny's Bread - Chleb Babuni", '£1.10', '(27.5p/100g)'), ('tesco', 'https://www.tesco.com/groceries/en-GB/products/267661977', "The Polish Bakery Granny's Sesame Seed Bread 400G", '£ 1.10', '£0.28/100g'), ('tesco', 'https://www.tesco.com/groceries/en-GB/products/265412971', 'The Polish Bakery Half Wheat Half Rye Bread 400G', '£ 0.70', '£0.18/100g'), ('tesco', 'https://www.tesco.com/groceries/en-GB/products/265412994', 'The Polish Bakery Half Wheat Half Rye Bread 900G', '£ 1.20', '£0.13/100g'), ('asda', 'https://groceries.asda.com/product/63007058', 'The Polish Bakery Half-Wheat Half-Rye Sourdough Bread', '£1.00', '(12.5p/100g)'), ('asda', 'https://groceries.asda.com/product/910001185467', 'The Polish Bakery Highlander Premium Bread', '£1.35', '(16.9p/100g)'), ('asda', 'https://groceries.asda.com/product/63007061', 'The Polish Bakery Polish Bread Half-Wheat Half-Rye Sourdough', '£0.70', '(17.5p/100g)'), ('asda', 'https://groceries.asda.com/product/1000000469720', 'The Polish Bakery Premium Bread - Chleb Slonecznikowy', '£1.20', '(15.0p/100g)'), ('tesco', 'https://www.tesco.com/groceries/en-GB/products/296844907', 'The Polish Bakery Pumpkin Bread 500G', '£ 1.85', '£0.37/100g'), ('tesco', 'https://www.tesco.com/groceries/en-GB/products/267662008', 'The Polish Bakery Sunflower Seed Bread 400G', '£ 0.75', '£0.19/100g'), ('asda', 'https://groceries.asda.com/product/910001185404', 'The Polish Bakery Sunflower Seeded Bread - Chleb Slonecznikowy', '£1.70', '(21.2p/100g)'), ('aldi', 'https://www.aldi.co.uk/thins-multi-seed-flatbread/p/064611260939602', 'Thins Multi-seed Flatbread', '0.99', '79.2p per 100g'), ('tesco', 'https://www.tesco.com/groceries/en-GB/products/272960719', 'Three Cheese Bread', '£ 1.60', '£1.60/each'), ('aldi', 'https://www.aldi.co.uk/toastie-thick-soft-white-bread/p/047096003773200', 'Toastie Thick Soft White Bread', '1.10', '13.8p per 100g'), ('tesco', 'https://www.tesco.com/groceries/en-GB/products/307135618', 'Trek Power Millionaire Shortbread Bar 55G', '£ 1.75', '£3.19/100g'), ('aldi', 'https://www.aldi.co.uk/village-bakery-wholemeal-pitta-bread/p/066192386427601', 'Village Bakery Wholemeal Pitta Bread', '0.35', '5.8p each'), ('sains', 'https://www.sainsburys.co.uk/shop/gb/groceries/product/details/gluten-free-biscuits-and-chocolates/walkers-gluten-free-pure-butter-shortbread-140g', 'Walkers Gluten Free Pure Butter Shortbread 140g', '£2.50', '£1.79 / 100g'), ('asda', 'https://groceries.asda.com/product/910002788096', 'Warburtons Country White Bread', '£2.00', '(50.0p/100g)'), ('tesco', 'https://www.tesco.com/groceries/en-GB/products/300810619', 'Warburtons Country White Bread 400G', '£ 2.00', '£0.50/100g'), ('tesco', 'https://www.tesco.com/groceries/en-GB/products/255727936', 'Warburtons Danish Sliced White Bread 400G', '£ 0.95', '£0.24/100g'), ('asda', 'https://groceries.asda.com/product/34545', 'Warburtons Farmhouse Soft White Bread', '£1.20', '(15.0p/100g)'), ('asda', 'https://groceries.asda.com/product/2046278', 'Warburtons Farmhouse Soft White Bread', '£1.10', '(27.5p/100g)'), ('tesco', 'https://www.tesco.com/groceries/en-GB/products/250168194', 'Warburtons Farmhouse White Bread 800G', '£ 1.20', '£0.15/100g'), ('tesco', 'https://www.tesco.com/groceries/en-GB/products/304371279', 'Warburtons Half And Half Medium Bread 800G', '£ 1.05', '£0.13/100g'), ('tesco', 'https://www.tesco.com/groceries/en-GB/products/300810591', 'Warburtons Malted Grain & Seeds Bread 400G', '£ 1.50', '£0.38/100g'), ('asda', 'https://groceries.asda.com/product/34541', 'Warburtons Medium Sliced White Bread', '£0.95', '(23.8p/100g)'), ('tesco', 'https://www.tesco.com/groceries/en-GB/products/254942331', 'Warburtons Medium Sliced White Bread 400G', '£ 0.90', '£0.22/100g'), ('tesco', 'https://www.tesco.com/groceries/en-GB/products/254942325', 'Warburtons Medium Sliced White Bread 800G', '£ 1.10', '£0.14/100g'), ('sains', 'https://www.sainsburys.co.uk/shop/gb/groceries/product/details/aldi-price-match/warburtons-white-bread--medium-sliced-800g', 'Warburtons Medium Sliced White Bread 800g', '£1.10', '14p / 100g'), ('asda', 'https://groceries.asda.com/product/34540', 'Warburtons Medium Sliced Wholemeal Bread', '£0.85', '(21.2p/100g)'), ('asda', 'https://groceries.asda.com/product/34538', 'Warburtons Medium Sliced Wholemeal Bread', '£1.10', '(13.8p/100g)'), ('sains', 'https://www.sainsburys.co.uk/shop/gb/groceries/product/details/top-rated-44/warburtons-wholemeal-bread--medium-sliced-400g', 'Warburtons Medium Sliced Wholemeal Bread 400g', '85p', '21p / 100g'), ('asda', 'https://groceries.asda.com/product/34536', 'Warburtons Medium White Bread', '£1.10', '(13.8p/100g)'), ('tesco', 'https://www.tesco.com/groceries/en-GB/products/254942734', 'Warburtons Milk Roll Sliced White Bread 400G', '£ 0.90', '£0.22/100g'), ('sains', 'https://www.sainsburys.co.uk/shop/gb/groceries/product/details/top-rated-44/warburtons-blackpool-milk-roll-400g', 'Warburtons Milk Roll Soft Medium Sliced White Bread 400g', '£1.00', '25p / 100g'), ('tesco', 'https://www.tesco.com/groceries/en-GB/products/300810631', 'Warburtons Multi Grain & Seed Bread 400G', '£ 2.00', '£0.50/100g'), ('asda', 'https://groceries.asda.com/product/910002787978', 'Warburtons Multigrain & Seed Bread', '£2.00', '(50.0p/100g)'), ('tesco', 'https://www.tesco.com/groceries/en-GB/products/300810579', 'Warburtons Old English White Bread 400G', '£ 1.50', '£0.38/100g'), ('asda', 'https://groceries.asda.com/product/34548', 'Warburtons Seeded Batch Bread', '£0.95', '(23.8p/100g)'), ('asda', 'https://groceries.asda.com/product/1233409', 'Warburtons Seeded Batch Bread', '£1.25', '(15.6p/100g)'), ('tesco', 'https://www.tesco.com/groceries/en-GB/products/251738895', 'Warburtons Seeded Batch Bread 400G', '£ 0.90', '£0.22/100g'), ('tesco', 'https://www.tesco.com/groceries/en-GB/products/257269645', 'Warburtons Seeded Batch Bread 800G', '£ 1.40', '£0.18/100g'), ('tesco', 'https://www.tesco.com/groceries/en-GB/products/268104801', 'Warburtons Sliced Tiger Bread 600G', '£ 1.35', '£0.22/100g'), ('asda', 'https://groceries.asda.com/product/34543', 'Warburtons Thickest White Bread', '£1.10', '(13.8p/100g)'), ('tesco', 'https://www.tesco.com/groceries/en-GB/products/299608331', 'Warburtons Thoroughbread Lancashire 800G', '£ 1.40', '£0.18/100g'), ('tesco', 'https://www.tesco.com/groceries/en-GB/products/254942354', 'Warburtons Toastie Sliced White Bread 400G', '£ 0.85', '£0.21/100g'), ('tesco', 'https://www.tesco.com/groceries/en-GB/products/254942348', 'Warburtons Toastie Sliced White Bread 800G', '£ 1.10', '£0.14/100g'), ('asda', 'https://groceries.asda.com/product/34537', 'Warburtons Toastie Thick Sliced White Bread', '£1.10', '(13.8p/100g)'), ('sains', 'https://www.sainsburys.co.uk/shop/gb/groceries/product/details/aldi-price-match/warburtons-white-sliced-bread--toastie-800g', 'Warburtons Toastie Thick Sliced White Bread 800g', '£1.10', '14p / 100g'), ('asda', 'https://groceries.asda.com/product/34542', 'Warburtons Toastie White Thick Sliced Bread', '£0.85', '(21.2p/100g)'), ('asda', 'https://groceries.asda.com/product/34539', 'Warburtons White Danish Bread', '£0.95', '(23.8p/100g)'), ('tesco', 'https://www.tesco.com/groceries/en-GB/products/302088635', 'Warburtons White Farmhouse Bread 400G', '£ 1.00', '£0.25/100g'), ('tesco', 'https://www.tesco.com/groceries/en-GB/products/302385928', 'Warburtons White Gluten Free Bread Sourdough 400G', '£ 3.40', '£0.85/100g'), ('asda', 'https://groceries.asda.com/product/36473', 'Warburtons White Milk Roll Bread', '£0.95', '(23.8p/100g)'), ('tesco', 'https://www.tesco.com/groceries/en-GB/products/254944283', 'Warburtons Wholemeal Medium Bread 400G', '£ 0.85', '£0.21/100g'), ('tesco', 'https://www.tesco.com/groceries/en-GB/products/254944260', 'Warburtons Wholemeal Medium Bread 800G', '£ 1.05', '£0.13/100g'), ('asda', 'https://groceries.asda.com/product/36477', 'Weight Watchers Danish Malted Bread', '£1.05', '(26.2p/100g)'), ('tesco', 'https://www.tesco.com/groceries/en-GB/products/256641396', 'Weight Watchers Malted Danish Sliced Bread 400G', '£ 1.00', '£0.25/100g'), ('asda', 'https://groceries.asda.com/product/39577669', 'Weight Watchers Thick Wholemeal Bread', '£1.14', '(28.5p/100g)'), ('sains', 'https://www.sainsburys.co.uk/shop/gb/groceries/product/details/ready-to-cook-fish/whitby-breaded-calamari-rings-200g', 'Whitby Breaded Calamari Rings 200g', '£3.00', '£15.00 / kg'), ('tesco', 'https://www.tesco.com/groceries/en-GB/products/303630499', 'Whitby Seafoods Breaded Scampi Bites 190G', '£ 1.00', '£5.27/kg'), ('asda', 'https://groceries.asda.com/product/1000132866206', 'Whitby Seafoods Lemon & Pepper Breaded Fish Goujons', '£2.00', 'No weight data'), ('asda', 'https://groceries.asda.com/product/1000005038852', "Wright's Baking Cheddar and Sun Dried Tomato Bread Mix", '£1.00', 'No weight data'), ('asda', 'https://groceries.asda.com/product/910000045547', "Wright's Baking Cheddar Cheese & Onion Bread Mix", '£1.00', 'No weight data'), ('asda', 'https://groceries.asda.com/product/910000541647', "Young's 2 Breaded Fish Fillets", '£2.00', 'No weight data'), ('asda', 'https://groceries.asda.com/product/1000200731351', "Young's 4 Omega 3 Fish Fillets in Crispy Breadcrumbs", '£3.70', '(£6.17/kg)'), ('asda', 'https://groceries.asda.com/product/1000130309095', "Young's 4 Simply Breaded Large Cod Fillets", '£4.00', 'No weight data'), ('asda', 'https://groceries.asda.com/product/1000130309094', "Young's 4 Simply Breaded Large Haddock Fillets", '£4.00', 'No weight data'), ('asda', 'https://groceries.asda.com/product/1000130309096', "Young's 4 Simply Breaded Omega 3 Fish Fillets", '£2.00', 'No weight data'), ('sains', 'https://www.sainsburys.co.uk/shop/gb/groceries/product/details/meals-for-tonight/youngs-breaded-cod-fillets-x4-480g', "Young's Breaded Cod Fillets x4 440g", '£4.50', '£10.23 / kg'), ('asda', 'https://groceries.asda.com/product/910000856262', "Young's Breaded Scampi", '£2.00', 'No weight data'), ('asda', 'https://groceries.asda.com/product/1000207689279', "Young's Gastro Signature Breaded 2 Lemon & Pepper Fish Fillets", '£4.00', 'No weight data'), ('asda', 'https://groceries.asda.com/product/1000205555385', "Young's Gastro Signature Breaded 6 Southern Fried Basa Mini Fillets", '£3.00', 'No weight data'), ('asda', 'https://groceries.asda.com/product/1000207689252', "Young's Simply Breaded 2 Extra Large Cod Fillets", '£4.00', 'No weight data'), ('tesco', 'https://www.tesco.com/groceries/en-GB/products/303391723', 'Youngs Simply Breaded 4 Large Cod Fillets 440G', '£ 4.00', '£9.10/kg'), ('tesco', 'https://www.tesco.com/groceries/en-GB/products/303391625', 'Youngs Simply Breaded Omega 3 4 Fish Fillets 400G', '£ 2.40', '£6.00/kg')]


json_data[{'shop': 'aldi', 'url': 'https://www.aldi.co.uk/4-breaded-cod-fish-fillets/p/041949410422602', 'product_name': '4 Breaded Cod Fish Fillets', 'product_price': '2.39', 'product_additionals': '£4.78 per kg'}, {'shop': 'asda', 'url': 'https://groceries.asda.com/product/1000236170261', 'product_name': '4 Wholegrain Pitta Breads', 'product_price': '£2.50', 'product_additionals': 'No weight data'}, {'shop': 'aldi', 'url': 'https://www.aldi.co.uk/6-white-folded-flatbreads/p/010790255115100', 'product_name': '6 White Folded Flatbreads', 'product_price': '0.69', 'product_additionals': '33p per 100g'}, {'shop': 'asda', 'url': 'https://groceries.asda.com/product/910000047437', 'product_name': "Aisha's Pre Cooked Breaded Chicken Goujons", 'product_price': '£2.50', 'product_additionals': 'No weight data'}, {'shop': 'aldi', 'url': 'https://www.aldi.co.uk/all-butter-shortbread-fingers/p/046072003630600', 'product_name': 'All Butter Shortbread Fingers', 'product_price': '0.39', 'product_additionals': '18.6p per 100g'}, {'shop': 'asda', 'url': 'https://groceries.asda.com/product/465547', 'product_name': 'Allinson Strong White Bread Flour', 'product_price': '£2.00', 'product_additionals': 'No weight data'}, {'shop': 'tesco', 'url': 'https://www.tesco.com/groceries/en-GB/products/256783233', 'product_name': 'Allinson Strong White Bread Flour 1.5Kg', 'product_price': '£ 2.00', 'product_additionals': '£1.34/kg'}, {'shop': 'tesco', 'url': 'https://www.tesco.com/groceries/en-GB/products/307138172', 'product_name': 'Allinson Strong White Bread Flour 1Kg', 'product_price': '£ 1.80', 'product_additionals': '£1.80/kg'}, {'shop': 'asda', 'url': 'https://groceries.asda.com/product/77326875', 'product_name': 'Allinson Very Strong Bread Flour', 'product_price': '£1.97', 'product_additionals': '(£1.31/kg)'}, {'shop': 'tesco', 'url': 'https://www.tesco.com/groceries/en-GB/products/271273388', 'product_name': 'Allinson Wholemeal Bread 1.5Kg', 'product_price': '£ 2.00', 'product_additionals': '£1.34/kg'}, {'shop': 'asda', 'url': 'https://groceries.asda.com/product/77326876', 'product_name': 'Allinson Wholemeal Very Strong Bread Flour', 'product_price': '£1.97', 'product_additionals': '(£1.31/kg)'}, {'shop': 'tesco', 'url': 'https://www.tesco.com/groceries/en-GB/products/306822170', 'product_name': "Allinson's Country Grain Bread Flour 1Kg", 'product_price': '£ 1.50', 'product_additionals': '£1.50/kg'}, {'shop': 'asda', 'url': 'https://groceries.asda.com/product/910002961674', 'product_name': "Allinson's The Champion Wholemeal Bread", 'product_price': '£1.40', 'product_additionals': '(21.5p/100g)'}, {'shop': 'asda', 'url': 'https://groceries.asda.com/product/1000232966973', 'product_name': 'Arise Bakery White Bread Mix', 'product_price': '£1.50', 'product_additionals': '(30.0p/100g)'}, {'shop': 'asda', 'url': 'https://groceries.asda.com/product/1000232966998', 'product_name': 'ASDA 10 Gingerbread Festive Friends', 'product_price': '£0.80', 'product_additionals': '(80.0p/100g)'}, {'shop': 'asda', 'url': 'https://groceries.asda.com/product/910000834601', 'product_name': 'ASDA 18 Breaded Chicken Breast Chunks', 'product_price': '£2.15', 'product_additionals': 'No weight data'}, {'shop': 'asda', 'url': 'https://groceries.asda.com/product/1000140301674', 'product_name': 'ASDA 2 Breaded Golden Chicken Breasts', 'product_price': '£1.00', 'product_additionals': 'No weight data'}, {'shop': 'asda', 'url': 'https://groceries.asda.com/product/1000254237184', 'product_name': 'ASDA 2 Garlic & Parsley Flatbreads', 'product_price': '£1.26', 'product_additionals': '(63.0p/each)'}, {'shop': 'asda', 'url': 'https://groceries.asda.com/product/1000197281015', 'product_name': 'ASDA 2 Kebab Breads', 'product_price': '£1.00', 'product_additionals': '(30.3p/100g)'}, {'shop': 'asda', 'url': 'https://groceries.asda.com/product/1000140301830', 'product_name': 'ASDA 2 Southern Fried Chicken in Breadcrumbs', 'product_price': '£1.00', 'product_additionals': 'No weight data'}, {'shop': 'asda', 'url': 'https://groceries.asda.com/product/1000133564339', 'product_name': 'ASDA 38 Breaded Chicken Nuggets', 'product_price': '£2.00', 'product_additionals': 'No weight data'}, {'shop': 'asda', 'url': 'https://groceries.asda.com/product/1000140301677', 'product_name': 'ASDA 4 Breaded Chicken Burgers', 'product_price': '£1.00', 'product_additionals': 'No weight data'}, {'shop': 'asda', 'url': 'https://groceries.asda.com/product/910002489303', 'product_name': 'ASDA 4 Breaded Chicken Steaks', 'product_price': '£1.97', 'product_additionals': 'No weight data'}, {'shop': 'asda', 'url': 'https://groceries.asda.com/product/910000543637', 'product_name': 'ASDA 4 Breaded Cod Fillets', 'product_price': '£2.78', 'product_additionals': 'No weight data'}, {'shop': 'asda', 'url': 'https://groceries.asda.com/product/910000543264', 'product_name': 'ASDA 4 Breaded Haddock Fillets', 'product_price': '£2.78', 'product_additionals': 'No weight data'}, {'shop': 'asda', 'url': 'https://groceries.asda.com/product/910003185883', 'product_name': 'ASDA 4 Mini Garlic & Coriander Naan Bread', 'product_price': '£1.00', 'product_additionals': '(25.0p/each)'}, {'shop': 'asda', 'url': 'https://groceries.asda.com/product/910002946003', 'product_name': 'ASDA 6 Breaded Chicken Steaks', 'product_price': '£4.00', 'product_additionals': 'No weight data'}, {'shop': 'asda', 'url': 'https://groceries.asda.com/product/910003069687', 'product_name': 'ASDA 6 Breaded White Fish Fillets', 'product_price': '£2.67', 'product_additionals': 'No weight data'}, {'shop': 'asda', 'url': 'https://groceries.asda.com/product/910001043224', 'product_name': 'ASDA 8 Breaded Cod Fishcakes', 'product_price': '£1.95', 'product_additionals': 'No weight data'}, {'shop': 'asda', 'url': 'https://groceries.asda.com/product/1000162824659', 'product_name': 'ASDA All-Butter Shortbread Biscuits Tin', 'product_price': '£3.50', 'product_additionals': '(70.0p/100g)'}, {'shop': 'asda', 'url': 'https://groceries.asda.com/product/1000162824589', 'product_name': 'ASDA All-Butter Shortbread Petticoat Tails', 'product_price': '£2.50', 'product_additionals': '(55.6p/100g)'}, {'shop': 'asda', 'url': 'https://groceries.asda.com/product/1000056262134', 'product_name': "ASDA Baker's Selection 20 Mini Shortbread Bites", 'product_price': '£2.00', 'product_additionals': '(10.0p/each)'}, {'shop': 'asda', 'url': 'https://groceries.asda.com/product/38577', 'product_name': "ASDA Baker's Selection Tiger Chest Bread", 'product_price': '£1.15', 'product_additionals': '(14.4p/100g)'}, {'shop': 'asda', 'url': 'https://groceries.asda.com/product/38578', 'product_name': "ASDA Baker's Selection Tiger Chest Bread", 'product_price': '£0.85', 'product_additionals': '(21.2p/100g)'}, {'shop': 'asda', 'url': 'https://groceries.asda.com/product/910000063300', 'product_name': "ASDA Baker's Selection Tiger Tin Bread", 'product_price': '£1.10', 'product_additionals': '(13.8p/100g)'}, {'shop': 'asda', 'url': 'https://groceries.asda.com/product/910000063295', 'product_name': "ASDA Baker's Selection Tiger Tin Bread", 'product_price': '£0.85', 'product_additionals': '(21.2p/100g)'}, {'shop': 'asda', 'url': 'https://groceries.asda.com/product/21028', 'product_name': "ASDA Baker's Selection White Bloomer Bread", 'product_price': '£1.10', 'product_additionals': '(13.8p/100g)'}, {'shop': 'asda', 'url': 'https://groceries.asda.com/product/35245', 'product_name': "ASDA Baker's Selection White Bloomer Bread", 'product_price': '£0.85', 'product_additionals': '(21.2p/100g)'}, {'shop': 'asda', 'url': 'https://groceries.asda.com/product/32725', 'product_name': "ASDA Baker's Selection White Bread", 'product_price': '£0.79', 'product_additionals': '(19.8p/100g)'}, {'shop': 'asda', 'url': 'https://groceries.asda.com/product/44257365', 'product_name': "ASDA Baker's Selection White Farmhouse Bread", 'product_price': '£0.79', 'product_additionals': '(19.8p/100g)'}, {'shop': 'asda', 'url': 'https://groceries.asda.com/product/44257364', 'product_name': "ASDA Baker's Selection White Farmhouse Bread", 'product_price': '£1.15', 'product_additionals': '(14.4p/100g)'}, {'shop': 'asda', 'url': 'https://groceries.asda.com/product/394921', 'product_name': "ASDA Baker's Selection White Tin Bread", 'product_price': '£1.15', 'product_additionals': '(14.4p/100g)'}, {'shop': 'asda', 'url': 'https://groceries.asda.com/product/910000037999', 'product_name': "ASDA Baker's Selection White Tin Bread", 'product_price': '£1.15', 'product_additionals': '(14.4p/100g)'}, {'shop': 'asda', 'url': 'https://groceries.asda.com/product/1000217307826', 'product_name': "ASDA Baker's Selection Wholemeal Tin Bread Loaf ", 'product_price': '£1.15', 'product_additionals': '(14.4p/100g)'}, {'shop': 'asda', 'url': 'https://groceries.asda.com/product/1000217307822', 'product_name': "ASDA Baker's Selection Wholemeal Tin Bread Loaf ", 'product_price': '£0.85', 'product_additionals': '(21.2p/100g)'}, {'shop': 'asda', 'url': 'https://groceries.asda.com/product/910000543337', 'product_name': 'ASDA Bread Sauce Mix', 'product_price': '£0.39', 'product_additionals': '(97.5p/100g)'}, {'shop': 'asda', 'url': 'https://groceries.asda.com/product/910002490281', 'product_name': 'ASDA Breaded 100% Chicken Breast Mini Fillets', 'product_price': '£2.50', 'product_additionals': 'No weight data'}, {'shop': 'asda', 'url': 'https://groceries.asda.com/product/910001460963', 'product_name': 'ASDA Breaded 2 Chunky Cod Fillets', 'product_price': '£3.20', 'product_additionals': '(£9.14/kg)'}, {'shop': 'asda', 'url': 'https://groceries.asda.com/product/910000450649', 'product_name': 'ASDA Breaded 2 Haddock Fillets', 'product_price': '£2.40', 'product_additionals': '(£8.45/kg)'}, {'shop': 'asda', 'url': 'https://groceries.asda.com/product/910002489907', 'product_name': 'ASDA Breaded Boneless Chicken Platter', 'product_price': '£4.00', 'product_additionals': 'No weight data'}, {'shop': 'asda', 'url': 'https://groceries.asda.com/product/1000003407964', 'product_name': 'ASDA Breaded Ham on the Bone', 'product_price': '£1.65', 'product_additionals': '(£1.24/100g)'}, {'shop': 'asda', 'url': 'https://groceries.asda.com/product/910003011020', 'product_name': 'ASDA Breaded Ham Slices', 'product_price': '£1.65', 'product_additionals': '(55.0p/100g)'}, {'shop': 'asda', 'url': 'https://groceries.asda.com/product/1000160202743', 'product_name': 'ASDA Breaded Honey & Chilli Cod Fillet Goujons', 'product_price': '£2.70', 'product_additionals': 'No weight data'}, {'shop': 'asda', 'url': 'https://groceries.asda.com/product/910001508155', 'product_name': 'ASDA Breaded Onion Rings', 'product_price': '£0.97', 'product_additionals': 'No weight data'}, {'shop': 'asda', 'url': 'https://groceries.asda.com/product/1000141000016', 'product_name': 'ASDA Breaded Scampi', 'product_price': '£2.00', 'product_additionals': 'No weight data'}, {'shop': 'asda', 'url': 'https://groceries.asda.com/product/1000038368667', 'product_name': 'ASDA Breaded Wholetail Scampi', 'product_price': '£2.74', 'product_additionals': 'No weight data'}, {'shop': 'asda', 'url': 'https://groceries.asda.com/product/1000038106579', 'product_name': 'ASDA British Chicken Breaded Goujons', 'product_price': '£1.75', 'product_additionals': 'No weight data'}, {'shop': 'asda', 'url': 'https://groceries.asda.com/product/1000123160971', 'product_name': 'ASDA Chicken Breaded Goujons', 'product_price': '£4.00', 'product_additionals': 'No weight data'}, {'shop': 'asda', 'url': 'https://groceries.asda.com/product/1000230163870', 'product_name': 'ASDA Christmas Shortbread Baking Kit', 'product_price': '£2.00', 'product_additionals': '(92.2p/100g)'}, {'shop': 'asda', 'url': 'https://groceries.asda.com/product/910000284816', 'product_name': 'ASDA Crispbread', 'product_price': '£0.76', 'product_additionals': '(60.8p/100g)'}, {'shop': 'asda', 'url': 'https://groceries.asda.com/product/1000210453329', 'product_name': 'ASDA Extra Special 2 West Country Cheddar & Roasted Garlic Flatbreads', 'product_price': '£2.50', 'product_additionals': 'No weight data'}, {'shop': 'asda', 'url': 'https://groceries.asda.com/product/910003016267', 'product_name': 'ASDA Extra Special 4 Garlic & Parsley Ciabatta Breadsticks', 'product_price': '£1.38', 'product_additionals': 'No weight data'}, {'shop': 'asda', 'url': 'https://groceries.asda.com/product/1000136816427', 'product_name': 'ASDA Extra Special 9 All-Butter Shortbread Rounds', 'product_price': '£1.52', 'product_additionals': '(84.4p/100g)'}, {'shop': 'asda', 'url': 'https://groceries.asda.com/product/1000001431175', 'product_name': "ASDA Extra Special Bake in the Box Belgian Chocolate Millionaires' Shortbread", 'product_price': '£1.30', 'product_additionals': '(34.2p/100g)'}, {'shop': 'asda', 'url': 'https://groceries.asda.com/product/910003015061', 'product_name': 'ASDA Extra Special Caramelised Red Onion & Mozzarella Flatbreads', 'product_price': '£1.50', 'product_additionals': 'No weight data'}, {'shop': 'asda', 'url': 'https://groceries.asda.com/product/910003041519', 'product_name': 'ASDA Extra Special Farmhouse White Bread', 'product_price': '£1.10', 'product_additionals': '(13.8p/100g)'}, {'shop': 'asda', 'url': 'https://groceries.asda.com/product/910003041844', 'product_name': 'ASDA Extra Special Farmhouse Wholemeal & Rye Bread', 'product_price': '£1.10', 'product_additionals': '(13.8p/100g)'}, {'shop': 'asda', 'url': 'https://groceries.asda.com/product/1000005036092', 'product_name': 'ASDA Extra Special Free From 9 Salted Caramel Shortbread Biscuits', 'product_price': '£1.80', 'product_additionals': 'No weight data'}, {'shop': 'asda', 'url': 'https://groceries.asda.com/product/1000200155932', 'product_name': 'ASDA Extra Special Hand Breaded Wiltshire Ham', 'product_price': '£1.98', 'product_additionals': 'No weight data'}, {'shop': 'asda', 'url': 'https://groceries.asda.com/product/910003015723', 'product_name': 'ASDA Extra Special Hand-Stretched Mozzarella & Basil Flatbread', 'product_price': '£1.50', 'product_additionals': 'No weight data'}, {'shop': 'asda', 'url': 'https://groceries.asda.com/product/910000325010', 'product_name': 'ASDA Extra Special Italian Black Olive Breadsticks', 'product_price': '£1.55', 'product_additionals': '(£1.19/100g)'}, {'shop': 'asda', 'url': 'https://groceries.asda.com/product/910000325058', 'product_name': 'ASDA Extra Special Italian Breadsticks', 'product_price': '£1.55', 'product_additionals': '(£1.19/100g)'}, {'shop': 'asda', 'url': 'https://groceries.asda.com/product/910003090815', 'product_name': 'ASDA Extra Special Parisian Bread', 'product_price': '£1.50', 'product_additionals': '(37.5p/100g)'}, {'shop': 'asda', 'url': 'https://groceries.asda.com/product/910000028999', 'product_name': 'ASDA Extra Special Scottish Shortbread Fingers', 'product_price': '£1.65', 'product_additionals': '(82.5p/100g)'}, {'shop': 'asda', 'url': 'https://groceries.asda.com/product/1000233167238', 'product_name': 'ASDA Extra Special Shortbread Biscuits Selection', 'product_price': '£4.00', 'product_additionals': '(71.4p/100g)'}, {'shop': 'asda', 'url': 'https://groceries.asda.com/product/910003042066', 'product_name': 'ASDA Extra Special Super Seeded Bread', 'product_price': '£0.75', 'product_additionals': '(9.4p/100g)'}, {'shop': 'asda', 'url': 'https://groceries.asda.com/product/1000238578345', 'product_name': 'ASDA Free From 11 Chocolate Dipped Shortbread People', 'product_price': '£2.50', 'product_additionals': 'No weight data'}, {'shop': 'asda', 'url': 'https://groceries.asda.com/product/910002597135', 'product_name': 'ASDA Free From 6 Gingerbread Men', 'product_price': '£1.46', 'product_additionals': 'No weight data'}, {'shop': 'asda', 'url': 'https://groceries.asda.com/product/1000051196388', 'product_name': 'ASDA Free From Breadcrumbs', 'product_price': '£1.30', 'product_additionals': 'No weight data'}, {'shop': 'asda', 'url': 'https://groceries.asda.com/product/910002322540', 'product_name': 'ASDA Free From Shortbread', 'product_price': '£1.50', 'product_additionals': 'No weight data'}, {'shop': 'asda', 'url': 'https://groceries.asda.com/product/910002092926', 'product_name': 'ASDA Garlic & Herb Flatbread', 'product_price': '£1.00', 'product_additionals': 'No weight data'}, {'shop': 'asda', 'url': 'https://groceries.asda.com/product/1000166634777', 'product_name': 'ASDA Garlic Bread Cheesy Pizza', 'product_price': '£0.90', 'product_additionals': 'No weight data'}, {'shop': 'asda', 'url': 'https://groceries.asda.com/product/1000230163929', 'product_name': 'ASDA Gingerbread Cheesecake', 'product_price': '£3.00', 'product_additionals': 'No weight data'}, {'shop': 'asda', 'url': 'https://groceries.asda.com/product/910002521969', 'product_name': 'ASDA Golden Breadcrumbs', 'product_price': '£0.80', 'product_additionals': '(45.7p/100g)'}, {'shop': 'asda', 'url': 'https://groceries.asda.com/product/1000199196780', 'product_name': 'ASDA Hot & Spicy Breaded Chicken Wings ', 'product_price': '£1.97', 'product_additionals': 'No weight data'}, {'shop': 'asda', 'url': 'https://groceries.asda.com/product/910002989489', 'product_name': 'ASDA Medium Wholemeal Bread', 'product_price': '£0.58', 'product_additionals': 'No weight data'}, {'shop': 'asda', 'url': 'https://groceries.asda.com/product/910001400838', 'product_name': 'ASDA Mini Breadsticks', 'product_price': '£1.40', 'product_additionals': '(£1.06/100g)'}, {'shop': 'asda', 'url': 'https://groceries.asda.com/product/910001396772', 'product_name': 'ASDA Mixed Grain & Seed Bread Mix', 'product_price': '£0.69', 'product_additionals': '(13.8p/100g)'}, {'shop': 'asda', 'url': 'https://groceries.asda.com/product/1000001822245', 'product_name': 'ASDA Multi Seeded Folded Flatbreads', 'product_price': '£0.79', 'product_additionals': '(37.6p/100g)'}, {'shop': 'asda', 'url': 'https://groceries.asda.com/product/80190762', 'product_name': 'ASDA Organic White Bread Flour', 'product_price': '£1.29', 'product_additionals': '(£1.29/kg)'}, {'shop': 'asda', 'url': 'https://groceries.asda.com/product/910002369651', 'product_name': 'ASDA Panko Breadcrumbs', 'product_price': '£1.25', 'product_additionals': '(£17.86/kg)'}, {'shop': 'asda', 'url': 'https://groceries.asda.com/product/910001504983', 'product_name': 'ASDA Party Breaded Garlic Mushrooms', 'product_price': '£1.25', 'product_additionals': 'No weight data'}, {'shop': 'asda', 'url': 'https://groceries.asda.com/product/910002521575', 'product_name': 'ASDA Plain Breadcrumbs', 'product_price': '£0.80', 'product_additionals': '(45.7p/100g)'}, {'shop': 'asda', 'url': 'https://groceries.asda.com/product/1000001820108', 'product_name': 'ASDA Plain Folded Flatbreads', 'product_price': '£0.79', 'product_additionals': '(37.6p/100g)'}, {'shop': 'asda', 'url': 'https://groceries.asda.com/product/1000185650143', 'product_name': 'ASDA Plant Based Vegan Chargrilled Veg Flatbread Pizza', 'product_price': '£1.75', 'product_additionals': 'No weight data'}, {'shop': 'asda', 'url': 'https://groceries.asda.com/product/1000186981261', 'product_name': 'ASDA Plant Based Vegan Tomato & Pesto Flatbread Pizza', 'product_price': '£1.75', 'product_additionals': 'No weight data'}, {'shop': 'asda', 'url': 'https://groceries.asda.com/product/1000156387282', 'product_name': 'ASDA Red Onion & Cheese Flatbread', 'product_price': '£1.25', 'product_additionals': 'No weight data'}, {'shop': 'asda', 'url': 'https://groceries.asda.com/product/910001400485', 'product_name': 'ASDA Sesame Italian Breadsticks', 'product_price': '£0.84', 'product_additionals': '(67.2p/100g)'}, {'shop': 'asda', 'url': 'https://groceries.asda.com/product/6706160', 'product_name': 'ASDA Smart Price 20 Breaded Chicken Nuggets', 'product_price': '£0.82', 'product_additionals': 'No weight data'}, {'shop': 'asda', 'url': 'https://groceries.asda.com/product/12218423', 'product_name': 'ASDA Smart Price 8 Breaded Chicken Burgers', 'product_price': '£0.97', 'product_additionals': 'No weight data'}, {'shop': 'asda', 'url': 'https://groceries.asda.com/product/35451', 'product_name': 'ASDA Smart Price Garlic Bread Baguette', 'product_price': '£0.32', 'product_additionals': 'No weight data'}, {'shop': 'asda', 'url': 'https://groceries.asda.com/product/910002989320', 'product_name': 'ASDA Square Cut Medium White Bread', 'product_price': '£0.49', 'product_additionals': '(6.1p/100g)'}, {'shop': 'asda', 'url': 'https://groceries.asda.com/product/910000226861', 'product_name': 'ASDA Thick Sliced Breaded Dry Cured Ham Slices', 'product_price': '£3.00', 'product_additionals': '(£1.00/100g)'}, {'shop': 'asda', 'url': 'https://groceries.asda.com/product/1000218728680', 'product_name': 'ASDA Thin Stonebaked Cheesy Garlic Pizza Bread', 'product_price': '£1.80', 'product_additionals': 'No weight data'}, {'shop': 'asda', 'url': 'https://groceries.asda.com/product/910002093229', 'product_name': 'ASDA Three Cheese & Garlic Flatbread', 'product_price': '£1.00', 'product_additionals': 'No weight data'}, {'shop': 'asda', 'url': 'https://groceries.asda.com/product/910002102325', 'product_name': 'ASDA Tomato & Garlic Flatbread', 'product_price': '£1.25', 'product_additionals': 'No weight data'}, {'shop': 'asda', 'url': 'https://groceries.asda.com/product/80190767', 'product_name': 'ASDA White Bread Mix', 'product_price': '£0.64', 'product_additionals': '(12.8p/100g)'}, {'shop': 'asda', 'url': 'https://groceries.asda.com/product/910001960493', 'product_name': 'ASDA White Pitta Breads', 'product_price': '£0.45', 'product_additionals': '(7.5p/each)'}, {'shop': 'asda', 'url': 'https://groceries.asda.com/product/910002082693', 'product_name': 'Benus Sliced Four Whole Grain Bread', 'product_price': '£1.25', 'product_additionals': '(25.0p/100g)'}, {'shop': 'asda', 'url': 'https://groceries.asda.com/product/1000000986358', 'product_name': 'Bernard Matthews Golden Breaded Turkey Escalopes', 'product_price': '£2.00', 'product_additionals': '(£7.69/kg)'}, {'shop': 'tesco', 'url': 'https://www.tesco.com/groceries/en-GB/products/307753917', 'product_name': 'Betty Crocker Salted Caramel Shortbread Mix 345G', 'product_price': '£ 2.00', 'product_additionals': '£5.80/kg'}, {'shop': 'tesco', 'url': 'https://www.tesco.com/groceries/en-GB/products/303617798', 'product_name': 'Bfree 7 Grain Pitta Bread 220G', 'product_price': '£ 2.50', 'product_additionals': '£1.14/100g'}, {'shop': 'sains', 'url': 'https://www.sainsburys.co.uk/shop/gb/groceries/product/details/all-vegan-products/bfree-pitta-breads-stone-baked-4x55g-220g-', 'product_name': 'BFree Pitta Breads Stone Baked 4x55g (220g)', 'product_price': '£2.50', 'product_additionals': '£1.14 / 100g'}, {'shop': 'tesco', 'url': 'https://www.tesco.com/groceries/en-GB/products/297373973', 'product_name': 'Bfree Stone Bake Gluten Free Pitta Bread 6X32g', 'product_price': '£ 2.50', 'product_additionals': '£1.31/100g'}, {'shop': 'tesco', 'url': 'https://www.tesco.com/groceries/en-GB/products/291243774', 'product_name': 'Bfree Stone Baked Pitta Bread 220G', 'product_price': '£ 2.35', 'product_additionals': '£10.69/kg'}, {'shop': 'asda', 'url': 'https://groceries.asda.com/product/910002101686', 'product_name': 'BFree Stone Baked Pitta Breads', 'product_price': '£2.50', 'product_additionals': 'No weight data'}, {'shop': 'sains', 'url': 'https://www.sainsburys.co.uk/shop/gb/groceries/product/details/all-dairy-free-food-and-drink/bfree-wholegrain-pitta-breads-4-x-55g', 'product_name': 'BFree Wholegrain Pitta Breads 4 x 55g', 'product_price': '£2.75', 'product_additionals': '£1.25 / 100g'}, {'shop': 'asda', 'url': 'https://groceries.asda.com/product/1000140301774', 'product_name': 'Birds Eye 2 Gluten Free Fish Fillets in Breadcrumbs', 'product_price': '£2.94', 'product_additionals': 'No weight data'}, {'shop': 'asda', 'url': 'https://groceries.asda.com/product/1000125109385', 'product_name': 'Birds Eye 4 Breaded Cod Large Fillets', 'product_price': '£3.50', 'product_additionals': 'No weight data'}, {'shop': 'asda', 'url': 'https://groceries.asda.com/product/1000125109454', 'product_name': 'Birds Eye 4 Breaded Haddock Large Fillets', 'product_price': '£3.50', 'product_additionals': 'No weight data'}, {'shop': 'tesco', 'url': 'https://www.tesco.com/groceries/en-GB/products/303334245', 'product_name': 'Birds Eye 4 Large Breaded Cod Fillets 440G', 'product_price': '£ 4.80', 'product_additionals': '£10.91/kg'}, {'shop': 'tesco', 'url': 'https://www.tesco.com/groceries/en-GB/products/303334280', 'product_name': 'Birds Eye 4 Large Breaded Haddock 440G', 'product_price': '£ 4.80', 'product_additionals': '£10.91/kg'}, {'shop': 'asda', 'url': 'https://groceries.asda.com/product/1000169694831', 'product_name': 'Birds Eye 6 Southern Fried Chicken in Breadcrumbs', 'product_price': '£2.75', 'product_additionals': 'No weight data'}, {'shop': 'sains', 'url': 'https://www.sainsburys.co.uk/shop/gb/groceries/product/details/easter-special-offers/birds-eye-breaded-haddock-large-fillets-x4-440g', 'product_name': 'Birds Eye Breaded Haddock Large Fillets x4 440g', 'product_price': '£3.50', 'product_additionals': '£7.96 / kg'}, {'shop': 'asda', 'url': 'https://groceries.asda.com/product/1000125109515', 'product_name': 'Birds Eye Inspirations Chicken Mini Fillets in Golden Breadcrumbs', 'product_price': '£2.00', 'product_additionals': 'No weight data'}, {'shop': 'asda', 'url': 'https://groceries.asda.com/product/1000125109461', 'product_name': 'Birds Eye Inspirations Chicken Mini Fillets in Sesame Seed Breadcrumbs', 'product_price': '£2.00', 'product_additionals': 'No weight data'}, {'shop': 'asda', 'url': 'https://groceries.asda.com/product/1000218525296', 'product_name': 'BOSH! Vegan Spiced Panko Breadcrumbs', 'product_price': '£2.49', 'product_additionals': '(£1.25/100g)'}, {'shop': 'aldi', 'url': 'https://www.aldi.co.uk/breaded-chicken-mini-fillets/p/016060276702000', 'product_name': 'Breaded Chicken Mini Fillets', 'product_price': '2.15', 'product_additionals': '£7.05 per kg'}, {'shop': 'aldi', 'url': 'https://www.aldi.co.uk/breaded-ham/p/706315410178601', 'product_name': 'Breaded Ham', 'product_price': '1.59', 'product_additionals': '39.8p per 100g'}, {'shop': 'aldi', 'url': 'https://www.aldi.co.uk/breaded-hot-%26-spicy-chicken-strips/p/016802278453400', 'product_name': 'Breaded Hot & Spicy Chicken Strips', 'product_price': '2.15', 'product_additionals': '£7.05 per kg'}, {'shop': 'asda', 'url': 'https://groceries.asda.com/product/537337', 'product_name': 'Burgen Soya & Linseed Bread', 'product_price': '£1.25', 'product_additionals': '(15.6p/100g)'}, {'shop': 'asda', 'url': 'https://groceries.asda.com/product/1000169694811', 'product_name': 'Cadbury Dairy Milk Gingerbread Chocolate Bar', 'product_price': '£1.00', 'product_additionals': '(83.3p/100g)'}, {'shop': 'asda', 'url': 'https://groceries.asda.com/product/1000244026790', 'product_name': 'Cadbury Winter Gingerbread Chocolate Cake Bars', 'product_price': '£1.00', 'product_additionals': '(20.0p/each)'}, {'shop': 'asda', 'url': 'https://groceries.asda.com/product/1000136352489', 'product_name': 'Caffe Amalfi Rustic Breadsticks with Sea Salt and Olive Oil', 'product_price': '£1.50', 'product_additionals': '(£1.20/100g)'}, {'shop': 'asda', 'url': 'https://groceries.asda.com/product/1000136352492', 'product_name': 'Caffe Amalfi Thin Italian Breadsticks with Olive Oil', 'product_price': '£1.00', 'product_additionals': '(83.3p/100g)'}, {'shop': 'asda', 'url': 'https://groceries.asda.com/product/80353893', 'product_name': 'Charles Wells Banana Bread Beer', 'product_price': '£1.83', 'product_additionals': '(£3.66/lt)'}, {'shop': 'aldi', 'url': 'https://www.aldi.co.uk/cheddar-cheese-%26-red-onion-flatbread/p/701013314550000', 'product_name': 'Cheddar Cheese & Red Onion Flatbread', 'product_price': '1.69', 'product_additionals': '£6.76 per kg'}, {'shop': 'aldi', 'url': 'https://www.aldi.co.uk/chocolate-chunk-shortbread-rounds/p/062612247688101', 'product_name': 'Chocolate Chunk Shortbread Rounds', 'product_price': '1.09', 'product_additionals': '68.1p per 100g'}, {'shop': 'aldi', 'url': 'https://www.aldi.co.uk/chunky-breaded-haddock-fish-fillets/p/004132092084200', 'product_name': 'Chunky Breaded Haddock Fish Fillets', 'product_price': '2.59', 'product_additionals': '£5.18 per kg'}, {'shop': 'tesco', 'url': 'https://www.tesco.com/groceries/en-GB/products/305733449', 'product_name': 'Clay Oven Bakery 2 Large Stretched Naan Bread 360G', 'product_price': '£ 1.50', 'product_additionals': '£0.42/100g'}, {'shop': 'tesco', 'url': 'https://www.tesco.com/groceries/en-GB/products/306798939', 'product_name': 'Clay Oven Bakery 2 Plain Naan Breads 360G', 'product_price': '£ 1.50', 'product_additionals': '£0.42/100g'}, {'shop': 'coop', 'url': 'https://www.coop.co.uk/products/co-op-rhubarb-and-custard-shortbread-mini-bites', 'product_name': 'Co-op 8 Rhubarb & Custard Shortbread Mini Bites', 'product_price': '£1', 'product_additionals': '8 pack'}, {'shop': 'coop', 'url': 'https://www.coop.co.uk/products/co-op-breaded-ham-220g', 'product_name': 'Co-op Breaded Ham 220g', 'product_price': '£4', 'product_additionals': '220g (90.0p per 100g)'}, {'shop': 'coop', 'url': 'https://www.coop.co.uk/products/co-op-american-style-cheese-and-tomato-sharing-bread-245g', 'product_name': "Co-op Cheesy Nacho Tear 'N' Share Bread 245g", 'product_price': '£2.75', 'product_additionals': '245g (£1.12 per 100g)'}, {'shop': 'coop', 'url': 'https://www.coop.co.uk/products/co-op-irresistible-breaded-cornish-camemberts-with-redcurrant-dip-200g', 'product_name': "Co-op Irresistible Breaded Cornish Camembert's with Redcurrant Dip 200g", 'product_price': '£3.50', 'product_additionals': '200g (£1.75 per 100g)\nServes 2'}, {'shop': 'coop', 'url': 'https://www.coop.co.uk/products/co-op-irresistible-mature-cheddar-and-balsamic-onion-flatbread-220g', 'product_name': 'Co-op Irresistible Mature Cheddar and Balsamic Onion Flatbread 220g', 'product_price': '£2.40', 'product_additionals': '220g (£1.09 per 100g)\nServes 2'}, {'shop': 'asda', 'url': 'https://groceries.asda.com/product/910001537650', 'product_name': "Colman's Bread Sauce Mix", 'product_price': '£0.80', 'product_additionals': '(£2.00/100g)'}, {'shop': 'tesco', 'url': 'https://www.tesco.com/groceries/en-GB/products/300954322', 'product_name': 'Counter The Artisan Bread Company Tomato Sal Brus 70G', 'product_price': '£ 1.60', 'product_additionals': '£2.29/100g'}, {'shop': 'tesco', 'url': 'https://www.tesco.com/groceries/en-GB/products/305435877', 'product_name': 'Creative Nature W.Grain Banana Bread Baking Mix 250G', 'product_price': '£ 2.99', 'product_additionals': '£11.96/kg'}, {'shop': 'asda', 'url': 'https://groceries.asda.com/product/1000182959725', 'product_name': 'Creative Nature Wholegrain Banana Bread Baking Mix', 'product_price': '£2.99', 'product_additionals': 'No weight data'}, {'shop': 'sains', 'url': 'https://www.sainsburys.co.uk/shop/gb/groceries/product/details/new-trending-special-offers/crosta-mollica-black-olive-grissini-breadsticks-140g', 'product_name': 'Crosta & Mollica Black Olive Grissini Breadsticks 140g', 'product_price': '£1.95', 'product_additionals': '£1.39 / 100g'}, {'shop': 'tesco', 'url': 'https://www.tesco.com/groceries/en-GB/products/277731954', 'product_name': 'Crosta & Mollica Torines Breadsticks 120G', 'product_price': '£ 1.09', 'product_additionals': '£0.91/100g'}, {'shop': 'sains', 'url': 'https://www.sainsburys.co.uk/shop/gb/groceries/product/details/aldi-price-match/sainsburys-white-sliced-bread--basics-800g', 'product_name': "Daily's Medium Sliced White Bread 800g", 'product_price': '36p', 'product_additionals': '5p / 100g'}, {'shop': 'sains', 'url': 'https://www.sainsburys.co.uk/shop/gb/groceries/product/details/aldi-price-match/sainsburys-medium-wholemeal-bread--basics-800g', 'product_name': "Daily's Medium Sliced Wholemeal Bread 800g", 'product_price': '36p', 'product_additionals': '5p / 100g'}, {'shop': 'tesco', 'url': 'https://www.tesco.com/groceries/en-GB/products/251015495', 'product_name': 'Dairylea Dunkers Breadsticks 4 X 47G', 'product_price': '£ 2.25', 'product_additionals': '£11.97/kg'}, {'shop': 'sains', 'url': 'https://www.sainsburys.co.uk/shop/gb/groceries/product/details/snacking-and-lunchbox-cheeses/dairylea-dunkers-breadsticks-4x47g', 'product_name': 'Dairylea Dunkers Breadsticks with Cheese 4x47g', 'product_price': '£2.25', 'product_additionals': '£11.97 / kg'}, {'shop': 'asda', 'url': 'https://groceries.asda.com/product/1226074', 'product_name': 'Dairylea Dunkers Breadsticks with Cheese x4', 'product_price': '£1.50', 'product_additionals': '(£7.98/kg)'}, {'shop': 'asda', 'url': 'https://groceries.asda.com/product/1000002934208', 'product_name': "Dean's Shortbread Assortment", 'product_price': '£4.00', 'product_additionals': 'No weight data'}, {'shop': 'asda', 'url': 'https://groceries.asda.com/product/391635', 'product_name': "Dean's Shortbread Fingers", 'product_price': '£1.00', 'product_additionals': 'No weight data'}, {'shop': 'sains', 'url': 'https://www.sainsburys.co.uk/shop/gb/groceries/product/details/chilled-cooked-meats/sainsburys-breaded-ham-150g', 'product_name': 'Deli Express British Breaded Ham 150g', 'product_price': '£2.25', 'product_additionals': '£1.50 / 100g'}, {'shop': 'tesco', 'url': 'https://www.tesco.com/groceries/en-GB/products/305530793', 'product_name': 'Deli Kitchen 4 Greek Style Flatbreads 320G', 'product_price': '£ 1.35', 'product_additionals': '£0.42/100g'}, {'shop': 'asda', 'url': 'https://groceries.asda.com/product/1000188692325', 'product_name': 'Deli Kitchen Brioche Folded Flatbreads', 'product_price': '£1.35', 'product_additionals': '(64.3p/100g)'}, {'shop': 'asda', 'url': 'https://groceries.asda.com/product/1000188692416', 'product_name': 'Deli Kitchen Greek Style Flatbreads', 'product_price': '£1.35', 'product_additionals': '(33.8p/each)'}, {'shop': 'asda', 'url': 'https://groceries.asda.com/product/910000388154', 'product_name': 'Dina Large White Bread Wraps', 'product_price': '£0.90', 'product_additionals': '(16.4p/100g)'}, {'shop': 'asda', 'url': 'https://groceries.asda.com/product/910000387572', 'product_name': 'Dina Paninette White Bread Wraps', 'product_price': '£0.90', 'product_additionals': '(32.7p/100g)'}, {'shop': 'asda', 'url': 'https://groceries.asda.com/product/910000388107', 'product_name': 'Dina Paninette Wholemeal Bread Wraps', 'product_price': '£0.90', 'product_additionals': '(32.7p/100g)'}, {'shop': 'asda', 'url': 'https://groceries.asda.com/product/910000388173', 'product_name': 'Dina White Mini Pitta Bread', 'product_price': '£0.55', 'product_additionals': '(15.3p/100g)'}, {'shop': 'asda', 'url': 'https://groceries.asda.com/product/910001184127', 'product_name': 'Dina Wholemeal Mini Pitta Breads', 'product_price': '£0.55', 'product_additionals': '(15.3p/100g)'}, {'shop': 'tesco', 'url': 'https://www.tesco.com/groceries/en-GB/products/257123599', 'product_name': 'Doves Farm Gluten Free White Bread Flour 1Kg', 'product_price': '£ 1.70', 'product_additionals': '£1.70/kg'}, {'shop': 'tesco', 'url': 'https://www.tesco.com/groceries/en-GB/products/290564310', 'product_name': 'Dr Karg 3 Seeds Crisp Bread Slices 200G', 'product_price': '£ 2.00', 'product_additionals': '£1.00/100g'}, {'shop': 'tesco', 'url': 'https://www.tesco.com/groceries/en-GB/products/260391973', 'product_name': 'Dr Karg Organic Cheese & Pumpkin Seed Crisp Bread 200G', 'product_price': '£ 2.00', 'product_additionals': '£1.00/100g'}, {'shop': 'asda', 'url': 'https://groceries.asda.com/product/1000135191500', 'product_name': "Dr. Karg's Organic Crispbread Emmental Cheese & Pumpkin Seed", 'product_price': '£1.89', 'product_additionals': '(94.5p/100g)'}, {'shop': 'asda', 'url': 'https://groceries.asda.com/product/1000227127175', 'product_name': 'Eco Wix Gingerbread Small Candle', 'product_price': '£5.00', 'product_additionals': '(£5.00/each)'}, {'shop': 'tesco', 'url': 'https://www.tesco.com/groceries/en-GB/products/292759370', 'product_name': "Ella's Kitchen Banana & Vanilla Bread Pudding 4X80g", 'product_price': '£ 1.75', 'product_additionals': '£4.87/kg'}, {'shop': 'asda', 'url': 'https://groceries.asda.com/product/910002650221', 'product_name': "Ella's Kitchen Organic Banana and Vanilla Bread Pudding Baby Dessert Pot Multipack 7+ Months", 'product_price': '£1.70', 'product_additionals': 'No weight data'}, {'shop': 'tesco', 'url': 'https://www.tesco.com/groceries/en-GB/products/279844604', 'product_name': 'Fedon Breadsticks With Sesame Seeds250g', 'product_price': '£ 1.50', 'product_additionals': '£0.60/100g'}, {'shop': 'aldi', 'url': 'https://www.aldi.co.uk/finely-sliced-breaded-ham/p/010021285889300', 'product_name': 'Finely Sliced Breaded Ham', 'product_price': '1.49', 'product_additionals': '£1.49 per 100g'}, {'shop': 'tesco', 'url': 'https://www.tesco.com/groceries/en-GB/products/257800909', 'product_name': 'Finest Triple Chocolate Shortbread 4 Pack', 'product_price': '£ 1.50', 'product_additionals': '£0.38/each'}, {'shop': 'aldi', 'url': 'https://www.aldi.co.uk/flat-bread-thins-cheese-%26-pepper/p/074900259327501', 'product_name': 'Flat Bread Thins Cheese & Pepper', 'product_price': '0.49', 'product_additionals': '98p per 100g'}, {'shop': 'aldi', 'url': 'https://www.aldi.co.uk/flatbread-thin-bites-sweet-chilli/p/074900259327702', 'product_name': 'Flatbread Thin Bites Sweet Chilli', 'product_price': '0.49', 'product_additionals': '98p per 100g'}, {'shop': 'asda', 'url': 'https://groceries.asda.com/product/26342781', 'product_name': 'FREEE by Doves Farm Gluten Free White Bread Flour', 'product_price': '£1.68', 'product_additionals': 'No weight data'}, {'shop': 'tesco', 'url': 'https://www.tesco.com/groceries/en-GB/products/302181582', 'product_name': 'Fro Oat & Sunflower Seed Crisp Bread 200G', 'product_price': '£ 1.95', 'product_additionals': '£0.98/100g'}, {'shop': 'tesco', 'url': 'https://www.tesco.com/groceries/en-GB/products/302181609', 'product_name': 'Fro Thyme & Sea Salt Crisp Bread 200G', 'product_price': '£ 1.95', 'product_additionals': '£0.98/100g'}, {'shop': 'sains', 'url': 'https://www.sainsburys.co.uk/shop/gb/groceries/product/details/egg-free-food/genius-pitta-bread-272g', 'product_name': 'Genius Gluten Free Pitta Breads x3', 'product_price': '£2.00', 'product_additionals': '£1.08 / 100g'}, {'shop': 'asda', 'url': 'https://groceries.asda.com/product/910002935415', 'product_name': 'Genius Gluten Free Toastie White Bread', 'product_price': '£2.25', 'product_additionals': 'No weight data'}, {'shop': 'asda', 'url': 'https://groceries.asda.com/product/1000150186004', 'product_name': 'Genius Gluten-Free Carb Cutter 5 Bread Crisps', 'product_price': '£2.09', 'product_additionals': 'No weight data'}, {'shop': 'asda', 'url': 'https://groceries.asda.com/product/1000150185967', 'product_name': 'Genius Gluten-Free Protein Punch 5 Bread Crisps', 'product_price': '£2.09', 'product_additionals': 'No weight data'}, {'shop': 'asda', 'url': 'https://groceries.asda.com/product/1000229362744', 'product_name': 'George Home Cream Bread Bin', 'product_price': '£10.00', 'product_additionals': '(£10.00/each)'}, {'shop': 'asda', 'url': 'https://groceries.asda.com/product/1000224243232', 'product_name': 'George Home Gingerbread Cappucino Mug', 'product_price': '£2.50', 'product_additionals': '(£2.50/each)'}, {'shop': 'asda', 'url': 'https://groceries.asda.com/product/1000229362801', 'product_name': 'George Home Gingerbread House Plate', 'product_price': '£5.00', 'product_additionals': '(£5.00/each)'}, {'shop': 'asda', 'url': 'https://groceries.asda.com/product/1000159725341', 'product_name': 'George Home Gingerbread Man Cookie Cutters', 'product_price': '£2.00', 'product_additionals': '(£2.00/each)'}, {'shop': 'asda', 'url': 'https://groceries.asda.com/product/1000150186101', 'product_name': 'George Home Gingerbread Napkins', 'product_price': '£1.00', 'product_additionals': '(5.0p/each)'}, {'shop': 'asda', 'url': 'https://groceries.asda.com/product/1000229362679', 'product_name': 'George Home Grey Bread Bin', 'product_price': '£10.00', 'product_additionals': '(£10.00/each)'}, {'shop': 'asda', 'url': 'https://groceries.asda.com/product/1000229362793', 'product_name': 'George Home Multi Christmas Gingerbread House Cookie Jar', 'product_price': '£12.00', 'product_additionals': '(£12.00/each)'}, {'shop': 'asda', 'url': 'https://groceries.asda.com/product/1000229362652', 'product_name': 'George Home Multi Christmas Gingerbread House Mug', 'product_price': '£3.00', 'product_additionals': '(£3.00/each)'}, {'shop': 'asda', 'url': 'https://groceries.asda.com/product/1000229362594', 'product_name': 'George Home White Marble Bread Bin', 'product_price': '£10.00', 'product_additionals': '(£10.00/each)'}, {'shop': 'aldi', 'url': 'https://www.aldi.co.uk/golden-breadcrumbs/p/015497306817301', 'product_name': 'Golden Breadcrumbs', 'product_price': '0.65', 'product_additionals': '37.1p per 100g'}, {'shop': 'coop', 'url': 'https://www.coop.co.uk/products/goodfellas-garlic-bread-218-g', 'product_name': "Goodfella's Garlic Bread 218g", 'product_price': '£2', 'product_additionals': '218g (97.1p per 100g)'}, {'shop': 'asda', 'url': 'https://groceries.asda.com/product/910000042143', 'product_name': 'Grissini Plain Breadsticks', 'product_price': '£0.80', 'product_additionals': '(64.0p/100g)'}, {'shop': 'tesco', 'url': 'https://www.tesco.com/groceries/en-GB/products/299045570', 'product_name': "H W Nevill's White Bread 800G", 'product_price': '£ 0.36', 'product_additionals': '£0.04/100g'}, {'shop': 'tesco', 'url': 'https://www.tesco.com/groceries/en-GB/products/299045558', 'product_name': "H W Nevill's Wholemeal Bread 800G", 'product_price': '£ 0.36', 'product_additionals': '£0.04/100g'}, {'shop': 'tesco', 'url': 'https://www.tesco.com/groceries/en-GB/products/299587469', 'product_name': 'Hearty Food Co 20 Breaded Chicken Nuggets 320G', 'product_price': '£ 0.85', 'product_additionals': '£2.66/kg'}, {'shop': 'tesco', 'url': 'https://www.tesco.com/groceries/en-GB/products/299596458', 'product_name': 'Hearty Food Co 8 Breaded Chicken Burgers 456G', 'product_price': '£ 0.97', 'product_additionals': '£2.13/kg'}, {'shop': 'tesco', 'url': 'https://www.tesco.com/groceries/en-GB/products/306945888', 'product_name': 'Hearty Food Co. 4 Breaded Chicken Steaks 505G', 'product_price': '£ 1.69', 'product_additionals': '£3.35/kg'}, {'shop': 'tesco', 'url': 'https://www.tesco.com/groceries/en-GB/products/298865009', 'product_name': 'Hearty Food Co. Breaded Chicken Goujons 270G', 'product_price': '£ 1.05', 'product_additionals': '£3.89/kg'}, {'shop': 'tesco', 'url': 'https://www.tesco.com/groceries/en-GB/products/307348073', 'product_name': 'Heat & Enjoy Garlic Bread 200G', 'product_price': '£ 3.00', 'product_additionals': '£15.00/kg'}, {'shop': 'tesco', 'url': 'https://www.tesco.com/groceries/en-GB/products/274811254', 'product_name': 'Hovis 7 Seeds Wholemeal Bread 800G', 'product_price': '£ 1.50', 'product_additionals': '£0.19/100g'}, {'shop': 'asda', 'url': 'https://groceries.asda.com/product/22642144', 'product_name': 'Hovis Authentic Granary Bread', 'product_price': '£0.95', 'product_additionals': '(23.8p/100g)'}, {'shop': 'tesco', 'url': 'https://www.tesco.com/groceries/en-GB/products/279505857', 'product_name': 'Hovis Best Of Both Medium White Bread 750G', 'product_price': '£ 1.10', 'product_additionals': '£0.15/100g'}, {'shop': 'tesco', 'url': 'https://www.tesco.com/groceries/en-GB/products/279505707', 'product_name': 'Hovis Best Of Both Thick White Bread 750G', 'product_price': '£ 1.10', 'product_additionals': '£0.15/100g'}, {'shop': 'asda', 'url': 'https://groceries.asda.com/product/1000001429981', 'product_name': 'Hovis Granary Bread Flour', 'product_price': '£1.79', 'product_additionals': '(£1.79/kg)'}, {'shop': 'tesco', 'url': 'https://www.tesco.com/groceries/en-GB/products/250871708', 'product_name': 'Hovis Granary Thick Bread 800G', 'product_price': '£ 1.45', 'product_additionals': '£0.18/100g'}, {'shop': 'asda', 'url': 'https://groceries.asda.com/product/1670454', 'product_name': 'Hovis Granary Wholemeal Bread', 'product_price': '£1.65', 'product_additionals': '(20.6p/100g)'}, {'shop': 'tesco', 'url': 'https://www.tesco.com/groceries/en-GB/products/254944133', 'product_name': 'Hovis Granary Wholemeal Bread 800G', 'product_price': '£ 1.45', 'product_additionals': '£0.18/100g'}, {'shop': 'asda', 'url': 'https://groceries.asda.com/product/1000001205348', 'product_name': 'Hovis Lower Carb Deliciously Seeded Bread', 'product_price': '£1.10', 'product_additionals': '(27.5p/100g)'}, {'shop': 'sains', 'url': 'https://www.sainsburys.co.uk/shop/gb/groceries/product/details/rednoseday-/hovis-best-of-both-medium-750g', 'product_name': 'Hovis Medium Sliced Best of Both Bread 750g', 'product_price': '£1.15', 'product_additionals': '15p / 100g'}, {'shop': 'asda', 'url': 'https://groceries.asda.com/product/24742', 'product_name': 'Hovis Medium Wholemeal Bread', 'product_price': '£1.10', 'product_additionals': '(13.8p/100g)'}, {'shop': 'asda', 'url': 'https://groceries.asda.com/product/82185114', 'product_name': 'Hovis Nimble Wholemeal Bread', 'product_price': '£0.90', 'product_additionals': '(22.5p/100g)'}, {'shop': 'tesco', 'url': 'https://www.tesco.com/groceries/en-GB/products/274811214', 'product_name': 'Hovis Original 7 Seeds Bread 800G', 'product_price': '£ 1.50', 'product_additionals': '£0.19/100g'}, {'shop': 'tesco', 'url': 'https://www.tesco.com/groceries/en-GB/products/259747508', 'product_name': 'Hovis Original Granary Bread 400G', 'product_price': '£ 0.95', 'product_additionals': '£0.24/100g'}, {'shop': 'asda', 'url': 'https://groceries.asda.com/product/9277509', 'product_name': 'Hovis Original Wheatgerm Bread', 'product_price': '£0.95', 'product_additionals': '(23.8p/100g)'}, {'shop': 'asda', 'url': 'https://groceries.asda.com/product/910000876228', 'product_name': 'Hovis Seed Sensations Seven Seeds Bread', 'product_price': '£1.05', 'product_additionals': '(26.2p/100g)'}, {'shop': 'asda', 'url': 'https://groceries.asda.com/product/910000875750', 'product_name': 'Hovis Seed Sensations Seven Seeds Bread', 'product_price': '£1.64', 'product_additionals': '(20.5p/100g)'}, {'shop': 'asda', 'url': 'https://groceries.asda.com/product/910000876519', 'product_name': 'Hovis Seed Sensations Wholemeal Bread', 'product_price': '£1.65', 'product_additionals': '(20.6p/100g)'}, {'shop': 'sains', 'url': 'https://www.sainsburys.co.uk/shop/gb/groceries/product/details/aldi-price-match/hovis-soft-white-bread--thick-sliced-800g', 'product_name': 'Hovis Soft Thick Sliced White Bread 800g', 'product_price': '£1.10', 'product_additionals': '14p / 100g'}, {'shop': 'tesco', 'url': 'https://www.tesco.com/groceries/en-GB/products/267363266', 'product_name': 'Hovis Soft White Extra Thick Bread 800G', 'product_price': '£ 1.10', 'product_additionals': '£0.14/100g'}, {'shop': 'tesco', 'url': 'https://www.tesco.com/groceries/en-GB/products/256174499', 'product_name': 'Hovis Soft White Medium Bread 800G', 'product_price': '£ 1.09', 'product_additionals': '£0.14/100g'}, {'shop': 'tesco', 'url': 'https://www.tesco.com/groceries/en-GB/products/254550817', 'product_name': 'Hovis Soft White Thick Bread 800G', 'product_price': '£ 1.10', 'product_additionals': '£0.14/100g'}, {'shop': 'asda', 'url': 'https://groceries.asda.com/product/66006934', 'product_name': 'Hovis Tasty Wholemeal Bread', 'product_price': '£0.85', 'product_additionals': '(21.2p/100g)'}, {'shop': 'asda', 'url': 'https://groceries.asda.com/product/22642143', 'product_name': 'Hovis Thick Granary Bread', 'product_price': '£1.45', 'product_additionals': '(18.1p/100g)'}, {'shop': 'asda', 'url': 'https://groceries.asda.com/product/36493', 'product_name': 'Hovis Thick Wholemeal Bread', 'product_price': '£1.10', 'product_additionals': '(13.8p/100g)'}, {'shop': 'tesco', 'url': 'https://www.tesco.com/groceries/en-GB/products/250829858', 'product_name': 'Hovis Wholemeal Medium Bread 400G', 'product_price': '£ 0.85', 'product_additionals': '£0.21/100g'}, {'shop': 'tesco', 'url': 'https://www.tesco.com/groceries/en-GB/products/255000362', 'product_name': 'Hovis Wholemeal Medium Bread 800G', 'product_price': '£ 1.10', 'product_additionals': '£0.14/100g'}, {'shop': 'tesco', 'url': 'https://www.tesco.com/groceries/en-GB/products/263518014', 'product_name': 'Hovis Wholemeal Thick Bread 800G', 'product_price': '£ 1.10', 'product_additionals': '£0.14/100g'}, {'shop': 'asda', 'url': 'https://groceries.asda.com/product/910000463804', 'product_name': "Irwin's Plain Batch White Bread", 'product_price': '£1.19', 'product_additionals': 'No weight data'}, {'shop': 'tesco', 'url': 'https://www.tesco.com/groceries/en-GB/products/308093498', 'product_name': "Irwin's Traditional Wheaten Bread", 'product_price': '£ 1.20', 'product_additionals': '£1.20/each'}, {'shop': 'sains', 'url': 'https://www.sainsburys.co.uk/shop/gb/groceries/product/details/bigger-packs-/jjames-family-12-breaded-british-ham-slices-300g', 'product_name': 'J,James & Family British Breaded Ham 300g, x12 Slices', 'product_price': '£1.37', 'product_additionals': '46p / 100g'}, {'shop': 'sains', 'url': 'https://www.sainsburys.co.uk/shop/gb/groceries/product/details/aldi-price-match/jjames-family-12-breaded-british-ham-slices-300g', 'product_name': 'J,James & Family British Breaded Ham 300g, x12 Slices', 'product_price': '£1.37', 'product_additionals': '46p / 100g'}, {'shop': 'asda', 'url': 'https://groceries.asda.com/product/910001258151', 'product_name': "Jacob's Mixed Grain Crispbread", 'product_price': '£1.50', 'product_additionals': '(79.0p/100g)'}, {'shop': 'asda', 'url': 'https://groceries.asda.com/product/910001257536', 'product_name': "Jacob's Mixed Seed Crispbread", 'product_price': '£1.50', 'product_additionals': '(79.0p/100g)'}, {'shop': 'asda', 'url': 'https://groceries.asda.com/product/910000331114', 'product_name': "Jacob's Salt & Black Pepper Flatbreads", 'product_price': '£1.50', 'product_additionals': '(£1.00/100g)'}, {'shop': 'asda', 'url': 'https://groceries.asda.com/product/910001258488', 'product_name': "Jacob's Simply Baked Chive Crispbread", 'product_price': '£1.50', 'product_additionals': '(79.0p/100g)'}, {'shop': 'tesco', 'url': 'https://www.tesco.com/groceries/en-GB/products/281840917', 'product_name': 'Jacobs Chive Crisp Bread 190G', 'product_price': '£ 1.49', 'product_additionals': '£0.78/100g'}, {'shop': 'tesco', 'url': 'https://www.tesco.com/groceries/en-GB/products/267077511', 'product_name': 'Jacobs Flatbread Salt & Cracked Black Pepper 150G', 'product_price': '£ 1.79', 'product_additionals': '£1.20/100g'}, {'shop': 'tesco', 'url': 'https://www.tesco.com/groceries/en-GB/products/281841254', 'product_name': 'Jacobs Mixed Grain Crisp Bread 190G', 'product_price': '£ 1.49', 'product_additionals': '£0.78/100g'}, {'shop': 'asda', 'url': 'https://groceries.asda.com/product/1000218322073', 'product_name': 'Jahan 4 Breaded Chicken Steaks', 'product_price': '£3.00', 'product_additionals': 'No weight data'}, {'shop': 'asda', 'url': 'https://groceries.asda.com/product/1000232366957', 'product_name': 'Jahan Hot & Spicy Breaded Wings', 'product_price': '£2.50', 'product_additionals': 'No weight data'}, {'shop': 'tesco', 'url': 'https://www.tesco.com/groceries/en-GB/products/261738730', 'product_name': 'Kingsmill 50/50 Medium Bread 800G', 'product_price': '£ 0.85', 'product_additionals': '£0.11/100g'}, {'shop': 'tesco', 'url': 'https://www.tesco.com/groceries/en-GB/products/260630288', 'product_name': 'Kingsmill 50/50 No Crusts Bread 400G', 'product_price': '£ 1.40', 'product_additionals': '£0.35/100g'}, {'shop': 'tesco', 'url': 'https://www.tesco.com/groceries/en-GB/products/252065992', 'product_name': 'Kingsmill 50/50 Thick Bread 800G', 'product_price': '£ 0.85', 'product_additionals': '£0.11/100g'}, {'shop': 'asda', 'url': 'https://groceries.asda.com/product/42747407', 'product_name': 'Kingsmill Medium 50/50 Bread', 'product_price': '£0.85', 'product_additionals': '(10.6p/100g)'}, {'shop': 'asda', 'url': 'https://groceries.asda.com/product/42747415', 'product_name': 'Kingsmill Medium Soft White Bread', 'product_price': '£0.89', 'product_additionals': '(11.1p/100g)'}, {'shop': 'asda', 'url': 'https://groceries.asda.com/product/42747403', 'product_name': 'Kingsmill Medium Tasty Wholemeal Bread', 'product_price': '£0.94', 'product_additionals': '(11.8p/100g)'}, {'shop': 'asda', 'url': 'https://groceries.asda.com/product/31248811', 'product_name': 'Kingsmill No Crusts 50/50 Bread', 'product_price': '£1.50', 'product_additionals': '(37.5p/100g)'}, {'shop': 'asda', 'url': 'https://groceries.asda.com/product/31248810', 'product_name': 'Kingsmill No Crusts Soft White Bread', 'product_price': '£1.40', 'product_additionals': '(35.0p/100g)'}, {'shop': 'asda', 'url': 'https://groceries.asda.com/product/910002327657', 'product_name': 'Kingsmill No Crusts Wholemeal Bread', 'product_price': '£1.40', 'product_additionals': '(35.0p/100g)'}, {'shop': 'tesco', 'url': 'https://www.tesco.com/groceries/en-GB/products/259804954', 'product_name': 'Kingsmill Soft White Medium Bread 800G', 'product_price': '£ 0.95', 'product_additionals': '£0.12/100g'}, {'shop': 'tesco', 'url': 'https://www.tesco.com/groceries/en-GB/products/259804983', 'product_name': 'Kingsmill Soft White Thick Bread 800G', 'product_price': '£ 0.95', 'product_additionals': '£0.12/100g'}, {'shop': 'tesco', 'url': 'https://www.tesco.com/groceries/en-GB/products/252990345', 'product_name': 'Kingsmill Tasty Wholemeal Medium Bread 800G', 'product_price': '£ 0.95', 'product_additionals': '£0.12/100g'}, {'shop': 'asda', 'url': 'https://groceries.asda.com/product/42747409', 'product_name': 'Kingsmill Thick 50/50 Bread', 'product_price': '£0.85', 'product_additionals': '(10.6p/100g)'}, {'shop': 'asda', 'url': 'https://groceries.asda.com/product/42747401', 'product_name': 'Kingsmill Thick Soft White Bread', 'product_price': '£0.89', 'product_additionals': '(11.1p/100g)'}, {'shop': 'asda', 'url': 'https://groceries.asda.com/product/42747405', 'product_name': 'Kingsmill Thick Tasty Wholemeal Bread', 'product_price': '£0.95', 'product_additionals': '(11.9p/100g)'}, {'shop': 'asda', 'url': 'https://groceries.asda.com/product/1000211461112', 'product_name': "Kirsty's Vegan Mediterranean Vegetable Flatbread Pizza", 'product_price': '£2.50', 'product_additionals': 'No weight data'}, {'shop': 'sains', 'url': 'https://www.sainsburys.co.uk/shop/gb/groceries/product/details/milk-free-chocolate-and-biscuits/lazy-day-foods-millionaires-shortbread-150g', 'product_name': "Lazy Day Foods Millionaire's Shortbread 150g", 'product_price': '£2.00', 'product_additionals': '£1.33 / 100g'}, {'shop': 'sains', 'url': 'https://www.sainsburys.co.uk/shop/gb/groceries/product/details/all-dairy-free-food-and-drink/lazy-day-foods-millionaires-shortbread-150g', 'product_name': "Lazy Day Foods Millionaire's Shortbread 150g", 'product_price': '£2.00', 'product_additionals': '£1.33 / 100g'}, {'shop': 'sains', 'url': 'https://www.sainsburys.co.uk/shop/gb/groceries/product/details/gluten-free-biscuits-and-chocolates/lazy-day-foods-millionaires-shortbread-150g', 'product_name': "Lazy Day Foods Millionaire's Shortbread 150g", 'product_price': '£2.00', 'product_additionals': '£1.33 / 100g'}, {'shop': 'asda', 'url': 'https://groceries.asda.com/product/1000002936267', 'product_name': 'Loch Ness Bakery Salted Caramel Shortbread Bites', 'product_price': '£1.65', 'product_additionals': 'No weight data'}, {'shop': 'asda', 'url': 'https://groceries.asda.com/product/1000204779153', 'product_name': 'Lovemore Crispbreads', 'product_price': '£1.20', 'product_additionals': 'No weight data'}, {'shop': 'tesco', 'url': 'https://www.tesco.com/groceries/en-GB/products/293417975', 'product_name': 'Marmite Flatbreads 140G', 'product_price': '£ 2.45', 'product_additionals': '£1.75/100g'}, {'shop': 'asda', 'url': 'https://groceries.asda.com/product/1000013420369', 'product_name': 'Marmite Yeast Extract Flatbreads', 'product_price': '£2.45', 'product_additionals': '(£1.75/100g)'}, {'shop': 'sains', 'url': 'https://www.sainsburys.co.uk/shop/gb/groceries/product/details/protein-food-and-bars/maximuscle-promax-restore-millionnaire-shortbread-flavour-60g', 'product_name': 'Maximuscle Promax Protein Bar Millionaires Shortbread 60g', 'product_price': '£2.00', 'product_additionals': '£3.33 / 100g'}, {'shop': 'sains', 'url': 'https://www.sainsburys.co.uk/shop/gb/groceries/product/details/protein-food-and-bars/maximuscle-protein-bar-millionaires-shortbread-flavour-55g', 'product_name': 'MaxiMuscle Protein Bar Millionaires Shortbread Flavour 55g', 'product_price': '£2.50', 'product_additionals': '£4.55 / 100g'}, {'shop': 'sains', 'url': 'https://www.sainsburys.co.uk/shop/gb/groceries/product/details/all-sports-nutrition-/maximuscle-protein-bites-millionaires-shortbread-flavour-110g', 'product_name': 'MaxiMuscle Protein Bites Millionaires Shortbread Flavour 110g', 'product_price': '£4.50', 'product_additionals': '£4.09 / 100g'}, {'shop': 'asda', 'url': 'https://groceries.asda.com/product/1000242811762', 'product_name': "McVitie's Digestives Gingerbread Milk Chocolate Biscuits", 'product_price': '£1.50', 'product_additionals': '(60.0p/100g)'}, {'shop': 'asda', 'url': 'https://groceries.asda.com/product/1000113394406', 'product_name': "McVitie's Mini Gingerbread Men 6 Packs", 'product_price': '£1.00', 'product_additionals': '(87.7p/100g)'}, {'shop': 'sains', 'url': 'https://www.sainsburys.co.uk/shop/gb/groceries/product/details/all-organic-/mestemacher-organic-sunflower-seed-bread', 'product_name': 'Mestemacher Organic Sunflower Seed Bread', 'product_price': '£1.60', 'product_additionals': '32p / 100g'}, {'shop': 'tesco', 'url': 'https://www.tesco.com/groceries/en-GB/products/308094029', 'product_name': 'Mission 6 Plain Pitta Breads', 'product_price': '£ 0.80', 'product_additionals': '£0.13/each'}, {'shop': 'tesco', 'url': 'https://www.tesco.com/groceries/en-GB/products/306932886', 'product_name': 'Molino Pasini Pizza & Focaccia Bread Mix 1000G', 'product_price': '£ 1.70', 'product_additionals': '£1.70/kg'}, {'shop': 'sains', 'url': 'https://www.sainsburys.co.uk/shop/gb/groceries/product/details/all-chicken-44/moy-park-deliciously-dippable-breaded-chicken-nuggets-425g', 'product_name': 'Moy Park Deliciously Dippable Breaded Chicken Nuggets 425g', 'product_price': '£3.00', 'product_additionals': '£7.06 / kg'}, {'shop': 'sains', 'url': 'https://www.sainsburys.co.uk/shop/gb/groceries/product/details/all-chicken-44/moy-park-incredibly-crunchy-breaded-chicken-goujons-430g', 'product_name': 'Moy Park Incredibly Crunchy Breaded Chicken Goujons 430g', 'product_price': '£3.00', 'product_additionals': '£6.98 / kg'}, {'shop': 'asda', 'url': 'https://groceries.asda.com/product/1000052456652', 'product_name': "Nairn's Gluten Free Flatbread Original", 'product_price': '£1.75', 'product_additionals': 'No weight data'}, {'shop': 'asda', 'url': 'https://groceries.asda.com/product/1000052456286', 'product_name': "Nairn's Gluten Free Flatbread Rosemary & Sea Salt", 'product_price': '£1.75', 'product_additionals': 'No weight data'}, {'shop': 'sains', 'url': 'https://www.sainsburys.co.uk/shop/gb/groceries/product/details/gluten-free-crisps-and-savoury-snacks/nairns-gluten-free-flatbread-rosemary---sea-salt-150g', 'product_name': "Nairn's Gluten Free Flatbread Rosemary & Sea Salt 150g", 'product_price': '£1.50', 'product_additionals': '£1.00 / 100g'}, {'shop': 'sains', 'url': 'https://www.sainsburys.co.uk/shop/gb/groceries/product/details/all-gluten-free-food-and-drink/nairns-gluten-free-flatbread-rosemary---sea-salt-150g', 'product_name': "Nairn's Gluten Free Flatbread Rosemary & Sea Salt 150g", 'product_price': '£1.50', 'product_additionals': '£1.00 / 100g'}, {'shop': 'asda', 'url': 'https://groceries.asda.com/product/1000124381797', 'product_name': "Nairn's Gluten Free Flatbreads Caramelised Onion", 'product_price': '£1.75', 'product_additionals': 'No weight data'}, {'shop': 'tesco', 'url': 'https://www.tesco.com/groceries/en-GB/products/301804113', 'product_name': 'Nairns Gluten Free Rosemary & Sea Salt Flatbreads 150G', 'product_price': '£ 1.75', 'product_additionals': '£1.17/100g'}, {'shop': 'tesco', 'url': 'https://www.tesco.com/groceries/en-GB/products/302289949', 'product_name': 'Nishaan Plain Mini Naan Breads 6 Pack 300G', 'product_price': '£ 1.20', 'product_additionals': '£0.40/100g'}, {'shop': 'tesco', 'url': 'https://www.tesco.com/groceries/en-GB/products/307145249', 'product_name': 'Northern Dough Co. Sourdough Bread Dough 440G', 'product_price': '£ 2.50', 'product_additionals': '£0.57/100g'}, {'shop': 'asda', 'url': 'https://groceries.asda.com/product/910001454708', 'product_name': 'Nutella & Go! Hazelnut Spread with Cocoa and Breadsticks Single', 'product_price': '£1.00', 'product_additionals': '(£2.08/100g)'}, {'shop': 'tesco', 'url': 'https://www.tesco.com/groceries/en-GB/products/255335829', 'product_name': 'Organix Gingerbread Men 135G', 'product_price': '£ 2.00', 'product_additionals': '£1.49/100g'}, {'shop': 'asda', 'url': 'https://groceries.asda.com/product/910003258154', 'product_name': 'Organix Goodies Mini Gingerbread Men Biscuits 12+ Months', 'product_price': '£2.20', 'product_additionals': 'No weight data'}, {'shop': 'tesco', 'url': 'https://www.tesco.com/groceries/en-GB/products/266197791', 'product_name': 'Organix Mini Gingerbread Men 5 X 25G', 'product_price': '£ 2.30', 'product_additionals': '£18.40/kg'}, {'shop': 'sains', 'url': 'https://www.sainsburys.co.uk/shop/gb/groceries/product/details/top-rated-44/organix-12m-goodies-mini-gingerbread-men-5x25g', 'product_name': 'Organix Mini Gingerbread Men Biscuits 5x25g', 'product_price': '£2.30', 'product_additionals': '£1.84 / 100g'}, {'shop': 'aldi', 'url': 'https://www.aldi.co.uk/original-rye-crispbread/p/705395401383800', 'product_name': 'Original Rye Crispbread', 'product_price': '0.59', 'product_additionals': '23.6p per 100g'}, {'shop': 'tesco', 'url': 'https://www.tesco.com/groceries/en-GB/products/250523085', 'product_name': 'Pataks Garlic & Coriander Naan Bread 2 Pack', 'product_price': '£ 1.25', 'product_additionals': '£0.62/each'}, {'shop': 'tesco', 'url': 'https://www.tesco.com/groceries/en-GB/products/259170533', 'product_name': 'Pataks Peshwari Naan Bread 2Pack', 'product_price': '£ 1.25', 'product_additionals': '£0.62/each'}, {'shop': 'tesco', 'url': 'https://www.tesco.com/groceries/en-GB/products/250506912', 'product_name': 'Pataks Plain Naan Bread 2 Pack', 'product_price': '£ 1.25', 'product_additionals': '£0.62/each'}, {'shop': 'asda', 'url': 'https://groceries.asda.com/product/910001074965', 'product_name': "Paterson's Clotted Cream Shortbread Fingers", 'product_price': '£1.00', 'product_additionals': 'No weight data'}, {'shop': 'asda', 'url': 'https://groceries.asda.com/product/910000379020', 'product_name': "Paterson's Delicious Shortbread & Biscuit Assortment", 'product_price': '£2.50', 'product_additionals': 'No weight data'}, {'shop': 'asda', 'url': 'https://groceries.asda.com/product/910001075604', 'product_name': "Paterson's Delicious Shortbread & Biscuit Sharing Assortment in a Tray", 'product_price': '£1.00', 'product_additionals': 'No weight data'}, {'shop': 'asda', 'url': 'https://groceries.asda.com/product/910000336274', 'product_name': "Paterson's Shortbread Fingers", 'product_price': '£1.00', 'product_additionals': 'No weight data'}, {'shop': 'tesco', 'url': 'https://www.tesco.com/groceries/en-GB/products/258199403', 'product_name': "Paterson's Shortbread Fingers 380G", 'product_price': '£ 1.00', 'product_additionals': '£0.26/100g'}, {'shop': 'asda', 'url': 'https://groceries.asda.com/product/80785008', 'product_name': 'Paxo Golden Breadcrumbs', 'product_price': '£1.09', 'product_additionals': '(£4.80/kg)'}, {'shop': 'tesco', 'url': 'https://www.tesco.com/groceries/en-GB/products/262106716', 'product_name': 'Paxo Golden Breadcrumbs 227G', 'product_price': '£ 1.10', 'product_additionals': '£4.85/kg'}, {'shop': 'tesco', 'url': 'https://www.tesco.com/groceries/en-GB/products/262106739', 'product_name': 'Paxo Natural Breadcrumbs 227G', 'product_price': '£ 1.10', 'product_additionals': '£4.85/kg'}, {'shop': 'asda', 'url': 'https://groceries.asda.com/product/1000201691532', 'product_name': 'Paxo Southern Fried Breadcrumbs', 'product_price': '£1.00', 'product_additionals': '(50.0p/100g)'}, {'shop': 'tesco', 'url': 'https://www.tesco.com/groceries/en-GB/products/306805663', 'product_name': 'Paxo Southern Fried Breadcrumbs 200G', 'product_price': '£ 1.30', 'product_additionals': '£6.50/kg'}, {'shop': 'sains', 'url': 'https://www.sainsburys.co.uk/shop/gb/groceries/product/details/watch-the-sport/peters-yard-original-sourdough-crispbread-140g', 'product_name': "Peter's Yard Original Sourdough Crispbread 140g", 'product_price': '£2.40', 'product_additionals': '£1.71 / 100g'}, {'shop': 'sains', 'url': 'https://www.sainsburys.co.uk/shop/gb/groceries/product/details/watch-the-sport/peters-yard-sourdough-seeded-flatbreads-135g', 'product_name': "Peter's Yard Seeded Sourdough Flatbreads 135g", 'product_price': '£2.40', 'product_additionals': '£1.92 / 100g'}, {'shop': 'tesco', 'url': 'https://www.tesco.com/groceries/en-GB/products/296844942', 'product_name': 'Polish Bakery Highlander Bread Sourdough 800G', 'product_price': '£ 1.35', 'product_additionals': '£0.17/100g'}, {'shop': 'tesco', 'url': 'https://www.tesco.com/groceries/en-GB/products/263190209', 'product_name': 'Prymat Breadcrumbs 400G', 'product_price': '£ 1.00', 'product_additionals': '£2.50/kg'}, {'shop': 'asda', 'url': 'https://groceries.asda.com/product/910002531302', 'product_name': 'Prymat Breadcumbs', 'product_price': '£1.00', 'product_additionals': '(25.0p/100g)'}, {'shop': 'asda', 'url': 'https://groceries.asda.com/product/1000157579205', 'product_name': 'Quality Street Limited Edition Matchmakers Gingerbread Flavour', 'product_price': '£1.00', 'product_additionals': '(83.3p/100g)'}, {'shop': 'asda', 'url': 'https://groceries.asda.com/product/910000869886', 'product_name': 'Quorn Meat Free Mini Breaded Fillets', 'product_price': '£2.50', 'product_additionals': 'No weight data'}, {'shop': 'asda', 'url': 'https://groceries.asda.com/product/910002299993', 'product_name': "Riya's Lavash Bread", 'product_price': '£1.25', 'product_additionals': 'No weight data'}, {'shop': 'asda', 'url': 'https://groceries.asda.com/product/910002370521', 'product_name': "Riya's Original Recipe 3 Garlic & Coriander Naan Bread", 'product_price': '£1.20', 'product_additionals': '(30.8p/100g)'}, {'shop': 'asda', 'url': 'https://groceries.asda.com/product/910002370522', 'product_name': "Riya's Original Recipe 3 Plain Naan Bread", 'product_price': '£1.20', 'product_additionals': '(30.8p/100g)'}, {'shop': 'asda', 'url': 'https://groceries.asda.com/product/1000128213075', 'product_name': "Riya's Original Recipe Garlic & Coriander Naan Bread", 'product_price': '£1.30', 'product_additionals': 'No weight data'}, {'shop': 'asda', 'url': 'https://groceries.asda.com/product/1000128213084', 'product_name': "Riya's Original Recipe Plain Naan Bread", 'product_price': '£1.30', 'product_additionals': 'No weight data'}, {'shop': 'asda', 'url': 'https://groceries.asda.com/product/1000128213089', 'product_name': "Riya's Original Recipe Spicy Naan Bread", 'product_price': '£1.30', 'product_additionals': 'No weight data'}, {'shop': 'asda', 'url': 'https://groceries.asda.com/product/1483913', 'product_name': 'Roberts Bakery Medium White Bread', 'product_price': '£1.00', 'product_additionals': '(12.5p/100g)'}, {'shop': 'asda', 'url': 'https://groceries.asda.com/product/77752150', 'product_name': 'Roberts Bakery Mega Thick White Bread', 'product_price': '£1.00', 'product_additionals': '(12.5p/100g)'}, {'shop': 'asda', 'url': 'https://groceries.asda.com/product/1483914', 'product_name': 'Roberts Bakery Thick White Bread', 'product_price': '£1.00', 'product_additionals': '(12.5p/100g)'}, {'shop': 'tesco', 'url': 'https://www.tesco.com/groceries/en-GB/products/301012347', 'product_name': 'Ryvita Chia Seed & Buckwheat Protein Crisp Bread 200G', 'product_price': '£ 1.60', 'product_additionals': '£0.80/100g'}, {'shop': 'tesco', 'url': 'https://www.tesco.com/groceries/en-GB/products/266319153', 'product_name': 'Ryvita Cracked Black Pepper Crisp Bread 5X40g', 'product_price': '£ 0.99', 'product_additionals': '£0.50/100g'}, {'shop': 'tesco', 'url': 'https://www.tesco.com/groceries/en-GB/products/254926368', 'product_name': 'Ryvita Crackerbread 200G', 'product_price': '£ 1.19', 'product_additionals': '£0.60/100g'}, {'shop': 'sains', 'url': 'https://www.sainsburys.co.uk/shop/gb/groceries/product/details/200-calories-or-less/ryvita-black-pepper-crispbread-200g', 'product_name': 'Ryvita Crunchy Rye Bread Cracked Black Pepper 5x40g', 'product_price': '£1.60', 'product_additionals': '80p / 100g'}, {'shop': 'sains', 'url': 'https://www.sainsburys.co.uk/shop/gb/groceries/product/details/all-price-lock/ryvita-dark-rye-250g', 'product_name': 'Ryvita Crunchy Rye Bread Dark Rye 250g', 'product_price': '£1.00', 'product_additionals': '40p / 100g'}, {'shop': 'sains', 'url': 'https://www.sainsburys.co.uk/shop/gb/groceries/product/details/200-calories-or-less/ryvita-crispbread--multigrain-250g', 'product_name': 'Ryvita Crunchy Rye Bread Multigrain 6 x40g', 'product_price': '£1.00', 'product_additionals': '40p / 100g'}, {'shop': 'sains', 'url': 'https://www.sainsburys.co.uk/shop/gb/groceries/product/details/new-trending-special-offers/ryvita-crispbread--multigrain-250g', 'product_name': 'Ryvita Crunchy Rye Bread Multigrain 6 x40g', 'product_price': '£1.00', 'product_additionals': '40p / 100g'}, {'shop': 'sains', 'url': 'https://www.sainsburys.co.uk/shop/gb/groceries/product/details/200-calories-or-less/ryvita-crispbread--sesame-seed-250g', 'product_name': 'Ryvita Crunchy Rye Bread Sesame 6x40g', 'product_price': '£1.00', 'product_additionals': '40p / 100g'}, {'shop': 'tesco', 'url': 'https://www.tesco.com/groceries/en-GB/products/256001031', 'product_name': 'Ryvita Dark Rye Crisp Bread 250G', 'product_price': '£ 1.19', 'product_additionals': '£0.48/100g'}, {'shop': 'asda', 'url': 'https://groceries.asda.com/product/8667410', 'product_name': 'Ryvita Dark Rye Crispbread', 'product_price': '£1.19', 'product_additionals': '(47.6p/100g)'}, {'shop': 'asda', 'url': 'https://groceries.asda.com/product/910002492963', 'product_name': 'Ryvita Deli Cracked Black Pepper Rye Crispbread', 'product_price': '£1.59', 'product_additionals': '(79.5p/100g)'}, {'shop': 'asda', 'url': 'https://groceries.asda.com/product/910002492316', 'product_name': 'Ryvita Deli Pumpkin Seeds & Oats Rye Crispbread', 'product_price': '£1.59', 'product_additionals': '(79.5p/100g)'}, {'shop': 'asda', 'url': 'https://groceries.asda.com/product/910002493093', 'product_name': 'Ryvita Deli Sweet Onion Rye Crispbread 5 Packs of 4 Crispbreads', 'product_price': '£1.59', 'product_additionals': '(79.5p/100g)'}, {'shop': 'tesco', 'url': 'https://www.tesco.com/groceries/en-GB/products/261212413', 'product_name': 'Ryvita Fruit Crunch Crisp Bread 200G', 'product_price': '£ 0.99', 'product_additionals': '£0.50/100g'}, {'shop': 'asda', 'url': 'https://groceries.asda.com/product/910000471904', 'product_name': 'Ryvita Fruit Crunch Crispbread', 'product_price': '£1.59', 'product_additionals': '(79.5p/100g)'}, {'shop': 'asda', 'url': 'https://groceries.asda.com/product/1000065970538', 'product_name': 'Ryvita Multigrain Crunchy Rye Breads', 'product_price': '£1.25', 'product_additionals': '(50.0p/100g)'}, {'shop': 'tesco', 'url': 'https://www.tesco.com/groceries/en-GB/products/251107559', 'product_name': 'Ryvita Multigrain Rye Bread 250G', 'product_price': '£ 1.25', 'product_additionals': '£0.50/100g'}, {'shop': 'asda', 'url': 'https://groceries.asda.com/product/19839', 'product_name': 'Ryvita Original Crackerbread', 'product_price': '£1.19', 'product_additionals': '(59.5p/100g)'}, {'shop': 'tesco', 'url': 'https://www.tesco.com/groceries/en-GB/products/256001296', 'product_name': 'Ryvita Original Crisp Bread 250G', 'product_price': '£ 1.19', 'product_additionals': '£0.48/100g'}, {'shop': 'asda', 'url': 'https://groceries.asda.com/product/8667409', 'product_name': 'Ryvita Original Crispbread', 'product_price': '£1.19', 'product_additionals': '(47.6p/100g)'}, {'shop': 'asda', 'url': 'https://groceries.asda.com/product/1000134959119', 'product_name': 'Ryvita Protein Chia Seed & Buckwheat Crispbreads', 'product_price': '£1.59', 'product_additionals': '(79.5p/100g)'}, {'shop': 'tesco', 'url': 'https://www.tesco.com/groceries/en-GB/products/255269055', 'product_name': 'Ryvita Pumpkin & Oats Crisp Bread 4X50g', 'product_price': '£ 0.99', 'product_additionals': '£0.50/100g'}, {'shop': 'tesco', 'url': 'https://www.tesco.com/groceries/en-GB/products/254926420', 'product_name': 'Ryvita Sesame Crisp Bread 250G', 'product_price': '£ 1.25', 'product_additionals': '£0.50/100g'}, {'shop': 'asda', 'url': 'https://groceries.asda.com/product/1000065970374', 'product_name': 'Ryvita Simply Sesame Crunchy Rye Breads', 'product_price': '£1.25', 'product_additionals': '(50.0p/100g)'}, {'shop': 'asda', 'url': 'https://groceries.asda.com/product/910002492675', 'product_name': 'Ryvita Thins Caramelised Onion Flatbreads', 'product_price': '£1.00', 'product_additionals': '(80.0p/100g)'}, {'shop': 'asda', 'url': 'https://groceries.asda.com/product/910000421309', 'product_name': 'Ryvita Thins Cheddar and Cracked Black Pepper Flatbread', 'product_price': '£1.00', 'product_additionals': '(80.0p/100g)'}, {'shop': 'asda', 'url': 'https://groceries.asda.com/product/78840573', 'product_name': 'Ryvita Thins Multi-Seed Flatbreads', 'product_price': '£1.00', 'product_additionals': '(80.0p/100g)'}, {'shop': 'asda', 'url': 'https://groceries.asda.com/product/1000134959115', 'product_name': 'Ryvita Thins Rosemary & Sea Salt Flatbreads', 'product_price': '£1.00', 'product_additionals': '(80.0p/100g)'}, {'shop': 'asda', 'url': 'https://groceries.asda.com/product/910000254290', 'product_name': 'Ryvita Thins Sweet Chilli Flatbreads', 'product_price': '£1.00', 'product_additionals': '(80.0p/100g)'}, {'shop': 'asda', 'url': 'https://groceries.asda.com/product/910003108937', 'product_name': 'Ryvita Thins Three Cheese Flatbreads', 'product_price': '£1.00', 'product_additionals': '(80.0p/100g)'}, {'shop': 'tesco', 'url': 'https://www.tesco.com/groceries/en-GB/products/263232582', 'product_name': 'Ryvita Whole- Grain Cracker- Bread 125G', 'product_price': '£ 1.19', 'product_additionals': '£0.95/100g'}, {'shop': 'asda', 'url': 'https://groceries.asda.com/product/910000033515', 'product_name': 'Ryvita Wholegrain Crackerbread', 'product_price': '£1.19', 'product_additionals': '(95.2p/100g)'}, {'shop': 'sains', 'url': 'https://www.sainsburys.co.uk/shop/gb/groceries/product/details/taste-the-difference-meat-fish/sainsburys-breaded-air-dried-ham-finely-sliced--taste-the-difference-120g', 'product_name': "Sainsbury's Air Dried Breaded Finely Sliced Ham, Taste the Difference 120g", 'product_price': '£2.75', 'product_additionals': '£2.29 / 100g'}, {'shop': 'sains', 'url': 'https://www.sainsburys.co.uk/shop/gb/groceries/product/details/all-ham--deli-meats---dips/sainsburys-breaded-air-dried-ham-finely-sliced--taste-the-difference-120g', 'product_name': "Sainsbury's Air Dried Breaded Finely Sliced Ham, Taste the Difference 120g", 'product_price': '£2.75', 'product_additionals': '£2.29 / 100g'}, {'shop': 'sains', 'url': 'https://www.sainsburys.co.uk/shop/gb/groceries/product/details/all-gifting/sainsburys-all-butter-shortbread-assortment-tin-240g', 'product_name': "Sainsbury's All Butter Shortbread Assortment Tin 240g", 'product_price': '£4.50', 'product_additionals': '£1.88 / 100g'}, {'shop': 'sains', 'url': 'https://www.sainsburys.co.uk/shop/gb/groceries/product/details/all-chicken-44/sainsburys-breaded-british-chicken-burgers-x2-230g', 'product_name': "Sainsbury's Breaded British Chicken Burgers x2 230g", 'product_price': '£2.00', 'product_additionals': '£8.70 / kg'}, {'shop': 'sains', 'url': 'https://www.sainsburys.co.uk/shop/gb/groceries/product/details/snacking-and-lunchbox-cheeses/sainsburys-breaded-camembert--taste-the-difference-x2-200g', 'product_name': "Sainsbury's Breaded Camembert Cheese, Taste the Difference x2 200g", 'product_price': '£2.50', 'product_additionals': '£12.50 / kg'}, {'shop': 'sains', 'url': 'https://www.sainsburys.co.uk/shop/gb/groceries/product/details/speciality-and-continental-cheeses/sainsburys-breaded-camembert--taste-the-difference-x2-200g', 'product_name': "Sainsbury's Breaded Camembert Cheese, Taste the Difference x2 200g", 'product_price': '£2.50', 'product_additionals': '£12.50 / kg'}, {'shop': 'sains', 'url': 'https://www.sainsburys.co.uk/shop/gb/groceries/product/details/meatandfish-essentials/sainsburys-breaded-chicken-fillets-x2-350g', 'product_name': "Sainsbury's Breaded Chicken Breast Fillets x2 350g", 'product_price': '£2.50', 'product_additionals': '£7.14 / kg'}, {'shop': 'sains', 'url': 'https://www.sainsburys.co.uk/shop/gb/groceries/product/details/all-chicken-44/sainsburys-breaded-chicken-fillets-x2-350g', 'product_name': "Sainsbury's Breaded Chicken Breast Fillets x2 350g", 'product_price': '£2.50', 'product_additionals': '£7.14 / kg'}, {'shop': 'sains', 'url': 'https://www.sainsburys.co.uk/shop/gb/groceries/product/details/taste-the-difference-meat-fish/sainsburys-breaded-chunky-cod--taste-the-difference-x2-350g', 'product_name': "Sainsbury's Breaded Chunky Cod, Taste the Difference x2 350g", 'product_price': '£3.50', 'product_additionals': '£10.00 / kg'}, {'shop': 'sains', 'url': 'https://www.sainsburys.co.uk/shop/gb/groceries/product/details/sustainable-seafood/sainsburys-breaded-cod-fillets-x2-300g', 'product_name': "Sainsbury's Breaded Cod Whole Fillets x2 300g", 'product_price': '£3.00', 'product_additionals': '£10.00 / kg'}, {'shop': 'sains', 'url': 'https://www.sainsburys.co.uk/shop/gb/groceries/product/details/sustainable-seafood/sainsburys-breaded-haddock-fillets-x2-300g', 'product_name': "Sainsbury's Breaded Haddock Whole Fillets x2 300g", 'product_price': '£3.00', 'product_additionals': '£10.00 / kg'}, {'shop': 'sains', 'url': 'https://www.sainsburys.co.uk/shop/gb/groceries/product/details/fresh-pizza-and-pasta-and-garlic-bread/sainsburys-breaded-mushrooms-350g-8032606-p-44', 'product_name': "Sainsbury's Breaded Mushrooms 350g", 'product_price': '£2.50', 'product_additionals': '£7.14 / kg'}, {'shop': 'sains', 'url': 'https://www.sainsburys.co.uk/shop/gb/groceries/product/details/big-night-in/sainsburys-breaded-mushrooms-350g', 'product_name': "Sainsbury's Breaded Mushrooms Takeaway Sides 350g", 'product_price': '£2.50', 'product_additionals': '£7.14 / kg'}, {'shop': 'sains', 'url': 'https://www.sainsburys.co.uk/shop/gb/groceries/product/details/fresh-pizza-and-pasta-and-garlic-bread/sainsburys-breaded-mushrooms-350g', 'product_name': "Sainsbury's Breaded Mushrooms Takeaway Sides 350g", 'product_price': '£2.50', 'product_additionals': '£7.14 / kg'}, {'shop': 'sains', 'url': 'https://www.sainsburys.co.uk/shop/gb/groceries/product/details/easter-special-offers/sainsburys-breaded-plaice-fillets-x2-260g', 'product_name': "Sainsbury's Breaded Plaice Fillets x2 260g", 'product_price': '£2.50', 'product_additionals': '£9.62 / kg'}, {'shop': 'sains', 'url': 'https://www.sainsburys.co.uk/shop/gb/groceries/product/details/cod---white-fish/sainsburys-breaded-plaice-fillets-x2-300g', 'product_name': "Sainsbury's Breaded Plaice Fillets x2 300g", 'product_price': '£3.00', 'product_additionals': '£10.00 / kg'}, {'shop': 'sains', 'url': 'https://www.sainsburys.co.uk/shop/gb/groceries/product/details/all-price-lock/sainsburys-breaded-plaice-fillets-x2-300g', 'product_name': "Sainsbury's Breaded Plaice Fillets x2 300g", 'product_price': '£3.00', 'product_additionals': '£10.00 / kg'}, {'shop': 'sains', 'url': 'https://www.sainsburys.co.uk/shop/gb/groceries/product/details/all-ham--deli-meats---dips/sainsburys-breaded-yorkshire-ham--taste-the-difference-120g-7732081-p-44', 'product_name': "Sainsbury's Breaded Yorkshire Ham, Taste the Difference 120g", 'product_price': '£2.75', 'product_additionals': '£2.29 / 100g'}, {'shop': 'sains', 'url': 'https://www.sainsburys.co.uk/shop/gb/groceries/product/details/meatandfish-essentials/sainsburys-breaded-yorkshire-ham--taste-the-difference-120g-7732081-p-44', 'product_name': "Sainsbury's Breaded Yorkshire Ham, Taste the Difference 120g", 'product_price': '£2.75', 'product_additionals': '£2.29 / 100g'}, {'shop': 'sains', 'url': 'https://www.sainsburys.co.uk/shop/gb/groceries/product/details/ham/sainsburys-breaded-yorkshire-ham--taste-the-difference-120g-7732081-p-44', 'product_name': "Sainsbury's Breaded Yorkshire Ham, Taste the Difference 120g", 'product_price': '£2.75', 'product_additionals': '£2.29 / 100g'}, {'shop': 'sains', 'url': 'https://www.sainsburys.co.uk/shop/gb/groceries/product/details/sunday-lunch/sainsburys-brioche-bread---butter-pud--taste-the-difference-535g', 'product_name': "Sainsbury's Brioche Bread & Butter Pudding Dessert, Taste the Difference 535g", 'product_price': '£4.00', 'product_additionals': '75p / 100g'}, {'shop': 'sains', 'url': 'https://www.sainsburys.co.uk/shop/gb/groceries/product/details/top-rated-44/sainsburys-brioche-bread---butter-pud--taste-the-difference-535g', 'product_name': "Sainsbury's Brioche Bread & Butter Pudding Dessert, Taste the Difference 535g", 'product_price': '£4.00', 'product_additionals': '75p / 100g'}, {'shop': 'sains', 'url': 'https://www.sainsburys.co.uk/shop/gb/groceries/product/details/all-mothers-day/sainsburys-brioche-bread---butter-pud--taste-the-difference-535g', 'product_name': "Sainsbury's Brioche Bread & Butter Pudding Dessert, Taste the Difference 535g", 'product_price': '£4.00', 'product_additionals': '75p / 100g'}, {'shop': 'sains', 'url': 'https://www.sainsburys.co.uk/shop/gb/groceries/product/details/special-offers-/sainsburys-brioche-bread---butter-pud--taste-the-difference-535g', 'product_name': "Sainsbury's Brioche Bread & Butter Pudding Dessert, Taste the Difference 535g", 'product_price': '£4.00', 'product_additionals': '75p / 100g'}, {'shop': 'sains', 'url': 'https://www.sainsburys.co.uk/shop/gb/groceries/product/details/meat-fish-bigger-packs/sainsburys-breaded-ham-family-size-375g', 'product_name': "Sainsbury's British Breaded Carvery Ham 375g, x12 Slices", 'product_price': '£3.50', 'product_additionals': '93p / 100g'}, {'shop': 'sains', 'url': 'https://www.sainsburys.co.uk/shop/gb/groceries/product/details/dairy-and-chilled-essentials/sainsburys-british-breaded-ham-120g', 'product_name': "Sainsbury's British Breaded Ham 120g x7, Slices", 'product_price': '£1.75', 'product_additionals': '£1.46 / 100g'}, {'shop': 'sains', 'url': 'https://www.sainsburys.co.uk/shop/gb/groceries/product/details/first-shop-essentials/sainsburys-breaded-ham-240g', 'product_name': "Sainsbury's British Breaded Ham 240g, x14 Slices", 'product_price': '£2.25', 'product_additionals': '94p / 100g'}, {'shop': 'sains', 'url': 'https://www.sainsburys.co.uk/shop/gb/groceries/product/details/all-ham--deli-meats---dips/sainsburys-breaded-ham-240g', 'product_name': "Sainsbury's British Breaded Ham 240g, x14 Slices", 'product_price': '£2.25', 'product_additionals': '94p / 100g'}, {'shop': 'sains', 'url': 'https://www.sainsburys.co.uk/shop/gb/groceries/product/details/meatandfish-essentials/sainsburys-breaded-ham-240g', 'product_name': "Sainsbury's British Breaded Ham 240g, x14 Slices", 'product_price': '£2.25', 'product_additionals': '94p / 100g'}, {'shop': 'sains', 'url': 'https://www.sainsburys.co.uk/shop/gb/groceries/product/details/ham/sainsburys-breaded-ham-240g', 'product_name': "Sainsbury's British Breaded Ham 240g, x14 Slices", 'product_price': '£2.25', 'product_additionals': '94p / 100g'}, {'shop': 'sains', 'url': 'https://www.sainsburys.co.uk/shop/gb/groceries/product/details/ham/sainsburys-british-breaded-ham--be-good-to-yourself-100g', 'product_name': "Sainsbury's British Breaded Ham, Be Good To Yourself 100g, x5 Slices", 'product_price': '£1.75', 'product_additionals': '£1.75 / 100g'}, {'shop': 'sains', 'url': 'https://www.sainsburys.co.uk/shop/gb/groceries/product/details/ham/sainsburys-breaded-thick-cut-ham-120g', 'product_name': "Sainsbury's British Breaded Thick Cut Ham 120g, x4 Slices", 'product_price': '£1.50', 'product_additionals': '£1.25 / 100g'}, {'shop': 'sains', 'url': 'https://www.sainsburys.co.uk/shop/gb/groceries/product/details/all-ham--deli-meats---dips/sainsburys-breaded-thick-cut-ham-120g', 'product_name': "Sainsbury's British Breaded Thick Cut Ham 120g, x4 Slices", 'product_price': '£1.50', 'product_additionals': '£1.25 / 100g'}, {'shop': 'sains', 'url': 'https://www.sainsburys.co.uk/shop/gb/groceries/product/details/meatandfish-essentials/sainsburys-breaded-wiltshire-cured-ham--taste-the-difference-120g', 'product_name': "Sainsbury's British Breaded Wiltshire Cured Ham, Taste the Difference 120g", 'product_price': '£2.00', 'product_additionals': '£1.67 / 100g'}, {'shop': 'sains', 'url': 'https://www.sainsburys.co.uk/shop/gb/groceries/product/details/cooked-meats-deli-and-dips-special-offers/sainsburys-breaded-wiltshire-cured-ham--taste-the-difference-120g', 'product_name': "Sainsbury's British Breaded Wiltshire Cured Ham, Taste the Difference 120g", 'product_price': '£2.00', 'product_additionals': '£1.67 / 100g'}, {'shop': 'sains', 'url': 'https://www.sainsburys.co.uk/shop/gb/groceries/product/details/pizza-pasta-garlic-bread-special-offers/sainsburys-cheese-garlic-flatbread-224g', 'product_name': "Sainsbury's Cheese & Garlic Flatbread 224g", 'product_price': '£1.20', 'product_additionals': '53p / 100g'}, {'shop': 'sains', 'url': 'https://www.sainsburys.co.uk/shop/gb/groceries/product/details/meals-for-tonight/sainsburys-cheese-garlic-flatbread-224g', 'product_name': "Sainsbury's Cheese & Garlic Flatbread 224g", 'product_price': '£1.20', 'product_additionals': '53p / 100g'}, {'shop': 'sains', 'url': 'https://www.sainsburys.co.uk/shop/gb/groceries/product/details/all-price-lock/sainsburys-ciabatta-bread-mix--taste-the-difference-500g', 'product_name': "Sainsbury's Ciabatta Bread Mix, Taste the Difference 500g", 'product_price': '£1.00', 'product_additionals': '£2.00 / kg'}, {'shop': 'sains', 'url': 'https://www.sainsburys.co.uk/shop/gb/groceries/product/details/all-fish-seafood/sainsburys-freefrom-breaded-cod-300g', 'product_name': "Sainsbury's Deliciously Free From Breaded Cod 300g", 'product_price': '£3.50', 'product_additionals': '£1.17 / 100g'}, {'shop': 'sains', 'url': 'https://www.sainsburys.co.uk/shop/gb/groceries/product/details/cod---white-fish/sainsburys-freefrom-breaded-cod-300g', 'product_name': "Sainsbury's Deliciously Free From Breaded Cod 300g", 'product_price': '£3.50', 'product_additionals': '£1.17 / 100g'}, {'shop': 'sains', 'url': 'https://www.sainsburys.co.uk/shop/gb/groceries/product/details/gluten-free-biscuits-and-chocolates/sainsburys-freefrom-gingerbread-man-32g', 'product_name': "Sainsbury's Deliciously Free From Gingerbread Man 32g", 'product_price': '£1.00', 'product_additionals': '£3.13 / 100g'}, {'shop': 'sains', 'url': 'https://www.sainsburys.co.uk/shop/gb/groceries/product/details/all-gluten-free-food-and-drink/sainsburys-freefrom-white-loaf-535g', 'product_name': "Sainsbury's Deliciously Free From Gluten Free White Bread 535g", 'product_price': '£1.80', 'product_additionals': '34p / 100g'}, {'shop': 'sains', 'url': 'https://www.sainsburys.co.uk/shop/gb/groceries/product/details/all-gluten-free-food-and-drink/sainsburys-freefrom-shortbread-200g', 'product_name': "Sainsbury's Deliciously Free From Shortbread 200g", 'product_price': '£1.50', 'product_additionals': '75p / 100g'}, {'shop': 'sains', 'url': 'https://www.sainsburys.co.uk/shop/gb/groceries/product/details/price-lock-bakery/sainsburys-farmhouse-loaf-white-bread-800g-6504660-p', 'product_name': "Sainsbury's Farmhouse Loaf White Bread 800g", 'product_price': '£1.10', 'product_additionals': '14p / 100g'}, {'shop': 'sains', 'url': 'https://www.sainsburys.co.uk/shop/gb/groceries/product/details/sustainable-seafood/sainsburys-formed-breaded-haddock-300g', 'product_name': "Sainsbury's Formed Breaded Haddock 300g", 'product_price': '£1.95', 'product_additionals': '£6.50 / kg'}, {'shop': 'sains', 'url': 'https://www.sainsburys.co.uk/shop/gb/groceries/product/details/pizza-pasta-garlic-bread-special-offers/sainsburys-garlic-flatbread-210g', 'product_name': "Sainsbury's Garlic Flatbread 210g", 'product_price': '£1.20', 'product_additionals': '57p / 100g'}, {'shop': 'sains', 'url': 'https://www.sainsburys.co.uk/shop/gb/groceries/product/details/all-ready-meals-/sainsburys-garlic-flatbread--taste-the-difference-195g', 'product_name': "Sainsbury's Garlic Flatbread, Taste the Difference 195g", 'product_price': '£2.25', 'product_additionals': '£1.15 / 100g'}, {'shop': 'sains', 'url': 'https://www.sainsburys.co.uk/shop/gb/groceries/product/details/price-lock-bakery/sainsburys-giraffe-bread-tiger-800g', 'product_name': "Sainsbury's Giraffe Bread (Tiger) 800g", 'product_price': '£1.10', 'product_additionals': '14p / 100g'}, {'shop': 'sains', 'url': 'https://www.sainsburys.co.uk/shop/gb/groceries/product/details/new-355373-44/sainsburys-home-gingerbread-silicone-cookie-cutter-x3-125365951-p', 'product_name': "Sainsbury's Home Gingerbread Silicone Cookie Cutter x3", 'product_price': '£4.50', 'product_additionals': '£4.50 / ea'}, {'shop': 'sains', 'url': 'https://www.sainsburys.co.uk/shop/gb/groceries/product/details/special-offers-/sainsburys-kalamata-olive-bread-taste-the-difference-400g-6767562-p', 'product_name': "Sainsbury's Kalamata Olive Bread Taste the Difference 400g", 'product_price': '£1.70', 'product_additionals': '43p / 100g'}, {'shop': 'sains', 'url': 'https://www.sainsburys.co.uk/shop/gb/groceries/product/details/price-lock-bakery/sainsburys-mini-gingerbread-men-x30', 'product_name': "Sainsbury's Mini Gingerbread Men x30", 'product_price': '£1.50', 'product_additionals': '5p / ea'}, {'shop': 'sains', 'url': 'https://www.sainsburys.co.uk/shop/gb/groceries/product/details/all-chicken-44/sainsburys-plain-breaded-british-chicken-pop-selection-300g', 'product_name': "Sainsbury's Plain Breaded British Chicken Pop Selection 300g", 'product_price': '£2.75', 'product_additionals': '£9.17 / kg'}, {'shop': 'sains', 'url': 'https://www.sainsburys.co.uk/shop/gb/groceries/product/details/all-price-lock/sainsburys-sandwich-loaf-white-bread-800g-6539298-p', 'product_name': "Sainsbury's Sandwich Loaf White Bread 800g", 'product_price': '£1.10', 'product_additionals': '14p / 100g'}, {'shop': 'sains', 'url': 'https://www.sainsburys.co.uk/shop/gb/groceries/product/details/all-fish-seafood/sainsburys-smoked-haddock-with-cheese---chive-400g', 'product_name': "Sainsbury's Smoked Haddock Fillets with Cheese & Breadcrumb Topping x2 400g", 'product_price': '£3.75', 'product_additionals': '£9.87 / kg'}, {'shop': 'sains', 'url': 'https://www.sainsburys.co.uk/shop/gb/groceries/product/details/special-offers-/sainsburys-multi-seeded-wholemeal-bread--taste-the-difference-800g', 'product_name': "Sainsbury's Soft Multiseed Farmhouse Thick Sliced Wholemeal Bread, Taste the Difference 800g", 'product_price': '£1.10', 'product_additionals': '14p / 100g'}, {'shop': 'sains', 'url': 'https://www.sainsburys.co.uk/shop/gb/groceries/product/details/breakfastbrunch/sainsburys-sourdough-bread--taste-the-difference-400g', 'product_name': "Sainsbury's Sourdough Medium Sliced White Bread, Taste the Difference 400g", 'product_price': '£1.50', 'product_additionals': '38p / 100g'}, {'shop': 'sains', 'url': 'https://www.sainsburys.co.uk/shop/gb/groceries/product/details/special-offers-/sainsburys-sourdough-bread--taste-the-difference-400g', 'product_name': "Sainsbury's Sourdough Medium Sliced White Bread, Taste the Difference 400g", 'product_price': '£1.50', 'product_additionals': '38p / 100g'}, {'shop': 'sains', 'url': 'https://www.sainsburys.co.uk/shop/gb/groceries/product/details/breakfast-in-bed/sainsburys-sourdough-bread--taste-the-difference-400g', 'product_name': "Sainsbury's Sourdough Medium Sliced White Bread, Taste the Difference 400g", 'product_price': '£1.50', 'product_additionals': '38p / 100g'}, {'shop': 'sains', 'url': 'https://www.sainsburys.co.uk/shop/gb/groceries/product/details/all-chicken-44/sainsburys-southern-fried-breast-fillet-320g', 'product_name': "Sainsbury's Southern Fried Breaded Chicken Breast Fillets x2 315g", 'product_price': '£3.00', 'product_additionals': '£9.52 / kg'}, {'shop': 'sains', 'url': 'https://www.sainsburys.co.uk/shop/gb/groceries/product/details/meatandfish-essentials/sainsburys-southern-fried-breast-fillet-320g', 'product_name': "Sainsbury's Southern Fried Breaded Chicken Breast Fillets x2 315g", 'product_price': '£3.00', 'product_additionals': '£9.52 / kg'}, {'shop': 'sains', 'url': 'https://www.sainsburys.co.uk/shop/gb/groceries/product/details/all-chicken-44/sainsburys-southern-fried-breaded-goujons-350g', 'product_name': "Sainsbury's Southern Fried Breaded Chicken Goujons 325g", 'product_price': '£2.05', 'product_additionals': '£6.31 / kg'}, {'shop': 'sains', 'url': 'https://www.sainsburys.co.uk/shop/gb/groceries/product/details/price-lock-bakery/sainsburys-split-tin-white-bread-800g-6539339-p', 'product_name': "Sainsbury's Split Tin White Bread 800g", 'product_price': '£1.10', 'product_additionals': '14p / 100g'}, {'shop': 'sains', 'url': 'https://www.sainsburys.co.uk/shop/gb/groceries/product/details/all-easter-/sainsburys-strong-white-bread-flour--unbleached-15kg', 'product_name': "Sainsbury's Strong White Unbleached Bread Flour 1.5kg", 'product_price': '£1.05', 'product_additionals': '70p / kg'}, {'shop': 'sains', 'url': 'https://www.sainsburys.co.uk/shop/gb/groceries/product/details/easter-special-offers/sainsburys-strong-white-bread-flour--unbleached-15kg', 'product_name': "Sainsbury's Strong White Unbleached Bread Flour 1.5kg", 'product_price': '£1.05', 'product_additionals': '70p / kg'}, {'shop': 'sains', 'url': 'https://www.sainsburys.co.uk/shop/gb/groceries/product/details/first-shop-essentials/sainsburys-strong-white-bread-flour--unbleached-15kg', 'product_name': "Sainsbury's Strong White Unbleached Bread Flour 1.5kg", 'product_price': '£1.05', 'product_additionals': '70p / kg'}, {'shop': 'sains', 'url': 'https://www.sainsburys.co.uk/shop/gb/groceries/product/details/all-fish-seafood/sainsburys-sweet-chilli-breaded-prawns-180g', 'product_name': "Sainsbury's Sweet Chilli Breaded Prawns 180g", 'product_price': '£2.75', 'product_additionals': '£1.53 / 100g'}, {'shop': 'sains', 'url': 'https://www.sainsburys.co.uk/shop/gb/groceries/product/details/all-price-lock/sainsburys-thick-sliced-wholemeal-bread-800g', 'product_name': "Sainsbury's Thick Sliced Wholemeal Bread 800g", 'product_price': '55p', 'product_additionals': '7p / 100g'}, {'shop': 'sains', 'url': 'https://www.sainsburys.co.uk/shop/gb/groceries/product/details/vegan-food/sainsburys-toastie-sliced-white-bread-400g', 'product_name': "Sainsbury's Toastie Sliced White Bread 400g", 'product_price': '50p', 'product_additionals': '13p / 100g'}, {'shop': 'sains', 'url': 'https://www.sainsburys.co.uk/shop/gb/groceries/product/details/vegan-food/sainsburys-toastie-extra-thick-sliced-white-bread-800g', 'product_name': "Sainsbury's Toastie Thick Sliced White Bread 800g", 'product_price': '55p', 'product_additionals': '7p / 100g'}, {'shop': 'sains', 'url': 'https://www.sainsburys.co.uk/shop/gb/groceries/product/details/all-organic-/sainsburys-white-bread-so-organic-400g-7559875-p', 'product_name': "Sainsbury's White Bread SO Organic 400g", 'product_price': '95p', 'product_additionals': '24p / 100g'}, {'shop': 'tesco', 'url': 'https://www.tesco.com/groceries/en-GB/products/268890894', 'product_name': 'Schar Crisp Bread 150G', 'product_price': '£ 1.30', 'product_additionals': '£0.87/100g'}, {'shop': 'asda', 'url': 'https://groceries.asda.com/product/1000051700154', 'product_name': 'Schar Gluten Free Fibre Crispbread', 'product_price': '£1.50', 'product_additionals': 'No weight data'}, {'shop': 'sains', 'url': 'https://www.sainsburys.co.uk/shop/gb/groceries/product/details/vegetarian-food/ds-breadsticks--gluten-free-150g', 'product_name': 'Schar Gluten Free Grissini Breadsticks 3x50g', 'product_price': '£2.50', 'product_additionals': '£1.67 / 100g'}, {'shop': 'asda', 'url': 'https://groceries.asda.com/product/1000240388819', 'product_name': 'Schar Gluten Free Super White Sandwich Bread', 'product_price': '£2.00', 'product_additionals': 'No weight data'}, {'shop': 'asda', 'url': 'https://groceries.asda.com/product/1548932', 'product_name': 'Scheider Bro Organic Rye Bread With Sunflower Seeds', 'product_price': '£1.58', 'product_additionals': 'No weight data'}, {'shop': 'asda', 'url': 'https://groceries.asda.com/product/910003058887', 'product_name': 'Schneider Brot Protein Bread', 'product_price': '£1.56', 'product_additionals': '(62.4p/100g)'}, {'shop': 'asda', 'url': 'https://groceries.asda.com/product/1000121694555', 'product_name': 'Schneider Brot Rye Bread', 'product_price': '£1.30', 'product_additionals': '(26.0p/100g)'}, {'shop': 'asda', 'url': 'https://groceries.asda.com/product/39588', 'product_name': 'Schwartz Luxury Bread Sauce Mix', 'product_price': '£0.85', 'product_additionals': '(£2.12/100g)'}, {'shop': 'aldi', 'url': 'https://www.aldi.co.uk/sesame-crispbread/p/705396401384000', 'product_name': 'Sesame Crispbread', 'product_price': '0.59', 'product_additionals': '23.6p per 100g'}, {'shop': 'asda', 'url': 'https://groceries.asda.com/product/19567', 'product_name': "Sharwood's 2 Flame Baked Plain Naan Bread", 'product_price': '£1.00', 'product_additionals': '(38.5p/100g)'}, {'shop': 'tesco', 'url': 'https://www.tesco.com/groceries/en-GB/products/308482988', 'product_name': 'Simplycook Lamb Kofta Flatbread Recipe Kit 65G', 'product_price': '£ 2.50', 'product_additionals': '£3.85/100g'}, {'shop': 'aldi', 'url': 'https://www.aldi.co.uk/soft-white-thick-bread/p/701827332875700', 'product_name': 'Soft White Thick Bread', 'product_price': '1.10', 'product_additionals': '13.8p per 100g'}, {'shop': 'aldi', 'url': 'https://www.aldi.co.uk/stonebaked-flatbread-chicken-%26-mango/p/705761383096600', 'product_name': 'Stonebaked Flatbread Chicken & Mango', 'product_price': '1.75', 'product_additionals': '44.9p per 100g'}, {'shop': 'tesco', 'url': 'https://www.tesco.com/groceries/en-GB/products/286242984', 'product_name': 'T.Sunblush Tomato Tomato & Garlic Flatbread 235G', 'product_price': '£ 1.60', 'product_additionals': '£0.68/100g'}, {'shop': 'asda', 'url': 'https://groceries.asda.com/product/1000078311469', 'product_name': 'Tassimo 8 Costa Gingerbread Latte Coffee Pods', 'product_price': '£3.99', 'product_additionals': '(£1.47/100g)'}, {'shop': 'tesco', 'url': 'https://www.tesco.com/groceries/en-GB/products/308110957', 'product_name': 'Tesco 10 Mini Easter Gingerbread Men', 'product_price': '£ 1.00', 'product_additionals': '£0.10/each'}, {'shop': 'tesco', 'url': 'https://www.tesco.com/groceries/en-GB/products/281260313', 'product_name': 'Tesco 2 Breaded Chicken Breast Fillets 350', 'product_price': '£ 3.00', 'product_additionals': '£8.58/kg'}, {'shop': 'tesco', 'url': 'https://www.tesco.com/groceries/en-GB/products/271523387', 'product_name': 'Tesco 2 Breaded Chunky Cod Fillets 350G', 'product_price': '£ 3.50', 'product_additionals': '£10.00/kg'}, {'shop': 'tesco', 'url': 'https://www.tesco.com/groceries/en-GB/products/271529162', 'product_name': 'Tesco 2 Breaded Chunky Haddock Fillets 350G', 'product_price': '£ 3.50', 'product_additionals': '£10.00/kg'}, {'shop': 'tesco', 'url': 'https://www.tesco.com/groceries/en-GB/products/304381123', 'product_name': 'Tesco 2 Breaded Cod Fillets 300G', 'product_price': '£ 2.75', 'product_additionals': '£9.17/kg'}, {'shop': 'tesco', 'url': 'https://www.tesco.com/groceries/en-GB/products/259208151', 'product_name': 'Tesco 2 Pack Bread & Butter Pudding 2 X 120G', 'product_price': '£ 2.00', 'product_additionals': '£0.83/100g'}, {'shop': 'tesco', 'url': 'https://www.tesco.com/groceries/en-GB/products/304377590', 'product_name': 'Tesco 2 Pack Breaded Garlic Chicken Kievs 260G', 'product_price': '£ 2.00', 'product_additionals': '£7.70/kg'}, {'shop': 'tesco', 'url': 'https://www.tesco.com/groceries/en-GB/products/303315815', 'product_name': 'Tesco 2 Plain Naan Breads', 'product_price': '£ 0.75', 'product_additionals': '£0.38/each'}, {'shop': 'tesco', 'url': 'https://www.tesco.com/groceries/en-GB/products/281260768', 'product_name': 'Tesco 2 Southern Fried Breaded Chicken Fillets 300G', 'product_price': '£ 3.00', 'product_additionals': '£10.00/kg'}, {'shop': 'tesco', 'url': 'https://www.tesco.com/groceries/en-GB/products/271023178', 'product_name': 'Tesco 30 Breaded Chicken Breast Nuggets 450G', 'product_price': '£ 1.50', 'product_additionals': '£3.34/kg'}, {'shop': 'tesco', 'url': 'https://www.tesco.com/groceries/en-GB/products/286932070', 'product_name': 'Tesco 30 Mini Gingerbread 330G', 'product_price': '£ 1.80', 'product_additionals': '£0.55/100g'}, {'shop': 'tesco', 'url': 'https://www.tesco.com/groceries/en-GB/products/274730488', 'product_name': 'Tesco 30 Mini Gingerbread Men 270G', 'product_price': '£ 1.80', 'product_additionals': '£0.67/100g'}, {'shop': 'tesco', 'url': 'https://www.tesco.com/groceries/en-GB/products/297683100', 'product_name': 'Tesco 4 Breaded Chicken Steaks 380G', 'product_price': '£ 1.65', 'product_additionals': '£4.35/kg'}, {'shop': 'tesco', 'url': 'https://www.tesco.com/groceries/en-GB/products/264567506', 'product_name': 'Tesco 4 Breaded Chicken Steaks 505G', 'product_price': '£ 2.50', 'product_additionals': '£4.96/kg'}, {'shop': 'tesco', 'url': 'https://www.tesco.com/groceries/en-GB/products/258609605', 'product_name': 'Tesco 4 Breaded Chunky Prime Cod Fillets 500G', 'product_price': '£ 3.60', 'product_additionals': '£7.20/kg'}, {'shop': 'tesco', 'url': 'https://www.tesco.com/groceries/en-GB/products/266195171', 'product_name': 'Tesco 4 Breaded Cod Fillets 500G', 'product_price': '£ 3.00', 'product_additionals': '£6.00/kg'}, {'shop': 'tesco', 'url': 'https://www.tesco.com/groceries/en-GB/products/290017687', 'product_name': 'Tesco 4 Breaded Cod Fishcakes 340G', 'product_price': '£ 2.00', 'product_additionals': '£5.89/kg'}, {'shop': 'tesco', 'url': 'https://www.tesco.com/groceries/en-GB/products/305731289', 'product_name': 'Tesco 4 Breaded Plaice Fillets 500G', 'product_price': '£ 4.00', 'product_additionals': '£8.00/kg'}, {'shop': 'tesco', 'url': 'https://www.tesco.com/groceries/en-GB/products/293535996', 'product_name': 'Tesco 4 Cheese & Bacon Breaded Chicken Kievs 500G', 'product_price': '£ 2.50', 'product_additionals': '£0.50/100g'}, {'shop': 'tesco', 'url': 'https://www.tesco.com/groceries/en-GB/products/264322746', 'product_name': 'Tesco 4 Garlic Butter Breaded Chicken Kievs 500G', 'product_price': '£ 2.50', 'product_additionals': '£5.00/kg'}, {'shop': 'tesco', 'url': 'https://www.tesco.com/groceries/en-GB/products/264567593', 'product_name': 'Tesco 4 Southern Fried Breaded Chicken Steaks 505G', 'product_price': '£ 2.50', 'product_additionals': '£4.96/kg'}, {'shop': 'tesco', 'url': 'https://www.tesco.com/groceries/en-GB/products/305527187', 'product_name': 'Tesco 5 Decorate Your Own Gingerbread Easter Egg Kit', 'product_price': '£ 1.80', 'product_additionals': '£0.36/each'}, {'shop': 'tesco', 'url': 'https://www.tesco.com/groceries/en-GB/products/274684882', 'product_name': 'Tesco 5 Gingerbread Men Kit 174G', 'product_price': '£ 1.80', 'product_additionals': '£0.36/each'}, {'shop': 'tesco', 'url': 'https://www.tesco.com/groceries/en-GB/products/291376265', 'product_name': 'Tesco 6 Multiseed Folded Flatbreads', 'product_price': '£ 0.79', 'product_additionals': '£0.13/each'}, {'shop': 'tesco', 'url': 'https://www.tesco.com/groceries/en-GB/products/272651665', 'product_name': 'Tesco 6 Pack Mini Breadsticks 120G', 'product_price': '£ 1.30', 'product_additionals': '£1.09/100g'}, {'shop': 'tesco', 'url': 'https://www.tesco.com/groceries/en-GB/products/254945564', 'product_name': 'Tesco 6 White Pitta Bread', 'product_price': '£ 0.45', 'product_additionals': '£0.08/each'}, {'shop': 'tesco', 'url': 'https://www.tesco.com/groceries/en-GB/products/254945610', 'product_name': 'Tesco 6 Wholemeal Pitta Bread', 'product_price': '£ 0.45', 'product_additionals': '£0.08/each'}, {'shop': 'tesco', 'url': 'https://www.tesco.com/groceries/en-GB/products/289806238', 'product_name': 'Tesco 72 Breaded Chicken Nuggets 1Kg', 'product_price': '£ 3.15', 'product_additionals': '£3.15/kg'}, {'shop': 'tesco', 'url': 'https://www.tesco.com/groceries/en-GB/products/307353826', 'product_name': 'Tesco All Butter Chocolate Chip Shortbread 180G', 'product_price': '£ 1.00', 'product_additionals': '£0.56/100g'}, {'shop': 'tesco', 'url': 'https://www.tesco.com/groceries/en-GB/products/307342027', 'product_name': 'Tesco All Butter Shortbread Fingers 250G', 'product_price': '£ 0.69', 'product_additionals': '£0.28/100g'}, {'shop': 'tesco', 'url': 'https://www.tesco.com/groceries/en-GB/products/303629513', 'product_name': 'Tesco Both Together Bread 800G', 'product_price': '£ 0.59', 'product_additionals': '£0.07/100g'}, {'shop': 'tesco', 'url': 'https://www.tesco.com/groceries/en-GB/products/254482788', 'product_name': 'Tesco Bread & Butter Pudding 500G', 'product_price': '£ 2.80', 'product_additionals': '£0.56/100g'}, {'shop': 'tesco', 'url': 'https://www.tesco.com/groceries/en-GB/products/279935929', 'product_name': 'Tesco Breaded Chicken Goujons 270G', 'product_price': '£ 2.00', 'product_additionals': '£7.41/kg'}, {'shop': 'tesco', 'url': 'https://www.tesco.com/groceries/en-GB/products/285091909', 'product_name': 'Tesco Breaded Chicken Goujons 540G', 'product_price': '£ 3.75', 'product_additionals': '£6.95/kg'}, {'shop': 'tesco', 'url': 'https://www.tesco.com/groceries/en-GB/products/264566899', 'product_name': 'Tesco Breaded Chicken Mini Fillets 305G', 'product_price': '£ 2.50', 'product_additionals': '£8.20/kg'}, {'shop': 'tesco', 'url': 'https://www.tesco.com/groceries/en-GB/products/293507310', 'product_name': 'Tesco Breaded Chicken Strips 300G', 'product_price': '£ 2.00', 'product_additionals': '£0.67/100g'}, {'shop': 'tesco', 'url': 'https://www.tesco.com/groceries/en-GB/products/262083592', 'product_name': 'Tesco Breaded Mini Chicken Fillets 300G', 'product_price': '£ 2.00', 'product_additionals': '£6.67/kg'}, {'shop': 'tesco', 'url': 'https://www.tesco.com/groceries/en-GB/products/257218318', 'product_name': 'Tesco Breaded Onion Rings 750G', 'product_price': '£ 1.25', 'product_additionals': '£1.67/kg'}, {'shop': 'tesco', 'url': 'https://www.tesco.com/groceries/en-GB/products/299054069', 'product_name': 'Tesco Breaded Wholetail Scampi 200G', 'product_price': '£ 3.00', 'product_additionals': '£15.00/kg'}, {'shop': 'tesco', 'url': 'https://www.tesco.com/groceries/en-GB/products/286265277', 'product_name': 'Tesco Cheese & Garlic Flatbread 230G', 'product_price': '£ 1.60', 'product_additionals': '£0.70/100g'}, {'shop': 'tesco', 'url': 'https://www.tesco.com/groceries/en-GB/products/299557298', 'product_name': 'Tesco Cheese & Garlic Pizza Bread 210G', 'product_price': '£ 1.00', 'product_additionals': '£4.77/kg'}, {'shop': 'tesco', 'url': 'https://www.tesco.com/groceries/en-GB/products/252109642', 'product_name': 'Tesco Cheese & Tomato Flatbread 225G', 'product_price': '£ 1.25', 'product_additionals': '£0.56/100g'}, {'shop': 'tesco', 'url': 'https://www.tesco.com/groceries/en-GB/products/285498135', 'product_name': 'Tesco Corn Bread', 'product_price': '£ 1.60', 'product_additionals': '£1.60/each'}, {'shop': 'tesco', 'url': 'https://www.tesco.com/groceries/en-GB/products/305834981', 'product_name': 'Tesco Finest 4 Millionaire Shortbread Slices', 'product_price': '£ 2.25', 'product_additionals': '£2.25/each'}, {'shop': 'tesco', 'url': 'https://www.tesco.com/groceries/en-GB/products/299936610', 'product_name': 'Tesco Finest Basil Pesto & Tomato Flatbread 245G', 'product_price': '£ 2.45', 'product_additionals': '£1.00/100g'}, {'shop': 'tesco', 'url': 'https://www.tesco.com/groceries/en-GB/products/286266161', 'product_name': 'Tesco Finest Cheddar Red Onion Mini Flatbreads 295G', 'product_price': '£ 2.45', 'product_additionals': '£0.83/100g'}, {'shop': 'tesco', 'url': 'https://www.tesco.com/groceries/en-GB/products/307137419', 'product_name': 'Tesco Finest Free From Seeded Bread 400G', 'product_price': '£ 2.50', 'product_additionals': '£0.62/100g'}, {'shop': 'tesco', 'url': 'https://www.tesco.com/groceries/en-GB/products/307152724', 'product_name': 'Tesco Finest Free From Tiger Bread 400G', 'product_price': '£ 2.50', 'product_additionals': '£0.62/100g'}, {'shop': 'tesco', 'url': 'https://www.tesco.com/groceries/en-GB/products/306818969', 'product_name': 'Tesco Finest Fruited Sourdough Bread 400G', 'product_price': '£ 1.60', 'product_additionals': '£0.40/100g'}, {'shop': 'tesco', 'url': 'https://www.tesco.com/groceries/en-GB/products/304797553', 'product_name': 'Tesco Finest Garlic & Extra Virgin Olive Oil Flatbread 200G', 'product_price': '£ 2.45', 'product_additionals': '£1.23/100g'}, {'shop': 'tesco', 'url': 'https://www.tesco.com/groceries/en-GB/products/306824605', 'product_name': 'Tesco Finest Gingerbread Latte Cream Liqueur 70Cl', 'product_price': '£ 10.00', 'product_additionals': '£14.29/litre'}, {'shop': 'tesco', 'url': 'https://www.tesco.com/groceries/en-GB/products/256089410', 'product_name': 'Tesco Finest Scottish Shortbread Fingers 165G', 'product_price': '£ 1.35', 'product_additionals': '£0.82/100g'}, {'shop': 'tesco', 'url': 'https://www.tesco.com/groceries/en-GB/products/257911663', 'product_name': 'Tesco Finest Shortbread Assortment 400G', 'product_price': '£ 3.00', 'product_additionals': '£0.75/100g'}, {'shop': 'tesco', 'url': 'https://www.tesco.com/groceries/en-GB/products/305836218', 'product_name': 'Tesco Finest Wholemeal Seeds And Grains Bread 400G', 'product_price': '£ 0.79', 'product_additionals': '£0.20/100g'}, {'shop': 'tesco', 'url': 'https://www.tesco.com/groceries/en-GB/products/305737088', 'product_name': 'Tesco Finest Wholemeal Seeds And Grains Bread 800G', 'product_price': '£ 1.10', 'product_additionals': '£0.14/100g'}, {'shop': 'tesco', 'url': 'https://www.tesco.com/groceries/en-GB/products/291376220', 'product_name': 'Tesco Folded Flatbreads Plain 6 Pack', 'product_price': '£ 0.79', 'product_additionals': '£0.13/each'}, {'shop': 'tesco', 'url': 'https://www.tesco.com/groceries/en-GB/products/281865600', 'product_name': 'Tesco Free From 4 Breaded Chicken Steaks 380G', 'product_price': '£ 3.75', 'product_additionals': '£9.87/kg'}, {'shop': 'tesco', 'url': 'https://www.tesco.com/groceries/en-GB/products/298864892', 'product_name': 'Tesco Free From Breaded Chicken Goujons 270G', 'product_price': '£ 2.00', 'product_additionals': '£7.41/kg'}, {'shop': 'tesco', 'url': 'https://www.tesco.com/groceries/en-GB/products/299587383', 'product_name': 'Tesco Free From Breaded Chicken Goujons 300G', 'product_price': '£ 2.50', 'product_additionals': '£8.34/kg'}, {'shop': 'tesco', 'url': 'https://www.tesco.com/groceries/en-GB/products/281509384', 'product_name': 'Tesco Free From Brown Bread 550G', 'product_price': '£ 1.80', 'product_additionals': '£0.33/100g'}, {'shop': 'tesco', 'url': 'https://www.tesco.com/groceries/en-GB/products/304392571', 'product_name': 'Tesco Free From Gingerbread Men 154G', 'product_price': '£ 1.50', 'product_additionals': '£0.97/100g'}, {'shop': 'tesco', 'url': 'https://www.tesco.com/groceries/en-GB/products/304378272', 'product_name': 'Tesco Free From Shortbread 160G', 'product_price': '£ 1.50', 'product_additionals': '£0.94/100g'}, {'shop': 'tesco', 'url': 'https://www.tesco.com/groceries/en-GB/products/276605133', 'product_name': 'Tesco Free From Sliced White Bread 550G', 'product_price': '£ 1.80', 'product_additionals': '£0.33/100g'}, {'shop': 'tesco', 'url': 'https://www.tesco.com/groceries/en-GB/products/286264762', 'product_name': 'Tesco Garlic & & Rosemary Flatbread 220G', 'product_price': '£ 1.60', 'product_additionals': '£0.73/100g'}, {'shop': 'tesco', 'url': 'https://www.tesco.com/groceries/en-GB/products/252109688', 'product_name': 'Tesco Garlic & Parsley Flatbread 210G', 'product_price': '£ 1.25', 'product_additionals': '£0.60/100g'}, {'shop': 'tesco', 'url': 'https://www.tesco.com/groceries/en-GB/products/293723399', 'product_name': 'Tesco Garlic Breaded Mushrooms 400G', 'product_price': '£ 1.25', 'product_additionals': '£3.13/kg'}, {'shop': 'tesco', 'url': 'https://www.tesco.com/groceries/en-GB/products/288610223', 'product_name': 'Tesco Garlic Flatbread 255G', 'product_price': '£ 2.00', 'product_additionals': '£0.78/100g'}, {'shop': 'tesco', 'url': 'https://www.tesco.com/groceries/en-GB/products/289573832', 'product_name': 'Tesco Gingerbread Mix 225G', 'product_price': '£ 1.00', 'product_additionals': '£0.44/100g'}, {'shop': 'tesco', 'url': 'https://www.tesco.com/groceries/en-GB/products/278834077', 'product_name': 'Tesco Golden Breadcrumbs 175G', 'product_price': '£ 0.80', 'product_additionals': '£4.58/kg'}, {'shop': 'tesco', 'url': 'https://www.tesco.com/groceries/en-GB/products/267285351', 'product_name': 'Tesco Hot & Spicy Breaded Chicken Mini Fillets 305G', 'product_price': '£ 2.50', 'product_additionals': '£8.20/kg'}, {'shop': 'tesco', 'url': 'https://www.tesco.com/groceries/en-GB/products/256236588', 'product_name': 'Tesco Indian Naan Breads 320G', 'product_price': '£ 1.00', 'product_additionals': '£0.31/100g'}, {'shop': 'tesco', 'url': 'https://www.tesco.com/groceries/en-GB/products/291376334', 'product_name': 'Tesco Malted Grain & Rye Folded Flatbread 6 Pack', 'product_price': '£ 0.79', 'product_additionals': '£0.13/each'}, {'shop': 'tesco', 'url': 'https://www.tesco.com/groceries/en-GB/products/285024271', 'product_name': 'Tesco Multiseed Bread Mix 500G', 'product_price': '£ 0.85', 'product_additionals': '£1.70/kg'}, {'shop': 'tesco', 'url': 'https://www.tesco.com/groceries/en-GB/products/258083897', 'product_name': 'Tesco Original Breadsticks 125G', 'product_price': '£ 0.84', 'product_additionals': '£0.67/100g'}, {'shop': 'tesco', 'url': 'https://www.tesco.com/groceries/en-GB/products/251697723', 'product_name': 'Tesco Original Mini Breadsticks 100G', 'product_price': '£ 1.00', 'product_additionals': '£1.00/100g'}, {'shop': 'tesco', 'url': 'https://www.tesco.com/groceries/en-GB/products/294706637', 'product_name': 'Tesco Original Rye Crisp Bread 250G', 'product_price': '£ 0.69', 'product_additionals': '£0.28/100g'}, {'shop': 'tesco', 'url': 'https://www.tesco.com/groceries/en-GB/products/268582625', 'product_name': 'Tesco Panko Breadcrumbs 150G', 'product_price': '£ 1.60', 'product_additionals': '£10.67/kg'}, {'shop': 'tesco', 'url': 'https://www.tesco.com/groceries/en-GB/products/278104918', 'product_name': 'Tesco Peshwari Naan Breads 2 Pack 260G', 'product_price': '£ 0.95', 'product_additionals': '£0.37/100g'}, {'shop': 'tesco', 'url': 'https://www.tesco.com/groceries/en-GB/products/304784469', 'product_name': 'Tesco Plant Chef Breaded Goujons 190G', 'product_price': '£ 1.50', 'product_additionals': '£7.90/kg'}, {'shop': 'tesco', 'url': 'https://www.tesco.com/groceries/en-GB/products/306493425', 'product_name': 'Tesco Plant Chef Breaded Meat Free Nuggets 180G', 'product_price': '£ 1.50', 'product_additionals': '£8.34/kg'}, {'shop': 'tesco', 'url': 'https://www.tesco.com/groceries/en-GB/products/305727843', 'product_name': 'Tesco Plant Chef Breaded Nuggets 320G', 'product_price': '£ 1.75', 'product_additionals': '£0.55/100g'}, {'shop': 'tesco', 'url': 'https://www.tesco.com/groceries/en-GB/products/308079929', 'product_name': 'Tesco Seasonal Gingerbread Biscuit', 'product_price': '£ 0.60', 'product_additionals': '£0.60/each'}, {'shop': 'tesco', 'url': 'https://www.tesco.com/groceries/en-GB/products/265940149', 'product_name': 'Tesco Sesame Breadsticks 125G', 'product_price': '£ 0.84', 'product_additionals': '£0.67/100g'}, {'shop': 'tesco', 'url': 'https://www.tesco.com/groceries/en-GB/products/294706650', 'product_name': 'Tesco Sesame Rye Crisp Bread 250G', 'product_price': '£ 0.69', 'product_additionals': '£0.28/100g'}, {'shop': 'tesco', 'url': 'https://www.tesco.com/groceries/en-GB/products/293574661', 'product_name': 'Tesco Shortbread Petticoat Tails 450G', 'product_price': '£ 2.00', 'product_additionals': '£0.44/100g'}, {'shop': 'tesco', 'url': 'https://www.tesco.com/groceries/en-GB/products/264566997', 'product_name': 'Tesco Southern Fried Breaded Chicken Mini Fillets 305G', 'product_price': '£ 2.50', 'product_additionals': '£8.20/kg'}, {'shop': 'tesco', 'url': 'https://www.tesco.com/groceries/en-GB/products/254917926', 'product_name': 'Tesco Strong Stone Ground 100% Wholemeal Bread Flour 1.5Kg', 'product_price': '£ 1.20', 'product_additionals': '£0.80/kg'}, {'shop': 'tesco', 'url': 'https://www.tesco.com/groceries/en-GB/products/299425748', 'product_name': 'Tesco Toastie White Bread Thick 800G', 'product_price': '£ 0.59', 'product_additionals': '£0.07/100g'}, {'shop': 'tesco', 'url': 'https://www.tesco.com/groceries/en-GB/products/299425760', 'product_name': 'Tesco Toastie Wholemeal Thick Bread 800G', 'product_price': '£ 0.59', 'product_additionals': '£0.07/100g'}, {'shop': 'tesco', 'url': 'https://www.tesco.com/groceries/en-GB/products/289597812', 'product_name': 'Tesco Very Strong Canadian Bread Flour 1Kg', 'product_price': '£ 1.35', 'product_additionals': '£1.35/kg'}, {'shop': 'tesco', 'url': 'https://www.tesco.com/groceries/en-GB/products/299389116', 'product_name': 'Tesco White Bread 800G', 'product_price': '£ 0.59', 'product_additionals': '£0.07/100g'}, {'shop': 'tesco', 'url': 'https://www.tesco.com/groceries/en-GB/products/301063378', 'product_name': 'Tesco White Breadcrumbs 175G', 'product_price': '£ 0.80', 'product_additionals': '£0.46/100g'}, {'shop': 'tesco', 'url': 'https://www.tesco.com/groceries/en-GB/products/299425783', 'product_name': 'Tesco Wholemeal Medium Bread 800G', 'product_price': '£ 0.59', 'product_additionals': '£0.07/100g'}, {'shop': 'tesco', 'url': 'https://www.tesco.com/groceries/en-GB/products/270953414', 'product_name': 'Tesco Wholetail Breaded Scampi 280G', 'product_price': '£ 3.00', 'product_additionals': '£10.72/kg'}, {'shop': 'tesco', 'url': 'https://www.tesco.com/groceries/en-GB/products/302744625', 'product_name': 'The Artisan Bread Co Garlic & Basil Sticks 100G', 'product_price': '£ 1.60', 'product_additionals': '£1.60/100g'}, {'shop': 'tesco', 'url': 'https://www.tesco.com/groceries/en-GB/products/302744055', 'product_name': 'The Artisan Bread Co Garlic & Chilli Flatbread 75G', 'product_price': '£ 1.60', 'product_additionals': '£2.14/100g'}, {'shop': 'tesco', 'url': 'https://www.tesco.com/groceries/en-GB/products/302743880', 'product_name': 'The Artisan Bread Company Classic Breadsticks 150G', 'product_price': '£ 1.60', 'product_additionals': '£1.07/100g'}, {'shop': 'tesco', 'url': 'https://www.tesco.com/groceries/en-GB/products/302744019', 'product_name': 'The Artisan Bread Company Rosemary Breadsticks 150G', 'product_price': '£ 1.60', 'product_additionals': '£1.07/100g'}, {'shop': 'tesco', 'url': 'https://www.tesco.com/groceries/en-GB/products/302744032', 'product_name': 'The Artisan Bread Company Sesame Breadsticks 150G', 'product_price': '£ 1.60', 'product_additionals': '£1.07/100g'}, {'shop': 'tesco', 'url': 'https://www.tesco.com/groceries/en-GB/products/300954309', 'product_name': 'The Artisan Bread Company Wheat Toast 125G', 'product_price': '£ 1.60', 'product_additionals': '£1.28/100g'}, {'shop': 'tesco', 'url': 'https://www.tesco.com/groceries/en-GB/products/304408969', 'product_name': 'The Pizza Company Deep Filled Garlic Bread 2 Pack 230G', 'product_price': '£ 3.00', 'product_additionals': '£1.31/100g'}, {'shop': 'asda', 'url': 'https://groceries.asda.com/product/63007060', 'product_name': 'The Polish Bakery Brown Bread - Chleb Wiejski', 'product_price': '£1.10', 'product_additionals': '(13.8p/100g)'}, {'shop': 'tesco', 'url': 'https://www.tesco.com/groceries/en-GB/products/267662020', 'product_name': 'The Polish Bakery Brown Bread 400G', 'product_price': '£ 0.75', 'product_additionals': '£0.19/100g'}, {'shop': 'asda', 'url': 'https://groceries.asda.com/product/910000474814', 'product_name': 'The Polish Bakery Dark Rye Bread with Inolin - Chleb Razowy z Inuliną', 'product_price': '£1.10', 'product_additionals': '(27.5p/100g)'}, {'shop': 'asda', 'url': 'https://groceries.asda.com/product/63007064', 'product_name': "The Polish Bakery Granny's Bread - Chleb Babuni", 'product_price': '£1.10', 'product_additionals': '(27.5p/100g)'}, {'shop': 'tesco', 'url': 'https://www.tesco.com/groceries/en-GB/products/267661977', 'product_name': "The Polish Bakery Granny's Sesame Seed Bread 400G", 'product_price': '£ 1.10', 'product_additionals': '£0.28/100g'}, {'shop': 'tesco', 'url': 'https://www.tesco.com/groceries/en-GB/products/265412971', 'product_name': 'The Polish Bakery Half Wheat Half Rye Bread 400G', 'product_price': '£ 0.70', 'product_additionals': '£0.18/100g'}, {'shop': 'tesco', 'url': 'https://www.tesco.com/groceries/en-GB/products/265412994', 'product_name': 'The Polish Bakery Half Wheat Half Rye Bread 900G', 'product_price': '£ 1.20', 'product_additionals': '£0.13/100g'}, {'shop': 'asda', 'url': 'https://groceries.asda.com/product/63007058', 'product_name': 'The Polish Bakery Half-Wheat Half-Rye Sourdough Bread', 'product_price': '£1.00', 'product_additionals': '(12.5p/100g)'}, {'shop': 'asda', 'url': 'https://groceries.asda.com/product/910001185467', 'product_name': 'The Polish Bakery Highlander Premium Bread', 'product_price': '£1.35', 'product_additionals': '(16.9p/100g)'}, {'shop': 'asda', 'url': 'https://groceries.asda.com/product/63007061', 'product_name': 'The Polish Bakery Polish Bread Half-Wheat Half-Rye Sourdough', 'product_price': '£0.70', 'product_additionals': '(17.5p/100g)'}, {'shop': 'asda', 'url': 'https://groceries.asda.com/product/1000000469720', 'product_name': 'The Polish Bakery Premium Bread - Chleb Slonecznikowy', 'product_price': '£1.20', 'product_additionals': '(15.0p/100g)'}, {'shop': 'tesco', 'url': 'https://www.tesco.com/groceries/en-GB/products/296844907', 'product_name': 'The Polish Bakery Pumpkin Bread 500G', 'product_price': '£ 1.85', 'product_additionals': '£0.37/100g'}, {'shop': 'tesco', 'url': 'https://www.tesco.com/groceries/en-GB/products/267662008', 'product_name': 'The Polish Bakery Sunflower Seed Bread 400G', 'product_price': '£ 0.75', 'product_additionals': '£0.19/100g'}, {'shop': 'asda', 'url': 'https://groceries.asda.com/product/910001185404', 'product_name': 'The Polish Bakery Sunflower Seeded Bread - Chleb Slonecznikowy', 'product_price': '£1.70', 'product_additionals': '(21.2p/100g)'}, {'shop': 'aldi', 'url': 'https://www.aldi.co.uk/thins-multi-seed-flatbread/p/064611260939602', 'product_name': 'Thins Multi-seed Flatbread', 'product_price': '0.99', 'product_additionals': '79.2p per 100g'}, {'shop': 'tesco', 'url': 'https://www.tesco.com/groceries/en-GB/products/272960719', 'product_name': 'Three Cheese Bread', 'product_price': '£ 1.60', 'product_additionals': '£1.60/each'}, {'shop': 'aldi', 'url': 'https://www.aldi.co.uk/toastie-thick-soft-white-bread/p/047096003773200', 'product_name': 'Toastie Thick Soft White Bread', 'product_price': '1.10', 'product_additionals': '13.8p per 100g'}, {'shop': 'tesco', 'url': 'https://www.tesco.com/groceries/en-GB/products/307135618', 'product_name': 'Trek Power Millionaire Shortbread Bar 55G', 'product_price': '£ 1.75', 'product_additionals': '£3.19/100g'}, {'shop': 'aldi', 'url': 'https://www.aldi.co.uk/village-bakery-wholemeal-pitta-bread/p/066192386427601', 'product_name': 'Village Bakery Wholemeal Pitta Bread', 'product_price': '0.35', 'product_additionals': '5.8p each'}, {'shop': 'sains', 'url': 'https://www.sainsburys.co.uk/shop/gb/groceries/product/details/gluten-free-biscuits-and-chocolates/walkers-gluten-free-pure-butter-shortbread-140g', 'product_name': 'Walkers Gluten Free Pure Butter Shortbread 140g', 'product_price': '£2.50', 'product_additionals': '£1.79 / 100g'}, {'shop': 'asda', 'url': 'https://groceries.asda.com/product/910002788096', 'product_name': 'Warburtons Country White Bread', 'product_price': '£2.00', 'product_additionals': '(50.0p/100g)'}, {'shop': 'tesco', 'url': 'https://www.tesco.com/groceries/en-GB/products/300810619', 'product_name': 'Warburtons Country White Bread 400G', 'product_price': '£ 2.00', 'product_additionals': '£0.50/100g'}, {'shop': 'tesco', 'url': 'https://www.tesco.com/groceries/en-GB/products/255727936', 'product_name': 'Warburtons Danish Sliced White Bread 400G', 'product_price': '£ 0.95', 'product_additionals': '£0.24/100g'}, {'shop': 'asda', 'url': 'https://groceries.asda.com/product/34545', 'product_name': 'Warburtons Farmhouse Soft White Bread', 'product_price': '£1.20', 'product_additionals': '(15.0p/100g)'}, {'shop': 'asda', 'url': 'https://groceries.asda.com/product/2046278', 'product_name': 'Warburtons Farmhouse Soft White Bread', 'product_price': '£1.10', 'product_additionals': '(27.5p/100g)'}, {'shop': 'tesco', 'url': 'https://www.tesco.com/groceries/en-GB/products/250168194', 'product_name': 'Warburtons Farmhouse White Bread 800G', 'product_price': '£ 1.20', 'product_additionals': '£0.15/100g'}, {'shop': 'tesco', 'url': 'https://www.tesco.com/groceries/en-GB/products/304371279', 'product_name': 'Warburtons Half And Half Medium Bread 800G', 'product_price': '£ 1.05', 'product_additionals': '£0.13/100g'}, {'shop': 'tesco', 'url': 'https://www.tesco.com/groceries/en-GB/products/300810591', 'product_name': 'Warburtons Malted Grain & Seeds Bread 400G', 'product_price': '£ 1.50', 'product_additionals': '£0.38/100g'}, {'shop': 'asda', 'url': 'https://groceries.asda.com/product/34541', 'product_name': 'Warburtons Medium Sliced White Bread', 'product_price': '£0.95', 'product_additionals': '(23.8p/100g)'}, {'shop': 'tesco', 'url': 'https://www.tesco.com/groceries/en-GB/products/254942331', 'product_name': 'Warburtons Medium Sliced White Bread 400G', 'product_price': '£ 0.90', 'product_additionals': '£0.22/100g'}, {'shop': 'tesco', 'url': 'https://www.tesco.com/groceries/en-GB/products/254942325', 'product_name': 'Warburtons Medium Sliced White Bread 800G', 'product_price': '£ 1.10', 'product_additionals': '£0.14/100g'}, {'shop': 'sains', 'url': 'https://www.sainsburys.co.uk/shop/gb/groceries/product/details/aldi-price-match/warburtons-white-bread--medium-sliced-800g', 'product_name': 'Warburtons Medium Sliced White Bread 800g', 'product_price': '£1.10', 'product_additionals': '14p / 100g'}, {'shop': 'asda', 'url': 'https://groceries.asda.com/product/34540', 'product_name': 'Warburtons Medium Sliced Wholemeal Bread', 'product_price': '£0.85', 'product_additionals': '(21.2p/100g)'}, {'shop': 'asda', 'url': 'https://groceries.asda.com/product/34538', 'product_name': 'Warburtons Medium Sliced Wholemeal Bread', 'product_price': '£1.10', 'product_additionals': '(13.8p/100g)'}, {'shop': 'sains', 'url': 'https://www.sainsburys.co.uk/shop/gb/groceries/product/details/top-rated-44/warburtons-wholemeal-bread--medium-sliced-400g', 'product_name': 'Warburtons Medium Sliced Wholemeal Bread 400g', 'product_price': '85p', 'product_additionals': '21p / 100g'}, {'shop': 'asda', 'url': 'https://groceries.asda.com/product/34536', 'product_name': 'Warburtons Medium White Bread', 'product_price': '£1.10', 'product_additionals': '(13.8p/100g)'}, {'shop': 'tesco', 'url': 'https://www.tesco.com/groceries/en-GB/products/254942734', 'product_name': 'Warburtons Milk Roll Sliced White Bread 400G', 'product_price': '£ 0.90', 'product_additionals': '£0.22/100g'}, {'shop': 'sains', 'url': 'https://www.sainsburys.co.uk/shop/gb/groceries/product/details/top-rated-44/warburtons-blackpool-milk-roll-400g', 'product_name': 'Warburtons Milk Roll Soft Medium Sliced White Bread 400g', 'product_price': '£1.00', 'product_additionals': '25p / 100g'}, {'shop': 'tesco', 'url': 'https://www.tesco.com/groceries/en-GB/products/300810631', 'product_name': 'Warburtons Multi Grain & Seed Bread 400G', 'product_price': '£ 2.00', 'product_additionals': '£0.50/100g'}, {'shop': 'asda', 'url': 'https://groceries.asda.com/product/910002787978', 'product_name': 'Warburtons Multigrain & Seed Bread', 'product_price': '£2.00', 'product_additionals': '(50.0p/100g)'}, {'shop': 'tesco', 'url': 'https://www.tesco.com/groceries/en-GB/products/300810579', 'product_name': 'Warburtons Old English White Bread 400G', 'product_price': '£ 1.50', 'product_additionals': '£0.38/100g'}, {'shop': 'asda', 'url': 'https://groceries.asda.com/product/34548', 'product_name': 'Warburtons Seeded Batch Bread', 'product_price': '£0.95', 'product_additionals': '(23.8p/100g)'}, {'shop': 'asda', 'url': 'https://groceries.asda.com/product/1233409', 'product_name': 'Warburtons Seeded Batch Bread', 'product_price': '£1.25', 'product_additionals': '(15.6p/100g)'}, {'shop': 'tesco', 'url': 'https://www.tesco.com/groceries/en-GB/products/251738895', 'product_name': 'Warburtons Seeded Batch Bread 400G', 'product_price': '£ 0.90', 'product_additionals': '£0.22/100g'}, {'shop': 'tesco', 'url': 'https://www.tesco.com/groceries/en-GB/products/257269645', 'product_name': 'Warburtons Seeded Batch Bread 800G', 'product_price': '£ 1.40', 'product_additionals': '£0.18/100g'}, {'shop': 'tesco', 'url': 'https://www.tesco.com/groceries/en-GB/products/268104801', 'product_name': 'Warburtons Sliced Tiger Bread 600G', 'product_price': '£ 1.35', 'product_additionals': '£0.22/100g'}, {'shop': 'asda', 'url': 'https://groceries.asda.com/product/34543', 'product_name': 'Warburtons Thickest White Bread', 'product_price': '£1.10', 'product_additionals': '(13.8p/100g)'}, {'shop': 'tesco', 'url': 'https://www.tesco.com/groceries/en-GB/products/299608331', 'product_name': 'Warburtons Thoroughbread Lancashire 800G', 'product_price': '£ 1.40', 'product_additionals': '£0.18/100g'}, {'shop': 'tesco', 'url': 'https://www.tesco.com/groceries/en-GB/products/254942354', 'product_name': 'Warburtons Toastie Sliced White Bread 400G', 'product_price': '£ 0.85', 'product_additionals': '£0.21/100g'}, {'shop': 'tesco', 'url': 'https://www.tesco.com/groceries/en-GB/products/254942348', 'product_name': 'Warburtons Toastie Sliced White Bread 800G', 'product_price': '£ 1.10', 'product_additionals': '£0.14/100g'}, {'shop': 'asda', 'url': 'https://groceries.asda.com/product/34537', 'product_name': 'Warburtons Toastie Thick Sliced White Bread', 'product_price': '£1.10', 'product_additionals': '(13.8p/100g)'}, {'shop': 'sains', 'url': 'https://www.sainsburys.co.uk/shop/gb/groceries/product/details/aldi-price-match/warburtons-white-sliced-bread--toastie-800g', 'product_name': 'Warburtons Toastie Thick Sliced White Bread 800g', 'product_price': '£1.10', 'product_additionals': '14p / 100g'}, {'shop': 'asda', 'url': 'https://groceries.asda.com/product/34542', 'product_name': 'Warburtons Toastie White Thick Sliced Bread', 'product_price': '£0.85', 'product_additionals': '(21.2p/100g)'}, {'shop': 'asda', 'url': 'https://groceries.asda.com/product/34539', 'product_name': 'Warburtons White Danish Bread', 'product_price': '£0.95', 'product_additionals': '(23.8p/100g)'}, {'shop': 'tesco', 'url': 'https://www.tesco.com/groceries/en-GB/products/302088635', 'product_name': 'Warburtons White Farmhouse Bread 400G', 'product_price': '£ 1.00', 'product_additionals': '£0.25/100g'}, {'shop': 'tesco', 'url': 'https://www.tesco.com/groceries/en-GB/products/302385928', 'product_name': 'Warburtons White Gluten Free Bread Sourdough 400G', 'product_price': '£ 3.40', 'product_additionals': '£0.85/100g'}, {'shop': 'asda', 'url': 'https://groceries.asda.com/product/36473', 'product_name': 'Warburtons White Milk Roll Bread', 'product_price': '£0.95', 'product_additionals': '(23.8p/100g)'}, {'shop': 'tesco', 'url': 'https://www.tesco.com/groceries/en-GB/products/254944283', 'product_name': 'Warburtons Wholemeal Medium Bread 400G', 'product_price': '£ 0.85', 'product_additionals': '£0.21/100g'}, {'shop': 'tesco', 'url': 'https://www.tesco.com/groceries/en-GB/products/254944260', 'product_name': 'Warburtons Wholemeal Medium Bread 800G', 'product_price': '£ 1.05', 'product_additionals': '£0.13/100g'}, {'shop': 'asda', 'url': 'https://groceries.asda.com/product/36477', 'product_name': 'Weight Watchers Danish Malted Bread', 'product_price': '£1.05', 'product_additionals': '(26.2p/100g)'}, {'shop': 'tesco', 'url': 'https://www.tesco.com/groceries/en-GB/products/256641396', 'product_name': 'Weight Watchers Malted Danish Sliced Bread 400G', 'product_price': '£ 1.00', 'product_additionals': '£0.25/100g'}, {'shop': 'asda', 'url': 'https://groceries.asda.com/product/39577669', 'product_name': 'Weight Watchers Thick Wholemeal Bread', 'product_price': '£1.14', 'product_additionals': '(28.5p/100g)'}, {'shop': 'sains', 'url': 'https://www.sainsburys.co.uk/shop/gb/groceries/product/details/ready-to-cook-fish/whitby-breaded-calamari-rings-200g', 'product_name': 'Whitby Breaded Calamari Rings 200g', 'product_price': '£3.00', 'product_additionals': '£15.00 / kg'}, {'shop': 'tesco', 'url': 'https://www.tesco.com/groceries/en-GB/products/303630499', 'product_name': 'Whitby Seafoods Breaded Scampi Bites 190G', 'product_price': '£ 1.00', 'product_additionals': '£5.27/kg'}, {'shop': 'asda', 'url': 'https://groceries.asda.com/product/1000132866206', 'product_name': 'Whitby Seafoods Lemon & Pepper Breaded Fish Goujons', 'product_price': '£2.00', 'product_additionals': 'No weight data'}, {'shop': 'asda', 'url': 'https://groceries.asda.com/product/1000005038852', 'product_name': "Wright's Baking Cheddar and Sun Dried Tomato Bread Mix", 'product_price': '£1.00', 'product_additionals': 'No weight data'}, {'shop': 'asda', 'url': 'https://groceries.asda.com/product/910000045547', 'product_name': "Wright's Baking Cheddar Cheese & Onion Bread Mix", 'product_price': '£1.00', 'product_additionals': 'No weight data'}, {'shop': 'asda', 'url': 'https://groceries.asda.com/product/910000541647', 'product_name': "Young's 2 Breaded Fish Fillets", 'product_price': '£2.00', 'product_additionals': 'No weight data'}, {'shop': 'asda', 'url': 'https://groceries.asda.com/product/1000200731351', 'product_name': "Young's 4 Omega 3 Fish Fillets in Crispy Breadcrumbs", 'product_price': '£3.70', 'product_additionals': '(£6.17/kg)'}, {'shop': 'asda', 'url': 'https://groceries.asda.com/product/1000130309095', 'product_name': "Young's 4 Simply Breaded Large Cod Fillets", 'product_price': '£4.00', 'product_additionals': 'No weight data'}, {'shop': 'asda', 'url': 'https://groceries.asda.com/product/1000130309094', 'product_name': "Young's 4 Simply Breaded Large Haddock Fillets", 'product_price': '£4.00', 'product_additionals': 'No weight data'}, {'shop': 'asda', 'url': 'https://groceries.asda.com/product/1000130309096', 'product_name': "Young's 4 Simply Breaded Omega 3 Fish Fillets", 'product_price': '£2.00', 'product_additionals': 'No weight data'}, {'shop': 'sains', 'url': 'https://www.sainsburys.co.uk/shop/gb/groceries/product/details/meals-for-tonight/youngs-breaded-cod-fillets-x4-480g', 'product_name': "Young's Breaded Cod Fillets x4 440g", 'product_price': '£4.50', 'product_additionals': '£10.23 / kg'}, {'shop': 'asda', 'url': 'https://groceries.asda.com/product/910000856262', 'product_name': "Young's Breaded Scampi", 'product_price': '£2.00', 'product_additionals': 'No weight data'}, {'shop': 'asda', 'url': 'https://groceries.asda.com/product/1000207689279', 'product_name': "Young's Gastro Signature Breaded 2 Lemon & Pepper Fish Fillets", 'product_price': '£4.00', 'product_additionals': 'No weight data'}, {'shop': 'asda', 'url': 'https://groceries.asda.com/product/1000205555385', 'product_name': "Young's Gastro Signature Breaded 6 Southern Fried Basa Mini Fillets", 'product_price': '£3.00', 'product_additionals': 'No weight data'}, {'shop': 'asda', 'url': 'https://groceries.asda.com/product/1000207689252', 'product_name': "Young's Simply Breaded 2 Extra Large Cod Fillets", 'product_price': '£4.00', 'product_additionals': 'No weight data'}, {'shop': 'tesco', 'url': 'https://www.tesco.com/groceries/en-GB/products/303391723', 'product_name': 'Youngs Simply Breaded 4 Large Cod Fillets 440G', 'product_price': '£ 4.00', 'product_additionals': '£9.10/kg'}, {'shop': 'tesco', 'url': 'https://www.tesco.com/groceries/en-GB/products/303391625', 'product_name': 'Youngs Simply Breaded Omega 3 4 Fish Fillets 400G', 'product_price': '£ 2.40', 'product_additionals': '£6.00/kg'}]


x[{'shop': 'tesco', 'url': 'https://www.tesco.com/groceries/en-GB/products/254945564', 'product_name': 'Tesco 6 White Pitta Bread', 'product_price': '£ 0.45', 'product_additionals': '£0.08/each'}, {'shop': 'tesco', 'url': 'https://www.tesco.com/groceries/en-GB/products/254945610', 'product_name': 'Tesco 6 Wholemeal Pitta Bread', 'product_price': '£ 0.45', 'product_additionals': '£0.08/each'}, {'shop': 'tesco', 'url': 'https://www.tesco.com/groceries/en-GB/products/308110957', 'product_name': 'Tesco 10 Mini Easter Gingerbread Men', 'product_price': '£ 1.00', 'product_additionals': '£0.10/each'}, {'shop': 'tesco', 'url': 'https://www.tesco.com/groceries/en-GB/products/291376265', 'product_name': 'Tesco 6 Multiseed Folded Flatbreads', 'product_price': '£ 0.79', 'product_additionals': '£0.13/each'}, {'shop': 'tesco', 'url': 'https://www.tesco.com/groceries/en-GB/products/291376220', 'product_name': 'Tesco Folded Flatbreads Plain 6 Pack', 'product_price': '£ 0.79', 'product_additionals': '£0.13/each'}, {'shop': 'tesco', 'url': 'https://www.tesco.com/groceries/en-GB/products/308094029', 'product_name': 'Mission 6 Plain Pitta Breads', 'product_price': '£ 0.80', 'product_additionals': '£0.13/each'}, {'shop': 'tesco', 'url': 'https://www.tesco.com/groceries/en-GB/products/291376334', 'product_name': 'Tesco Malted Grain & Rye Folded Flatbread 6 Pack', 'product_price': '£ 0.79', 'product_additionals': '£0.13/each'}, {'shop': 'tesco', 'url': 'https://www.tesco.com/groceries/en-GB/products/274684882', 'product_name': 'Tesco 5 Gingerbread Men Kit 174G', 'product_price': '£ 1.80', 'product_additionals': '£0.36/each'}, {'shop': 'tesco', 'url': 'https://www.tesco.com/groceries/en-GB/products/303315815', 'product_name': 'Tesco 2 Plain Naan Breads', 'product_price': '£ 0.75', 'product_additionals': '£0.38/each'}, {'shop': 'tesco', 'url': 'https://www.tesco.com/groceries/en-GB/products/257800909', 'product_name': 'Finest Triple Chocolate Shortbread 4 Pack', 'product_price': '£ 1.50', 'product_additionals': '£0.38/each'}, {'shop': 'tesco', 'url': 'https://www.tesco.com/groceries/en-GB/products/305527187', 'product_name': 'Tesco 5 Decorate Your Own Gingerbread Easter Egg Kit', 'product_price': '£ 1.80', 'product_additionals': '£0.36/each'}, {'shop': 'tesco', 'url': 'https://www.tesco.com/groceries/en-GB/products/308079929', 'product_name': 'Tesco Seasonal Gingerbread Biscuit', 'product_price': '£ 0.60', 'product_additionals': '£0.60/each'}, {'shop': 'tesco', 'url': 'https://www.tesco.com/groceries/en-GB/products/250506912', 'product_name': 'Pataks Plain Naan Bread 2 Pack', 'product_price': '£ 1.25', 'product_additionals': '£0.62/each'}, {'shop': 'tesco', 'url': 'https://www.tesco.com/groceries/en-GB/products/259170533', 'product_name': 'Pataks Peshwari Naan Bread 2Pack', 'product_price': '£ 1.25', 'product_additionals': '£0.62/each'}, {'shop': 'tesco', 'url': 'https://www.tesco.com/groceries/en-GB/products/250523085', 'product_name': 'Pataks Garlic & Coriander Naan Bread 2 Pack', 'product_price': '£ 1.25', 'product_additionals': '£0.62/each'}, {'shop': 'tesco', 'url': 'https://www.tesco.com/groceries/en-GB/products/285498135', 'product_name': 'Tesco Corn Bread', 'product_price': '£ 1.60', 'product_additionals': '£1.60/each'}, {'shop': 'tesco', 'url': 'https://www.tesco.com/groceries/en-GB/products/272960719', 'product_name': 'Three Cheese Bread', 'product_price': '£ 1.60', 'product_additionals': '£1.60/each'}, {'shop': 'tesco', 'url': 'https://www.tesco.com/groceries/en-GB/products/308093498', 'product_name': "Irwin's Traditional Wheaten Bread", 'product_price': '£ 1.20', 'product_additionals': '£1.20/each'}, {'shop': 'asda', 'url': 'https://groceries.asda.com/product/1000159725341', 'product_name': 'George Home Gingerbread Man Cookie Cutters', 'product_price': '£2.00', 'product_additionals': '(£2.00/each)'}, {'shop': 'asda', 'url': 'https://groceries.asda.com/product/1000224243232', 'product_name': 'George Home Gingerbread Cappucino Mug', 'product_price': '£2.50', 'product_additionals': '(£2.50/each)'}, {'shop': 'tesco', 'url': 'https://www.tesco.com/groceries/en-GB/products/305834981', 'product_name': 'Tesco Finest 4 Millionaire Shortbread Slices', 'product_price': '£ 2.25', 'product_additionals': '£2.25/each'}, {'shop': 'asda', 'url': 'https://groceries.asda.com/product/1000229362652', 'product_name': 'George Home Multi Christmas Gingerbread House Mug', 'product_price': '£3.00', 'product_additionals': '(£3.00/each)'}, {'shop': 'asda', 'url': 'https://groceries.asda.com/product/1000150186101', 'product_name': 'George Home Gingerbread Napkins', 'product_price': '£1.00', 'product_additionals': '(5.0p/each)'}, {'shop': 'asda', 'url': 'https://groceries.asda.com/product/1000227127175', 'product_name': 'Eco Wix Gingerbread Small Candle', 'product_price': '£5.00', 'product_additionals': '(£5.00/each)'}, {'shop': 'asda', 'url': 'https://groceries.asda.com/product/1000229362801', 'product_name': 'George Home Gingerbread House Plate', 'product_price': '£5.00', 'product_additionals': '(£5.00/each)'}, {'shop': 'asda', 'url': 'https://groceries.asda.com/product/910001960493', 'product_name': 'ASDA White Pitta Breads', 'product_price': '£0.45', 'product_additionals': '(7.5p/each)'}, {'shop': 'asda', 'url': 'https://groceries.asda.com/product/1000229362679', 'product_name': 'George Home Grey Bread Bin', 'product_price': '£10.00', 'product_additionals': '(£10.00/each)'}, {'shop': 'asda', 'url': 'https://groceries.asda.com/product/1000229362594', 'product_name': 'George Home White Marble Bread Bin', 'product_price': '£10.00', 'product_additionals': '(£10.00/each)'}, {'shop': 'asda', 'url': 'https://groceries.asda.com/product/1000229362744', 'product_name': 'George Home Cream Bread Bin', 'product_price': '£10.00', 'product_additionals': '(£10.00/each)'}, {'shop': 'asda', 'url': 'https://groceries.asda.com/product/1000056262134', 'product_name': "ASDA Baker's Selection 20 Mini Shortbread Bites", 'product_price': '£2.00', 'product_additionals': '(10.0p/each)'}, {'shop': 'asda', 'url': 'https://groceries.asda.com/product/1000229362793', 'product_name': 'George Home Multi Christmas Gingerbread House Cookie Jar', 'product_price': '£12.00', 'product_additionals': '(£12.00/each)'}, {'shop': 'asda', 'url': 'https://groceries.asda.com/product/1000244026790', 'product_name': 'Cadbury Winter Gingerbread Chocolate Cake Bars', 'product_price': '£1.00', 'product_additionals': '(20.0p/each)'}, {'shop': 'asda', 'url': 'https://groceries.asda.com/product/1000188692416', 'product_name': 'Deli Kitchen Greek Style Flatbreads', 'product_price': '£1.35', 'product_additionals': '(33.8p/each)'}, {'shop': 'asda', 'url': 'https://groceries.asda.com/product/910003185883', 'product_name': 'ASDA 4 Mini Garlic & Coriander Naan Bread', 'product_price': '£1.00', 'product_additionals': '(25.0p/each)'}, {'shop': 'asda', 'url': 'https://groceries.asda.com/product/1000254237184', 'product_name': 'ASDA 2 Garlic & Parsley Flatbreads', 'product_price': '£1.26', 'product_additionals': '(63.0p/each)'}, {'shop': 'tesco', 'url': 'https://www.tesco.com/groceries/en-GB/products/299045570', 'product_name': "H W Nevill's White Bread 800G", 'product_price': '£ 0.36', 'product_additionals': '£0.04/100g'}, {'shop': 'tesco', 'url': 'https://www.tesco.com/groceries/en-GB/products/299045558', 'product_name': "H W Nevill's Wholemeal Bread 800G", 'product_price': '£ 0.36', 'product_additionals': '£0.04/100g'}, {'shop': 'tesco', 'url': 'https://www.tesco.com/groceries/en-GB/products/299389116', 'product_name': 'Tesco White Bread 800G', 'product_price': '£ 0.59', 'product_additionals': '£0.07/100g'}, {'shop': 'tesco', 'url': 'https://www.tesco.com/groceries/en-GB/products/303629513', 'product_name': 'Tesco Both Together Bread 800G', 'product_price': '£ 0.59', 'product_additionals': '£0.07/100g'}, {'shop': 'tesco', 'url': 'https://www.tesco.com/groceries/en-GB/products/299425783', 'product_name': 'Tesco Wholemeal Medium Bread 800G', 'product_price': '£ 0.59', 'product_additionals': '£0.07/100g'}, {'shop': 'tesco', 'url': 'https://www.tesco.com/groceries/en-GB/products/299425748', 'product_name': 'Tesco Toastie White Bread Thick 800G', 'product_price': '£ 0.59', 'product_additionals': '£0.07/100g'}, {'shop': 'tesco', 'url': 'https://www.tesco.com/groceries/en-GB/products/299425760', 'product_name': 'Tesco Toastie Wholemeal Thick Bread 800G', 'product_price': '£ 0.59', 'product_additionals': '£0.07/100g'}, {'shop': 'tesco', 'url': 'https://www.tesco.com/groceries/en-GB/products/252065992', 'product_name': 'Kingsmill 50/50 Thick Bread 800G', 'product_price': '£ 0.85', 'product_additionals': '£0.11/100g'}, {'shop': 'tesco', 'url': 'https://www.tesco.com/groceries/en-GB/products/261738730', 'product_name': 'Kingsmill 50/50 Medium Bread 800G', 'product_price': '£ 0.85', 'product_additionals': '£0.11/100g'}, {'shop': 'tesco', 'url': 'https://www.tesco.com/groceries/en-GB/products/254944260', 'product_name': 'Warburtons Wholemeal Medium Bread 800G', 'product_price': '£ 1.05', 'product_additionals': '£0.13/100g'}, {'shop': 'asda', 'url': 'https://groceries.asda.com/product/80190762', 'product_name': 'ASDA Organic White Bread Flour', 'product_price': '£1.29', 'product_additionals': '(£1.29/kg)'}, {'shop': 'tesco', 'url': 'https://www.tesco.com/groceries/en-GB/products/271273388', 'product_name': 'Allinson Wholemeal Bread 1.5Kg', 'product_price': '£ 2.00', 'product_additionals': '£1.34/kg'}, {'shop': 'asda', 'url': 'https://groceries.asda.com/product/77326875', 'product_name': 'Allinson Very Strong Bread Flour', 'product_price': '£1.97', 'product_additionals': '(£1.31/kg)'}, {'shop': 'tesco', 'url': 'https://www.tesco.com/groceries/en-GB/products/304371279', 'product_name': 'Warburtons Half And Half Medium Bread 800G', 'product_price': '£ 1.05', 'product_additionals': '£0.13/100g'}, {'shop': 'tesco', 'url': 'https://www.tesco.com/groceries/en-GB/products/250168194', 'product_name': 'Warburtons Farmhouse White Bread 800G', 'product_price': '£ 1.20', 'product_additionals': '£0.15/100g'}, {'shop': 'tesco', 'url': 'https://www.tesco.com/groceries/en-GB/products/259804983', 'product_name': 'Kingsmill Soft White Thick Bread 800G', 'product_price': '£ 0.95', 'product_additionals': '£0.12/100g'}, {'shop': 'tesco', 'url': 'https://www.tesco.com/groceries/en-GB/products/254917926', 'product_name': 'Tesco Strong Stone Ground 100% Wholemeal Bread Flour 1.5Kg', 'product_price': '£ 1.20', 'product_additionals': '£0.80/kg'}, {'shop': 'tesco', 'url': 'https://www.tesco.com/groceries/en-GB/products/254942325', 'product_name': 'Warburtons Medium Sliced White Bread 800G', 'product_price': '£ 1.10', 'product_additionals': '£0.14/100g'}, {'shop': 'tesco', 'url': 'https://www.tesco.com/groceries/en-GB/products/259804954', 'product_name': 'Kingsmill Soft White Medium Bread 800G', 'product_price': '£ 0.95', 'product_additionals': '£0.12/100g'}, {'shop': 'tesco', 'url': 'https://www.tesco.com/groceries/en-GB/products/263518014', 'product_name': 'Hovis Wholemeal Thick Bread 800G', 'product_price': '£ 1.10', 'product_additionals': '£0.14/100g'}, {'shop': 'tesco', 'url': 'https://www.tesco.com/groceries/en-GB/products/254942348', 'product_name': 'Warburtons Toastie Sliced White Bread 800G', 'product_price': '£ 1.10', 'product_additionals': '£0.14/100g'}, {'shop': 'tesco', 'url': 'https://www.tesco.com/groceries/en-GB/products/254550817', 'product_name': 'Hovis Soft White Thick Bread 800G', 'product_price': '£ 1.10', 'product_additionals': '£0.14/100g'}, {'shop': 'tesco', 'url': 'https://www.tesco.com/groceries/en-GB/products/255000362', 'product_name': 'Hovis Wholemeal Medium Bread 800G', 'product_price': '£ 1.10', 'product_additionals': '£0.14/100g'}, {'shop': 'asda', 'url': 'https://groceries.asda.com/product/1000001429981', 'product_name': 'Hovis Granary Bread Flour', 'product_price': '£1.79', 'product_additionals': '(£1.79/kg)'}, {'shop': 'tesco', 'url': 'https://www.tesco.com/groceries/en-GB/products/256174499', 'product_name': 'Hovis Soft White Medium Bread 800G', 'product_price': '£ 1.09', 'product_additionals': '£0.14/100g'}, {'shop': 'tesco', 'url': 'https://www.tesco.com/groceries/en-GB/products/257269645', 'product_name': 'Warburtons Seeded Batch Bread 800G', 'product_price': '£ 1.40', 'product_additionals': '£0.18/100g'}, {'shop': 'tesco', 'url': 'https://www.tesco.com/groceries/en-GB/products/252990345', 'product_name': 'Kingsmill Tasty Wholemeal Medium Bread 800G', 'product_price': '£ 0.95', 'product_additionals': '£0.12/100g'}, {'shop': 'tesco', 'url': 'https://www.tesco.com/groceries/en-GB/products/257218318', 'product_name': 'Tesco Breaded Onion Rings 750G', 'product_price': '£ 1.25', 'product_additionals': '£1.67/kg'}, {'shop': 'tesco', 'url': 'https://www.tesco.com/groceries/en-GB/products/256783233', 'product_name': 'Allinson Strong White Bread Flour 1.5Kg', 'product_price': '£ 2.00', 'product_additionals': '£1.34/kg'}, {'shop': 'tesco', 'url': 'https://www.tesco.com/groceries/en-GB/products/285024271', 'product_name': 'Tesco Multiseed Bread Mix 500G', 'product_price': '£ 0.85', 'product_additionals': '£1.70/kg'}, {'shop': 'asda', 'url': 'https://groceries.asda.com/product/77326876', 'product_name': 'Allinson Wholemeal Very Strong Bread Flour', 'product_price': '£1.97', 'product_additionals': '(£1.31/kg)'}, {'shop': 'tesco', 'url': 'https://www.tesco.com/groceries/en-GB/products/267363266', 'product_name': 'Hovis Soft White Extra Thick Bread 800G', 'product_price': '£ 1.10', 'product_additionals': '£0.14/100g'}, {'shop': 'tesco', 'url': 'https://www.tesco.com/groceries/en-GB/products/250871708', 'product_name': 'Hovis Granary Thick Bread 800G', 'product_price': '£ 1.45', 'product_additionals': '£0.18/100g'}, {'shop': 'tesco', 'url': 'https://www.tesco.com/groceries/en-GB/products/289597812', 'product_name': 'Tesco Very Strong Canadian Bread Flour 1Kg', 'product_price': '£ 1.35', 'product_additionals': '£1.35/kg'}, {'shop': 'tesco', 'url': 'https://www.tesco.com/groceries/en-GB/products/299608331', 'product_name': 'Warburtons Thoroughbread Lancashire 800G', 'product_price': '£ 1.40', 'product_additionals': '£0.18/100g'}, {'shop': 'tesco', 'url': 'https://www.tesco.com/groceries/en-GB/products/306822170', 'product_name': "Allinson's Country Grain Bread Flour 1Kg", 'product_price': '£ 1.50', 'product_additionals': '£1.50/kg'}, {'shop': 'tesco', 'url': 'https://www.tesco.com/groceries/en-GB/products/251738895', 'product_name': 'Warburtons Seeded Batch Bread 400G', 'product_price': '£ 0.90', 'product_additionals': '£0.22/100g'}, {'shop': 'tesco', 'url': 'https://www.tesco.com/groceries/en-GB/products/268104801', 'product_name': 'Warburtons Sliced Tiger Bread 600G', 'product_price': '£ 1.35', 'product_additionals': '£0.22/100g'}, {'shop': 'tesco', 'url': 'https://www.tesco.com/groceries/en-GB/products/265412994', 'product_name': 'The Polish Bakery Half Wheat Half Rye Bread 900G', 'product_price': '£ 1.20', 'product_additionals': '£0.13/100g'}, {'shop': 'tesco', 'url': 'https://www.tesco.com/groceries/en-GB/products/279505707', 'product_name': 'Hovis Best Of Both Thick White Bread 750G', 'product_price': '£ 1.10', 'product_additionals': '£0.15/100g'}, {'shop': 'tesco', 'url': 'https://www.tesco.com/groceries/en-GB/products/263190209', 'product_name': 'Prymat Breadcrumbs 400G', 'product_price': '£ 1.00', 'product_additionals': '£2.50/kg'}, {'shop': 'tesco', 'url': 'https://www.tesco.com/groceries/en-GB/products/254944133', 'product_name': 'Hovis Granary Wholemeal Bread 800G', 'product_price': '£ 1.45', 'product_additionals': '£0.18/100g'}, {'shop': 'tesco', 'url': 'https://www.tesco.com/groceries/en-GB/products/279505857', 'product_name': 'Hovis Best Of Both Medium White Bread 750G', 'product_price': '£ 1.10', 'product_additionals': '£0.15/100g'}, {'shop': 'tesco', 'url': 'https://www.tesco.com/groceries/en-GB/products/274811214', 'product_name': 'Hovis Original 7 Seeds Bread 800G', 'product_price': '£ 1.50', 'product_additionals': '£0.19/100g'}, {'shop': 'tesco', 'url': 'https://www.tesco.com/groceries/en-GB/products/254944283', 'product_name': 'Warburtons Wholemeal Medium Bread 400G', 'product_price': '£ 0.85', 'product_additionals': '£0.21/100g'}, {'shop': 'tesco', 'url': 'https://www.tesco.com/groceries/en-GB/products/274811254', 'product_name': 'Hovis 7 Seeds Wholemeal Bread 800G', 'product_price': '£ 1.50', 'product_additionals': '£0.19/100g'}, {'shop': 'tesco', 'url': 'https://www.tesco.com/groceries/en-GB/products/267662020', 'product_name': 'The Polish Bakery Brown Bread 400G', 'product_price': '£ 0.75', 'product_additionals': '£0.19/100g'}, {'shop': 'tesco', 'url': 'https://www.tesco.com/groceries/en-GB/products/307138172', 'product_name': 'Allinson Strong White Bread Flour 1Kg', 'product_price': '£ 1.80', 'product_additionals': '£1.80/kg'}, {'shop': 'tesco', 'url': 'https://www.tesco.com/groceries/en-GB/products/305737088', 'product_name': 'Tesco Finest Wholemeal Seeds And Grains Bread 800G', 'product_price': '£ 1.10', 'product_additionals': '£0.14/100g'}, {'shop': 'tesco', 'url': 'https://www.tesco.com/groceries/en-GB/products/254942354', 'product_name': 'Warburtons Toastie Sliced White Bread 400G', 'product_price': '£ 0.85', 'product_additionals': '£0.21/100g'}, {'shop': 'tesco', 'url': 'https://www.tesco.com/groceries/en-GB/products/250829858', 'product_name': 'Hovis Wholemeal Medium Bread 400G', 'product_price': '£ 0.85', 'product_additionals': '£0.21/100g'}, {'shop': 'tesco', 'url': 'https://www.tesco.com/groceries/en-GB/products/254942331', 'product_name': 'Warburtons Medium Sliced White Bread 400G', 'product_price': '£ 0.90', 'product_additionals': '£0.22/100g'}, {'shop': 'tesco', 'url': 'https://www.tesco.com/groceries/en-GB/products/258199403', 'product_name': "Paterson's Shortbread Fingers 380G", 'product_price': '£ 1.00', 'product_additionals': '£0.26/100g'}, {'shop': 'tesco', 'url': 'https://www.tesco.com/groceries/en-GB/products/257123599', 'product_name': 'Doves Farm Gluten Free White Bread Flour 1Kg', 'product_price': '£ 1.70', 'product_additionals': '£1.70/kg'}, {'shop': 'tesco', 'url': 'https://www.tesco.com/groceries/en-GB/products/302088635', 'product_name': 'Warburtons White Farmhouse Bread 400G', 'product_price': '£ 1.00', 'product_additionals': '£0.25/100g'}, {'shop': 'tesco', 'url': 'https://www.tesco.com/groceries/en-GB/products/296844942', 'product_name': 'Polish Bakery Highlander Bread Sourdough 800G', 'product_price': '£ 1.35', 'product_additionals': '£0.17/100g'}, {'shop': 'tesco', 'url': 'https://www.tesco.com/groceries/en-GB/products/254942734', 'product_name': 'Warburtons Milk Roll Sliced White Bread 400G', 'product_price': '£ 0.90', 'product_additionals': '£0.22/100g'}, {'shop': 'tesco', 'url': 'https://www.tesco.com/groceries/en-GB/products/306932886', 'product_name': 'Molino Pasini Pizza & Focaccia Bread Mix 1000G', 'product_price': '£ 1.70', 'product_additionals': '£1.70/kg'}, {'shop': 'tesco', 'url': 'https://www.tesco.com/groceries/en-GB/products/255727936', 'product_name': 'Warburtons Danish Sliced White Bread 400G', 'product_price': '£ 0.95', 'product_additionals': '£0.24/100g'}, {'shop': 'tesco', 'url': 'https://www.tesco.com/groceries/en-GB/products/259747508', 'product_name': 'Hovis Original Granary Bread 400G', 'product_price': '£ 0.95', 'product_additionals': '£0.24/100g'}, {'shop': 'tesco', 'url': 'https://www.tesco.com/groceries/en-GB/products/267662008', 'product_name': 'The Polish Bakery Sunflower Seed Bread 400G', 'product_price': '£ 0.75', 'product_additionals': '£0.19/100g'}, {'shop': 'tesco', 'url': 'https://www.tesco.com/groceries/en-GB/products/265412971', 'product_name': 'The Polish Bakery Half Wheat Half Rye Bread 400G', 'product_price': '£ 0.70', 'product_additionals': '£0.18/100g'}, {'shop': 'tesco', 'url': 'https://www.tesco.com/groceries/en-GB/products/307342027', 'product_name': 'Tesco All Butter Shortbread Fingers 250G', 'product_price': '£ 0.69', 'product_additionals': '£0.28/100g'}, {'shop': 'tesco', 'url': 'https://www.tesco.com/groceries/en-GB/products/256236588', 'product_name': 'Tesco Indian Naan Breads 320G', 'product_price': '£ 1.00', 'product_additionals': '£0.31/100g'}, {'shop': 'tesco', 'url': 'https://www.tesco.com/groceries/en-GB/products/294706650', 'product_name': 'Tesco Sesame Rye Crisp Bread 250G', 'product_price': '£ 0.69', 'product_additionals': '£0.28/100g'}, {'shop': 'tesco', 'url': 'https://www.tesco.com/groceries/en-GB/products/299596458', 'product_name': 'Hearty Food Co 8 Breaded Chicken Burgers 456G', 'product_price': '£ 0.97', 'product_additionals': '£2.13/kg'}, {'shop': 'tesco', 'url': 'https://www.tesco.com/groceries/en-GB/products/289573832', 'product_name': 'Tesco Gingerbread Mix 225G', 'product_price': '£ 1.00', 'product_additionals': '£0.44/100g'}, {'shop': 'tesco', 'url': 'https://www.tesco.com/groceries/en-GB/products/305836218', 'product_name': 'Tesco Finest Wholemeal Seeds And Grains Bread 400G', 'product_price': '£ 0.79', 'product_additionals': '£0.20/100g'}, {'shop': 'tesco', 'url': 'https://www.tesco.com/groceries/en-GB/products/294706637', 'product_name': 'Tesco Original Rye Crisp Bread 250G', 'product_price': '£ 0.69', 'product_additionals': '£0.28/100g'}, {'shop': 'tesco', 'url': 'https://www.tesco.com/groceries/en-GB/products/281509384', 'product_name': 'Tesco Free From Brown Bread 550G', 'product_price': '£ 1.80', 'product_additionals': '£0.33/100g'}, {'shop': 'tesco', 'url': 'https://www.tesco.com/groceries/en-GB/products/293723399', 'product_name': 'Tesco Garlic Breaded Mushrooms 400G', 'product_price': '£ 1.25', 'product_additionals': '£3.13/kg'}, {'shop': 'tesco', 'url': 'https://www.tesco.com/groceries/en-GB/products/289806238', 'product_name': 'Tesco 72 Breaded Chicken Nuggets 1Kg', 'product_price': '£ 3.15', 'product_additionals': '£3.15/kg'}, {'shop': 'tesco', 'url': 'https://www.tesco.com/groceries/en-GB/products/256641396', 'product_name': 'Weight Watchers Malted Danish Sliced Bread 400G', 'product_price': '£ 1.00', 'product_additionals': '£0.25/100g'}, {'shop': 'tesco', 'url': 'https://www.tesco.com/groceries/en-GB/products/300810579', 'product_name': 'Warburtons Old English White Bread 400G', 'product_price': '£ 1.50', 'product_additionals': '£0.38/100g'}, {'shop': 'asda', 'url': 'https://groceries.asda.com/product/80785008', 'product_name': 'Paxo Golden Breadcrumbs', 'product_price': '£1.09', 'product_additionals': '(£4.80/kg)'}, {'shop': 'tesco', 'url': 'https://www.tesco.com/groceries/en-GB/products/299587469', 'product_name': 'Hearty Food Co 20 Breaded Chicken Nuggets 320G', 'product_price': '£ 0.85', 'product_additionals': '£2.66/kg'}, {'shop': 'tesco', 'url': 'https://www.tesco.com/groceries/en-GB/products/254926368', 'product_name': 'Ryvita Crackerbread 200G', 'product_price': '£ 1.19', 'product_additionals': '£0.60/100g'}, {'shop': 'tesco', 'url': 'https://www.tesco.com/groceries/en-GB/products/300810591', 'product_name': 'Warburtons Malted Grain & Seeds Bread 400G', 'product_price': '£ 1.50', 'product_additionals': '£0.38/100g'}, {'shop': 'tesco', 'url': 'https://www.tesco.com/groceries/en-GB/products/260630288', 'product_name': 'Kingsmill 50/50 No Crusts Bread 400G', 'product_price': '£ 1.40', 'product_additionals': '£0.35/100g'}, {'shop': 'tesco', 'url': 'https://www.tesco.com/groceries/en-GB/products/276605133', 'product_name': 'Tesco Free From Sliced White Bread 550G', 'product_price': '£ 1.80', 'product_additionals': '£0.33/100g'}, {'shop': 'tesco', 'url': 'https://www.tesco.com/groceries/en-GB/products/293574661', 'product_name': 'Tesco Shortbread Petticoat Tails 450G', 'product_price': '£ 2.00', 'product_additionals': '£0.44/100g'}, {'shop': 'tesco', 'url': 'https://www.tesco.com/groceries/en-GB/products/267661977', 'product_name': "The Polish Bakery Granny's Sesame Seed Bread 400G", 'product_price': '£ 1.10', 'product_additionals': '£0.28/100g'}, {'shop': 'tesco', 'url': 'https://www.tesco.com/groceries/en-GB/products/296844907', 'product_name': 'The Polish Bakery Pumpkin Bread 500G', 'product_price': '£ 1.85', 'product_additionals': '£0.37/100g'}, {'shop': 'tesco', 'url': 'https://www.tesco.com/groceries/en-GB/products/301063378', 'product_name': 'Tesco White Breadcrumbs 175G', 'product_price': '£ 0.80', 'product_additionals': '£0.46/100g'}, {'shop': 'tesco', 'url': 'https://www.tesco.com/groceries/en-GB/products/286932070', 'product_name': 'Tesco 30 Mini Gingerbread 330G', 'product_price': '£ 1.80', 'product_additionals': '£0.55/100g'}, {'shop': 'tesco', 'url': 'https://www.tesco.com/groceries/en-GB/products/278834077', 'product_name': 'Tesco Golden Breadcrumbs 175G', 'product_price': '£ 0.80', 'product_additionals': '£4.58/kg'}, {'shop': 'tesco', 'url': 'https://www.tesco.com/groceries/en-GB/products/305530793', 'product_name': 'Deli Kitchen 4 Greek Style Flatbreads 320G', 'product_price': '£ 1.35', 'product_additionals': '£0.42/100g'}, {'shop': 'tesco', 'url': 'https://www.tesco.com/groceries/en-GB/products/278104918', 'product_name': 'Tesco Peshwari Naan Breads 2 Pack 260G', 'product_price': '£ 0.95', 'product_additionals': '£0.37/100g'}, {'shop': 'tesco', 'url': 'https://www.tesco.com/groceries/en-GB/products/300810619', 'product_name': 'Warburtons Country White Bread 400G', 'product_price': '£ 2.00', 'product_additionals': '£0.50/100g'}, {'shop': 'tesco', 'url': 'https://www.tesco.com/groceries/en-GB/products/262106716', 'product_name': 'Paxo Golden Breadcrumbs 227G', 'product_price': '£ 1.10', 'product_additionals': '£4.85/kg'}, {'shop': 'tesco', 'url': 'https://www.tesco.com/groceries/en-GB/products/271023178', 'product_name': 'Tesco 30 Breaded Chicken Breast Nuggets 450G', 'product_price': '£ 1.50', 'product_additionals': '£3.34/kg'}, {'shop': 'tesco', 'url': 'https://www.tesco.com/groceries/en-GB/products/262106739', 'product_name': 'Paxo Natural Breadcrumbs 227G', 'product_price': '£ 1.10', 'product_additionals': '£4.85/kg'}, {'shop': 'tesco', 'url': 'https://www.tesco.com/groceries/en-GB/products/306945888', 'product_name': 'Hearty Food Co. 4 Breaded Chicken Steaks 505G', 'product_price': '£ 1.69', 'product_additionals': '£3.35/kg'}, {'shop': 'tesco', 'url': 'https://www.tesco.com/groceries/en-GB/products/297683100', 'product_name': 'Tesco 4 Breaded Chicken Steaks 380G', 'product_price': '£ 1.65', 'product_additionals': '£4.35/kg'}, {'shop': 'tesco', 'url': 'https://www.tesco.com/groceries/en-GB/products/254926420', 'product_name': 'Ryvita Sesame Crisp Bread 250G', 'product_price': '£ 1.25', 'product_additionals': '£0.50/100g'}, {'shop': 'tesco', 'url': 'https://www.tesco.com/groceries/en-GB/products/256001031', 'product_name': 'Ryvita Dark Rye Crisp Bread 250G', 'product_price': '£ 1.19', 'product_additionals': '£0.48/100g'}, {'shop': 'tesco', 'url': 'https://www.tesco.com/groceries/en-GB/products/256001296', 'product_name': 'Ryvita Original Crisp Bread 250G', 'product_price': '£ 1.19', 'product_additionals': '£0.48/100g'}, {'shop': 'tesco', 'url': 'https://www.tesco.com/groceries/en-GB/products/300810631', 'product_name': 'Warburtons Multi Grain & Seed Bread 400G', 'product_price': '£ 2.00', 'product_additionals': '£0.50/100g'}, {'shop': 'tesco', 'url': 'https://www.tesco.com/groceries/en-GB/products/252109642', 'product_name': 'Tesco Cheese & Tomato Flatbread 225G', 'product_price': '£ 1.25', 'product_additionals': '£0.56/100g'}, {'shop': 'tesco', 'url': 'https://www.tesco.com/groceries/en-GB/products/306818969', 'product_name': 'Tesco Finest Fruited Sourdough Bread 400G', 'product_price': '£ 1.60', 'product_additionals': '£0.40/100g'}, {'shop': 'tesco', 'url': 'https://www.tesco.com/groceries/en-GB/products/251107559', 'product_name': 'Ryvita Multigrain Rye Bread 250G', 'product_price': '£ 1.25', 'product_additionals': '£0.50/100g'}, {'shop': 'tesco', 'url': 'https://www.tesco.com/groceries/en-GB/products/302289949', 'product_name': 'Nishaan Plain Mini Naan Breads 6 Pack 300G', 'product_price': '£ 1.20', 'product_additionals': '£0.40/100g'}, {'shop': 'tesco', 'url': 'https://www.tesco.com/groceries/en-GB/products/298865009', 'product_name': 'Hearty Food Co. Breaded Chicken Goujons 270G', 'product_price': '£ 1.05', 'product_additionals': '£3.89/kg'}, {'shop': 'tesco', 'url': 'https://www.tesco.com/groceries/en-GB/products/306798939', 'product_name': 'Clay Oven Bakery 2 Plain Naan Breads 360G', 'product_price': '£ 1.50', 'product_additionals': '£0.42/100g'}, {'shop': 'tesco', 'url': 'https://www.tesco.com/groceries/en-GB/products/303630499', 'product_name': 'Whitby Seafoods Breaded Scampi Bites 190G', 'product_price': '£ 1.00', 'product_additionals': '£5.27/kg'}, {'shop': 'tesco', 'url': 'https://www.tesco.com/groceries/en-GB/products/264567506', 'product_name': 'Tesco 4 Breaded Chicken Steaks 505G', 'product_price': '£ 2.50', 'product_additionals': '£4.96/kg'}, {'shop': 'tesco', 'url': 'https://www.tesco.com/groceries/en-GB/products/288610223', 'product_name': 'Tesco Garlic Flatbread 255G', 'product_price': '£ 2.00', 'product_additionals': '£0.78/100g'}, {'shop': 'tesco', 'url': 'https://www.tesco.com/groceries/en-GB/products/252109688', 'product_name': 'Tesco Garlic & Parsley Flatbread 210G', 'product_price': '£ 1.25', 'product_additionals': '£0.60/100g'}, {'shop': 'tesco', 'url': 'https://www.tesco.com/groceries/en-GB/products/261212413', 'product_name': 'Ryvita Fruit Crunch Crisp Bread 200G', 'product_price': '£ 0.99', 'product_additionals': '£0.50/100g'}, {'shop': 'tesco', 'url': 'https://www.tesco.com/groceries/en-GB/products/299557298', 'product_name': 'Tesco Cheese & Garlic Pizza Bread 210G', 'product_price': '£ 1.00', 'product_additionals': '£4.77/kg'}, {'shop': 'tesco', 'url': 'https://www.tesco.com/groceries/en-GB/products/274730488', 'product_name': 'Tesco 30 Mini Gingerbread Men 270G', 'product_price': '£ 1.80', 'product_additionals': '£0.67/100g'}, {'shop': 'tesco', 'url': 'https://www.tesco.com/groceries/en-GB/products/281840917', 'product_name': 'Jacobs Chive Crisp Bread 190G', 'product_price': '£ 1.49', 'product_additionals': '£0.78/100g'}, {'shop': 'tesco', 'url': 'https://www.tesco.com/groceries/en-GB/products/254482788', 'product_name': 'Tesco Bread & Butter Pudding 500G', 'product_price': '£ 2.80', 'product_additionals': '£0.56/100g'}, {'shop': 'tesco', 'url': 'https://www.tesco.com/groceries/en-GB/products/255269055', 'product_name': 'Ryvita Pumpkin & Oats Crisp Bread 4X50g', 'product_price': '£ 0.99', 'product_additionals': '£0.50/100g'}, {'shop': 'tesco', 'url': 'https://www.tesco.com/groceries/en-GB/products/266195171', 'product_name': 'Tesco 4 Breaded Cod Fillets 500G', 'product_price': '£ 3.00', 'product_additionals': '£6.00/kg'}, {'shop': 'tesco', 'url': 'https://www.tesco.com/groceries/en-GB/products/265940149', 'product_name': 'Tesco Sesame Breadsticks 125G', 'product_price': '£ 0.84', 'product_additionals': '£0.67/100g'}, {'shop': 'tesco', 'url': 'https://www.tesco.com/groceries/en-GB/products/286265277', 'product_name': 'Tesco Cheese & Garlic Flatbread 230G', 'product_price': '£ 1.60', 'product_additionals': '£0.70/100g'}, {'shop': 'tesco', 'url': 'https://www.tesco.com/groceries/en-GB/products/290017687', 'product_name': 'Tesco 4 Breaded Cod Fishcakes 340G', 'product_price': '£ 2.00', 'product_additionals': '£5.89/kg'}, {'shop': 'tesco', 'url': 'https://www.tesco.com/groceries/en-GB/products/305733449', 'product_name': 'Clay Oven Bakery 2 Large Stretched Naan Bread 360G', 'product_price': '£ 1.50', 'product_additionals': '£0.42/100g'}, {'shop': 'tesco', 'url': 'https://www.tesco.com/groceries/en-GB/products/305727843', 'product_name': 'Tesco Plant Chef Breaded Nuggets 320G', 'product_price': '£ 1.75', 'product_additionals': '£0.55/100g'}, {'shop': 'tesco', 'url': 'https://www.tesco.com/groceries/en-GB/products/307353826', 'product_name': 'Tesco All Butter Chocolate Chip Shortbread 180G', 'product_price': '£ 1.00', 'product_additionals': '£0.56/100g'}, {'shop': 'tesco', 'url': 'https://www.tesco.com/groceries/en-GB/products/268890894', 'product_name': 'Schar Crisp Bread 150G', 'product_price': '£ 1.30', 'product_additionals': '£0.87/100g'}, {'shop': 'tesco', 'url': 'https://www.tesco.com/groceries/en-GB/products/258083897', 'product_name': 'Tesco Original Breadsticks 125G', 'product_price': '£ 0.84', 'product_additionals': '£0.67/100g'}, {'shop': 'tesco', 'url': 'https://www.tesco.com/groceries/en-GB/products/307753917', 'product_name': 'Betty Crocker Salted Caramel Shortbread Mix 345G', 'product_price': '£ 2.00', 'product_additionals': '£5.80/kg'}, {'shop': 'tesco', 'url': 'https://www.tesco.com/groceries/en-GB/products/281841254', 'product_name': 'Jacobs Mixed Grain Crisp Bread 190G', 'product_price': '£ 1.49', 'product_additionals': '£0.78/100g'}, {'shop': 'tesco', 'url': 'https://www.tesco.com/groceries/en-GB/products/266319153', 'product_name': 'Ryvita Cracked Black Pepper Crisp Bread 5X40g', 'product_price': '£ 0.99', 'product_additionals': '£0.50/100g'}, {'shop': 'tesco', 'url': 'https://www.tesco.com/groceries/en-GB/products/293507310', 'product_name': 'Tesco Breaded Chicken Strips 300G', 'product_price': '£ 2.00', 'product_additionals': '£0.67/100g'}, {'shop': 'tesco', 'url': 'https://www.tesco.com/groceries/en-GB/products/286264762', 'product_name': 'Tesco Garlic & & Rosemary Flatbread 220G', 'product_price': '£ 1.60', 'product_additionals': '£0.73/100g'}, {'shop': 'tesco', 'url': 'https://www.tesco.com/groceries/en-GB/products/279844604', 'product_name': 'Fedon Breadsticks With Sesame Seeds250g', 'product_price': '£ 1.50', 'product_additionals': '£0.60/100g'}, {'shop': 'tesco', 'url': 'https://www.tesco.com/groceries/en-GB/products/257911663', 'product_name': 'Tesco Finest Shortbread Assortment 400G', 'product_price': '£ 3.00', 'product_additionals': '£0.75/100g'}, {'shop': 'tesco', 'url': 'https://www.tesco.com/groceries/en-GB/products/264322746', 'product_name': 'Tesco 4 Garlic Butter Breaded Chicken Kievs 500G', 'product_price': '£ 2.50', 'product_additionals': '£5.00/kg'}, {'shop': 'tesco', 'url': 'https://www.tesco.com/groceries/en-GB/products/306805663', 'product_name': 'Paxo Southern Fried Breadcrumbs 200G', 'product_price': '£ 1.30', 'product_additionals': '£6.50/kg'}, {'shop': 'tesco', 'url': 'https://www.tesco.com/groceries/en-GB/products/293535996', 'product_name': 'Tesco 4 Cheese & Bacon Breaded Chicken Kievs 500G', 'product_price': '£ 2.50', 'product_additionals': '£0.50/100g'}, {'shop': 'tesco', 'url': 'https://www.tesco.com/groceries/en-GB/products/304378272', 'product_name': 'Tesco Free From Shortbread 160G', 'product_price': '£ 1.50', 'product_additionals': '£0.94/100g'}, {'shop': 'tesco', 'url': 'https://www.tesco.com/groceries/en-GB/products/285091909', 'product_name': 'Tesco Breaded Chicken Goujons 540G', 'product_price': '£ 3.75', 'product_additionals': '£6.95/kg'}, {'shop': 'tesco', 'url': 'https://www.tesco.com/groceries/en-GB/products/292759370', 'product_name': "Ella's Kitchen Banana & Vanilla Bread Pudding 4X80g", 'product_price': '£ 1.75', 'product_additionals': '£4.87/kg'}, {'shop': 'tesco', 'url': 'https://www.tesco.com/groceries/en-GB/products/264567593', 'product_name': 'Tesco 4 Southern Fried Breaded Chicken Steaks 505G', 'product_price': '£ 2.50', 'product_additionals': '£4.96/kg'}, {'shop': 'tesco', 'url': 'https://www.tesco.com/groceries/en-GB/products/307152724', 'product_name': 'Tesco Finest Free From Tiger Bread 400G', 'product_price': '£ 2.50', 'product_additionals': '£0.62/100g'}, {'shop': 'asda', 'url': 'https://groceries.asda.com/product/910001400838', 'product_name': 'ASDA Mini Breadsticks', 'product_price': '£1.40', 'product_additionals': '(£1.06/100g)'}, {'shop': 'tesco', 'url': 'https://www.tesco.com/groceries/en-GB/products/307137419', 'product_name': 'Tesco Finest Free From Seeded Bread 400G', 'product_price': '£ 2.50', 'product_additionals': '£0.62/100g'}, {'shop': 'tesco', 'url': 'https://www.tesco.com/groceries/en-GB/products/307145249', 'product_name': 'Northern Dough Co. Sourdough Bread Dough 440G', 'product_price': '£ 2.50', 'product_additionals': '£0.57/100g'}, {'shop': 'tesco', 'url': 'https://www.tesco.com/groceries/en-GB/products/286242984', 'product_name': 'T.Sunblush Tomato Tomato & Garlic Flatbread 235G', 'product_price': '£ 1.60', 'product_additionals': '£0.68/100g'}, {'shop': 'tesco', 'url': 'https://www.tesco.com/groceries/en-GB/products/279935929', 'product_name': 'Tesco Breaded Chicken Goujons 270G', 'product_price': '£ 2.00', 'product_additionals': '£7.41/kg'}, {'shop': 'tesco', 'url': 'https://www.tesco.com/groceries/en-GB/products/262083592', 'product_name': 'Tesco Breaded Mini Chicken Fillets 300G', 'product_price': '£ 2.00', 'product_additionals': '£6.67/kg'}, {'shop': 'asda', 'url': 'https://groceries.asda.com/product/910000450649', 'product_name': 'ASDA Breaded 2 Haddock Fillets', 'product_price': '£2.40', 'product_additionals': '(£8.45/kg)'}, {'shop': 'tesco', 'url': 'https://www.tesco.com/groceries/en-GB/products/304392571', 'product_name': 'Tesco Free From Gingerbread Men 154G', 'product_price': '£ 1.50', 'product_additionals': '£0.97/100g'}, {'shop': 'tesco', 'url': 'https://www.tesco.com/groceries/en-GB/products/305731289', 'product_name': 'Tesco 4 Breaded Plaice Fillets 500G', 'product_price': '£ 4.00', 'product_additionals': '£8.00/kg'}, {'shop': 'tesco', 'url': 'https://www.tesco.com/groceries/en-GB/products/303391625', 'product_name': 'Youngs Simply Breaded Omega 3 4 Fish Fillets 400G', 'product_price': '£ 2.40', 'product_additionals': '£6.00/kg'}, {'shop': 'tesco', 'url': 'https://www.tesco.com/groceries/en-GB/products/256089410', 'product_name': 'Tesco Finest Scottish Shortbread Fingers 165G', 'product_price': '£ 1.35', 'product_additionals': '£0.82/100g'}, {'shop': 'tesco', 'url': 'https://www.tesco.com/groceries/en-GB/products/304784469', 'product_name': 'Tesco Plant Chef Breaded Goujons 190G', 'product_price': '£ 1.50', 'product_additionals': '£7.90/kg'}, {'shop': 'tesco', 'url': 'https://www.tesco.com/groceries/en-GB/products/304381123', 'product_name': 'Tesco 2 Breaded Cod Fillets 300G', 'product_price': '£ 2.75', 'product_additionals': '£9.17/kg'}, {'shop': 'asda', 'url': 'https://groceries.asda.com/product/910000331114', 'product_name': "Jacob's Salt & Black Pepper Flatbreads", 'product_price': '£1.50', 'product_additionals': '(£1.00/100g)'}, {'shop': 'asda', 'url': 'https://groceries.asda.com/product/910001460963', 'product_name': 'ASDA Breaded 2 Chunky Cod Fillets', 'product_price': '£3.20', 'product_additionals': '(£9.14/kg)'}, {'shop': 'asda', 'url': 'https://groceries.asda.com/product/1000200731351', 'product_name': "Young's 4 Omega 3 Fish Fillets in Crispy Breadcrumbs", 'product_price': '£3.70', 'product_additionals': '(£6.17/kg)'}, {'shop': 'tesco', 'url': 'https://www.tesco.com/groceries/en-GB/products/268582625', 'product_name': 'Tesco Panko Breadcrumbs 150G', 'product_price': '£ 1.60', 'product_additionals': '£10.67/kg'}, {'shop': 'tesco', 'url': 'https://www.tesco.com/groceries/en-GB/products/258609605', 'product_name': 'Tesco 4 Breaded Chunky Prime Cod Fillets 500G', 'product_price': '£ 3.60', 'product_additionals': '£7.20/kg'}, {'shop': 'tesco', 'url': 'https://www.tesco.com/groceries/en-GB/products/264566899', 'product_name': 'Tesco Breaded Chicken Mini Fillets 305G', 'product_price': '£ 2.50', 'product_additionals': '£8.20/kg'}, {'shop': 'tesco', 'url': 'https://www.tesco.com/groceries/en-GB/products/298864892', 'product_name': 'Tesco Free From Breaded Chicken Goujons 270G', 'product_price': '£ 2.00', 'product_additionals': '£7.41/kg'}, {'shop': 'tesco', 'url': 'https://www.tesco.com/groceries/en-GB/products/302385928', 'product_name': 'Warburtons White Gluten Free Bread Sourdough 400G', 'product_price': '£ 3.40', 'product_additionals': '£0.85/100g'}, {'shop': 'tesco', 'url': 'https://www.tesco.com/groceries/en-GB/products/286266161', 'product_name': 'Tesco Finest Cheddar Red Onion Mini Flatbreads 295G', 'product_price': '£ 2.45', 'product_additionals': '£0.83/100g'}, {'shop': 'asda', 'url': 'https://groceries.asda.com/product/1226074', 'product_name': 'Dairylea Dunkers Breadsticks with Cheese x4', 'product_price': '£1.50', 'product_additionals': '(£7.98/kg)'}, {'shop': 'tesco', 'url': 'https://www.tesco.com/groceries/en-GB/products/293417975', 'product_name': 'Marmite Flatbreads 140G', 'product_price': '£ 2.45', 'product_additionals': '£1.75/100g'}, {'shop': 'tesco', 'url': 'https://www.tesco.com/groceries/en-GB/products/304377590', 'product_name': 'Tesco 2 Pack Breaded Garlic Chicken Kievs 260G', 'product_price': '£ 2.00', 'product_additionals': '£7.70/kg'}, {'shop': 'tesco', 'url': 'https://www.tesco.com/groceries/en-GB/products/255335829', 'product_name': 'Organix Gingerbread Men 135G', 'product_price': '£ 2.00', 'product_additionals': '£1.49/100g'}, {'shop': 'tesco', 'url': 'https://www.tesco.com/groceries/en-GB/products/303617798', 'product_name': 'Bfree 7 Grain Pitta Bread 220G', 'product_price': '£ 2.50', 'product_additionals': '£1.14/100g'}, {'shop': 'tesco', 'url': 'https://www.tesco.com/groceries/en-GB/products/281260313', 'product_name': 'Tesco 2 Breaded Chicken Breast Fillets 350', 'product_price': '£ 3.00', 'product_additionals': '£8.58/kg'}, {'shop': 'tesco', 'url': 'https://www.tesco.com/groceries/en-GB/products/259208151', 'product_name': 'Tesco 2 Pack Bread & Butter Pudding 2 X 120G', 'product_price': '£ 2.00', 'product_additionals': '£0.83/100g'}, {'shop': 'asda', 'url': 'https://groceries.asda.com/product/1000000986358', 'product_name': 'Bernard Matthews Golden Breaded Turkey Escalopes', 'product_price': '£2.00', 'product_additionals': '(£7.69/kg)'}, {'shop': 'tesco', 'url': 'https://www.tesco.com/groceries/en-GB/products/299587383', 'product_name': 'Tesco Free From Breaded Chicken Goujons 300G', 'product_price': '£ 2.50', 'product_additionals': '£8.34/kg'}, {'shop': 'asda', 'url': 'https://groceries.asda.com/product/1000003407964', 'product_name': 'ASDA Breaded Ham on the Bone', 'product_price': '£1.65', 'product_additionals': '(£1.24/100g)'}, {'shop': 'tesco', 'url': 'https://www.tesco.com/groceries/en-GB/products/251697723', 'product_name': 'Tesco Original Mini Breadsticks 100G', 'product_price': '£ 1.00', 'product_additionals': '£1.00/100g'}, {'shop': 'tesco', 'url': 'https://www.tesco.com/groceries/en-GB/products/302181609', 'product_name': 'Fro Thyme & Sea Salt Crisp Bread 200G', 'product_price': '£ 1.95', 'product_additionals': '£0.98/100g'}, {'shop': 'tesco', 'url': 'https://www.tesco.com/groceries/en-GB/products/291243774', 'product_name': 'Bfree Stone Baked Pitta Bread 220G', 'product_price': '£ 2.35', 'product_additionals': '£10.69/kg'}, {'shop': 'tesco', 'url': 'https://www.tesco.com/groceries/en-GB/products/263232582', 'product_name': 'Ryvita Whole- Grain Cracker- Bread 125G', 'product_price': '£ 1.19', 'product_additionals': '£0.95/100g'}, {'shop': 'tesco', 'url': 'https://www.tesco.com/groceries/en-GB/products/277731954', 'product_name': 'Crosta & Mollica Torines Breadsticks 120G', 'product_price': '£ 1.09', 'product_additionals': '£0.91/100g'}, {'shop': 'tesco', 'url': 'https://www.tesco.com/groceries/en-GB/products/299936610', 'product_name': 'Tesco Finest Basil Pesto & Tomato Flatbread 245G', 'product_price': '£ 2.45', 'product_additionals': '£1.00/100g'}, {'shop': 'tesco', 'url': 'https://www.tesco.com/groceries/en-GB/products/272651665', 'product_name': 'Tesco 6 Pack Mini Breadsticks 120G', 'product_price': '£ 1.30', 'product_additionals': '£1.09/100g'}, {'shop': 'tesco', 'url': 'https://www.tesco.com/groceries/en-GB/products/270953414', 'product_name': 'Tesco Wholetail Breaded Scampi 280G', 'product_price': '£ 3.00', 'product_additionals': '£10.72/kg'}, {'shop': 'tesco', 'url': 'https://www.tesco.com/groceries/en-GB/products/306493425', 'product_name': 'Tesco Plant Chef Breaded Meat Free Nuggets 180G', 'product_price': '£ 1.50', 'product_additionals': '£8.34/kg'}, {'shop': 'tesco', 'url': 'https://www.tesco.com/groceries/en-GB/products/290564310', 'product_name': 'Dr Karg 3 Seeds Crisp Bread Slices 200G', 'product_price': '£ 2.00', 'product_additionals': '£1.00/100g'}, {'shop': 'tesco', 'url': 'https://www.tesco.com/groceries/en-GB/products/271523387', 'product_name': 'Tesco 2 Breaded Chunky Cod Fillets 350G', 'product_price': '£ 3.50', 'product_additionals': '£10.00/kg'}, {'shop': 'tesco', 'url': 'https://www.tesco.com/groceries/en-GB/products/302181582', 'product_name': 'Fro Oat & Sunflower Seed Crisp Bread 200G', 'product_price': '£ 1.95', 'product_additionals': '£0.98/100g'}, {'shop': 'tesco', 'url': 'https://www.tesco.com/groceries/en-GB/products/267285351', 'product_name': 'Tesco Hot & Spicy Breaded Chicken Mini Fillets 305G', 'product_price': '£ 2.50', 'product_additionals': '£8.20/kg'}, {'shop': 'tesco', 'url': 'https://www.tesco.com/groceries/en-GB/products/301012347', 'product_name': 'Ryvita Chia Seed & Buckwheat Protein Crisp Bread 200G', 'product_price': '£ 1.60', 'product_additionals': '£0.80/100g'}, {'shop': 'tesco', 'url': 'https://www.tesco.com/groceries/en-GB/products/303391723', 'product_name': 'Youngs Simply Breaded 4 Large Cod Fillets 440G', 'product_price': '£ 4.00', 'product_additionals': '£9.10/kg'}, {'shop': 'tesco', 'url': 'https://www.tesco.com/groceries/en-GB/products/303334280', 'product_name': 'Birds Eye 4 Large Breaded Haddock 440G', 'product_price': '£ 4.80', 'product_additionals': '£10.91/kg'}, {'shop': 'tesco', 'url': 'https://www.tesco.com/groceries/en-GB/products/271529162', 'product_name': 'Tesco 2 Breaded Chunky Haddock Fillets 350G', 'product_price': '£ 3.50', 'product_additionals': '£10.00/kg'}, {'shop': 'asda', 'url': 'https://groceries.asda.com/product/910002369651', 'product_name': 'ASDA Panko Breadcrumbs', 'product_price': '£1.25', 'product_additionals': '(£17.86/kg)'}, {'shop': 'tesco', 'url': 'https://www.tesco.com/groceries/en-GB/products/264566997', 'product_name': 'Tesco Southern Fried Breaded Chicken Mini Fillets 305G', 'product_price': '£ 2.50', 'product_additionals': '£8.20/kg'}, {'shop': 'tesco', 'url': 'https://www.tesco.com/groceries/en-GB/products/251015495', 'product_name': 'Dairylea Dunkers Breadsticks 4 X 47G', 'product_price': '£ 2.25', 'product_additionals': '£11.97/kg'}, {'shop': 'tesco', 'url': 'https://www.tesco.com/groceries/en-GB/products/281865600', 'product_name': 'Tesco Free From 4 Breaded Chicken Steaks 380G', 'product_price': '£ 3.75', 'product_additionals': '£9.87/kg'}, {'shop': 'asda', 'url': 'https://groceries.asda.com/product/910000226861', 'product_name': 'ASDA Thick Sliced Breaded Dry Cured Ham Slices', 'product_price': '£3.00', 'product_additionals': '(£1.00/100g)'}, {'shop': 'asda', 'url': 'https://groceries.asda.com/product/910000325058', 'product_name': 'ASDA Extra Special Italian Breadsticks', 'product_price': '£1.55', 'product_additionals': '(£1.19/100g)'}, {'shop': 'asda', 'url': 'https://groceries.asda.com/product/1000218525296', 'product_name': 'BOSH! Vegan Spiced Panko Breadcrumbs', 'product_price': '£2.49', 'product_additionals': '(£1.25/100g)'}, {'shop': 'tesco', 'url': 'https://www.tesco.com/groceries/en-GB/products/303334245', 'product_name': 'Birds Eye 4 Large Breaded Cod Fillets 440G', 'product_price': '£ 4.80', 'product_additionals': '£10.91/kg'}, {'shop': 'asda', 'url': 'https://groceries.asda.com/product/1000013420369', 'product_name': 'Marmite Yeast Extract Flatbreads', 'product_price': '£2.45', 'product_additionals': '(£1.75/100g)'}, {'shop': 'tesco', 'url': 'https://www.tesco.com/groceries/en-GB/products/267077511', 'product_name': 'Jacobs Flatbread Salt & Cracked Black Pepper 150G', 'product_price': '£ 1.79', 'product_additionals': '£1.20/100g'}, {'shop': 'tesco', 'url': 'https://www.tesco.com/groceries/en-GB/products/307348073', 'product_name': 'Heat & Enjoy Garlic Bread 200G', 'product_price': '£ 3.00', 'product_additionals': '£15.00/kg'}, {'shop': 'tesco', 'url': 'https://www.tesco.com/groceries/en-GB/products/301804113', 'product_name': 'Nairns Gluten Free Rosemary & Sea Salt Flatbreads 150G', 'product_price': '£ 1.75', 'product_additionals': '£1.17/100g'}, {'shop': 'tesco', 'url': 'https://www.tesco.com/groceries/en-GB/products/281260768', 'product_name': 'Tesco 2 Southern Fried Breaded Chicken Fillets 300G', 'product_price': '£ 3.00', 'product_additionals': '£10.00/kg'}, {'shop': 'tesco', 'url': 'https://www.tesco.com/groceries/en-GB/products/302744032', 'product_name': 'The Artisan Bread Company Sesame Breadsticks 150G', 'product_price': '£ 1.60', 'product_additionals': '£1.07/100g'}, {'shop': 'asda', 'url': 'https://groceries.asda.com/product/910001537650', 'product_name': "Colman's Bread Sauce Mix", 'product_price': '£0.80', 'product_additionals': '(£2.00/100g)'}, {'shop': 'asda', 'url': 'https://groceries.asda.com/product/1000078311469', 'product_name': 'Tassimo 8 Costa Gingerbread Latte Coffee Pods', 'product_price': '£3.99', 'product_additionals': '(£1.47/100g)'}, {'shop': 'tesco', 'url': 'https://www.tesco.com/groceries/en-GB/products/302743880', 'product_name': 'The Artisan Bread Company Classic Breadsticks 150G', 'product_price': '£ 1.60', 'product_additionals': '£1.07/100g'}, {'shop': 'tesco', 'url': 'https://www.tesco.com/groceries/en-GB/products/260391973', 'product_name': 'Dr Karg Organic Cheese & Pumpkin Seed Crisp Bread 200G', 'product_price': '£ 2.00', 'product_additionals': '£1.00/100g'}, {'shop': 'tesco', 'url': 'https://www.tesco.com/groceries/en-GB/products/302744019', 'product_name': 'The Artisan Bread Company Rosemary Breadsticks 150G', 'product_price': '£ 1.60', 'product_additionals': '£1.07/100g'}, {'shop': 'tesco', 'url': 'https://www.tesco.com/groceries/en-GB/products/299054069', 'product_name': 'Tesco Breaded Wholetail Scampi 200G', 'product_price': '£ 3.00', 'product_additionals': '£15.00/kg'}, {'shop': 'tesco', 'url': 'https://www.tesco.com/groceries/en-GB/products/300954309', 'product_name': 'The Artisan Bread Company Wheat Toast 125G', 'product_price': '£ 1.60', 'product_additionals': '£1.28/100g'}, {'shop': 'tesco', 'url': 'https://www.tesco.com/groceries/en-GB/products/266197791', 'product_name': 'Organix Mini Gingerbread Men 5 X 25G', 'product_price': '£ 2.30', 'product_additionals': '£18.40/kg'}, {'shop': 'tesco', 'url': 'https://www.tesco.com/groceries/en-GB/products/304797553', 'product_name': 'Tesco Finest Garlic & Extra Virgin Olive Oil Flatbread 200G', 'product_price': '£ 2.45', 'product_additionals': '£1.23/100g'}, {'shop': 'asda', 'url': 'https://groceries.asda.com/product/910000325010', 'product_name': 'ASDA Extra Special Italian Black Olive Breadsticks', 'product_price': '£1.55', 'product_additionals': '(£1.19/100g)'}, {'shop': 'tesco', 'url': 'https://www.tesco.com/groceries/en-GB/products/297373973', 'product_name': 'Bfree Stone Bake Gluten Free Pitta Bread 6X32g', 'product_price': '£ 2.50', 'product_additionals': '£1.31/100g'}, {'shop': 'tesco', 'url': 'https://www.tesco.com/groceries/en-GB/products/305435877', 'product_name': 'Creative Nature W.Grain Banana Bread Baking Mix 250G', 'product_price': '£ 2.99', 'product_additionals': '£11.96/kg'}, {'shop': 'asda', 'url': 'https://groceries.asda.com/product/39588', 'product_name': 'Schwartz Luxury Bread Sauce Mix', 'product_price': '£0.85', 'product_additionals': '(£2.12/100g)'}, {'shop': 'asda', 'url': 'https://groceries.asda.com/product/1000136352489', 'product_name': 'Caffe Amalfi Rustic Breadsticks with Sea Salt and Olive Oil', 'product_price': '£1.50', 'product_additionals': '(£1.20/100g)'}, {'shop': 'tesco', 'url': 'https://www.tesco.com/groceries/en-GB/products/304408969', 'product_name': 'The Pizza Company Deep Filled Garlic Bread 2 Pack 230G', 'product_price': '£ 3.00', 'product_additionals': '£1.31/100g'}, {'shop': 'tesco', 'url': 'https://www.tesco.com/groceries/en-GB/products/302744625', 'product_name': 'The Artisan Bread Co Garlic & Basil Sticks 100G', 'product_price': '£ 1.60', 'product_additionals': '£1.60/100g'}, {'shop': 'tesco', 'url': 'https://www.tesco.com/groceries/en-GB/products/302744055', 'product_name': 'The Artisan Bread Co Garlic & Chilli Flatbread 75G', 'product_price': '£ 1.60', 'product_additionals': '£2.14/100g'}, {'shop': 'tesco', 'url': 'https://www.tesco.com/groceries/en-GB/products/307135618', 'product_name': 'Trek Power Millionaire Shortbread Bar 55G', 'product_price': '£ 1.75', 'product_additionals': '£3.19/100g'}, {'shop': 'tesco', 'url': 'https://www.tesco.com/groceries/en-GB/products/300954322', 'product_name': 'Counter The Artisan Bread Company Tomato Sal Brus 70G', 'product_price': '£ 1.60', 'product_additionals': '£2.29/100g'}, {'shop': 'asda', 'url': 'https://groceries.asda.com/product/910001454708', 'product_name': 'Nutella & Go! Hazelnut Spread with Cocoa and Breadsticks Single', 'product_price': '£1.00', 'product_additionals': '(£2.08/100g)'}, {'shop': 'tesco', 'url': 'https://www.tesco.com/groceries/en-GB/products/308482988', 'product_name': 'Simplycook Lamb Kofta Flatbread Recipe Kit 65G', 'product_price': '£ 2.50', 'product_additionals': '£3.85/100g'}, {'shop': 'asda', 'url': 'https://groceries.asda.com/product/910002989320', 'product_name': 'ASDA Square Cut Medium White Bread', 'product_price': '£0.49', 'product_additionals': '(6.1p/100g)'}, {'shop': 'asda', 'url': 'https://groceries.asda.com/product/80190767', 'product_name': 'ASDA White Bread Mix', 'product_price': '£0.64', 'product_additionals': '(12.8p/100g)'}, {'shop': 'asda', 'url': 'https://groceries.asda.com/product/42747409', 'product_name': 'Kingsmill Thick 50/50 Bread', 'product_price': '£0.85', 'product_additionals': '(10.6p/100g)'}, {'shop': 'asda', 'url': 'https://groceries.asda.com/product/42747407', 'product_name': 'Kingsmill Medium 50/50 Bread', 'product_price': '£0.85', 'product_additionals': '(10.6p/100g)'}, {'shop': 'asda', 'url': 'https://groceries.asda.com/product/1483914', 'product_name': 'Roberts Bakery Thick White Bread', 'product_price': '£1.00', 'product_additionals': '(12.5p/100g)'}, {'shop': 'asda', 'url': 'https://groceries.asda.com/product/34536', 'product_name': 'Warburtons Medium White Bread', 'product_price': '£1.10', 'product_additionals': '(13.8p/100g)'}, {'shop': 'asda', 'url': 'https://groceries.asda.com/product/1483913', 'product_name': 'Roberts Bakery Medium White Bread', 'product_price': '£1.00', 'product_additionals': '(12.5p/100g)'}, {'shop': 'asda', 'url': 'https://groceries.asda.com/product/910003042066', 'product_name': 'ASDA Extra Special Super Seeded Bread', 'product_price': '£0.75', 'product_additionals': '(9.4p/100g)'}, {'shop': 'asda', 'url': 'https://groceries.asda.com/product/34543', 'product_name': 'Warburtons Thickest White Bread', 'product_price': '£1.10', 'product_additionals': '(13.8p/100g)'}, {'shop': 'asda', 'url': 'https://groceries.asda.com/product/42747401', 'product_name': 'Kingsmill Thick Soft White Bread', 'product_price': '£0.89', 'product_additionals': '(11.1p/100g)'}, {'shop': 'asda', 'url': 'https://groceries.asda.com/product/77752150', 'product_name': 'Roberts Bakery Mega Thick White Bread', 'product_price': '£1.00', 'product_additionals': '(12.5p/100g)'}, {'shop': 'asda', 'url': 'https://groceries.asda.com/product/42747415', 'product_name': 'Kingsmill Medium Soft White Bread', 'product_price': '£0.89', 'product_additionals': '(11.1p/100g)'}, {'shop': 'asda', 'url': 'https://groceries.asda.com/product/1233409', 'product_name': 'Warburtons Seeded Batch Bread', 'product_price': '£1.25', 'product_additionals': '(15.6p/100g)'}, {'shop': 'asda', 'url': 'https://groceries.asda.com/product/36493', 'product_name': 'Hovis Thick Wholemeal Bread', 'product_price': '£1.10', 'product_additionals': '(13.8p/100g)'}, {'shop': 'asda', 'url': 'https://groceries.asda.com/product/24742', 'product_name': 'Hovis Medium Wholemeal Bread', 'product_price': '£1.10', 'product_additionals': '(13.8p/100g)'}, {'shop': 'asda', 'url': 'https://groceries.asda.com/product/910000388173', 'product_name': 'Dina White Mini Pitta Bread', 'product_price': '£0.55', 'product_additionals': '(15.3p/100g)'}, {'shop': 'asda', 'url': 'https://groceries.asda.com/product/34538', 'product_name': 'Warburtons Medium Sliced Wholemeal Bread', 'product_price': '£1.10', 'product_additionals': '(13.8p/100g)'}, {'shop': 'asda', 'url': 'https://groceries.asda.com/product/537337', 'product_name': 'Burgen Soya & Linseed Bread', 'product_price': '£1.25', 'product_additionals': '(15.6p/100g)'}, {'shop': 'asda', 'url': 'https://groceries.asda.com/product/42747405', 'product_name': 'Kingsmill Thick Tasty Wholemeal Bread', 'product_price': '£0.95', 'product_additionals': '(11.9p/100g)'}, {'shop': 'asda', 'url': 'https://groceries.asda.com/product/34545', 'product_name': 'Warburtons Farmhouse Soft White Bread', 'product_price': '£1.20', 'product_additionals': '(15.0p/100g)'}, {'shop': 'asda', 'url': 'https://groceries.asda.com/product/42747403', 'product_name': 'Kingsmill Medium Tasty Wholemeal Bread', 'product_price': '£0.94', 'product_additionals': '(11.8p/100g)'}, {'shop': 'asda', 'url': 'https://groceries.asda.com/product/910001396772', 'product_name': 'ASDA Mixed Grain & Seed Bread Mix', 'product_price': '£0.69', 'product_additionals': '(13.8p/100g)'}, {'shop': 'asda', 'url': 'https://groceries.asda.com/product/34537', 'product_name': 'Warburtons Toastie Thick Sliced White Bread', 'product_price': '£1.10', 'product_additionals': '(13.8p/100g)'}, {'shop': 'asda', 'url': 'https://groceries.asda.com/product/910000388154', 'product_name': 'Dina Large White Bread Wraps', 'product_price': '£0.90', 'product_additionals': '(16.4p/100g)'}, {'shop': 'asda', 'url': 'https://groceries.asda.com/product/22642143', 'product_name': 'Hovis Thick Granary Bread', 'product_price': '£1.45', 'product_additionals': '(18.1p/100g)'}, {'shop': 'asda', 'url': 'https://groceries.asda.com/product/910002531302', 'product_name': 'Prymat Breadcumbs', 'product_price': '£1.00', 'product_additionals': '(25.0p/100g)'}, {'shop': 'asda', 'url': 'https://groceries.asda.com/product/910001184127', 'product_name': 'Dina Wholemeal Mini Pitta Breads', 'product_price': '£0.55', 'product_additionals': '(15.3p/100g)'}, {'shop': 'asda', 'url': 'https://groceries.asda.com/product/1000197281015', 'product_name': 'ASDA 2 Kebab Breads', 'product_price': '£1.00', 'product_additionals': '(30.3p/100g)'}, {'shop': 'asda', 'url': 'https://groceries.asda.com/product/910000063300', 'product_name': "ASDA Baker's Selection Tiger Tin Bread", 'product_price': '£1.10', 'product_additionals': '(13.8p/100g)'}, {'shop': 'asda', 'url': 'https://groceries.asda.com/product/82185114', 'product_name': 'Hovis Nimble Wholemeal Bread', 'product_price': '£0.90', 'product_additionals': '(22.5p/100g)'}, {'shop': 'asda', 'url': 'https://groceries.asda.com/product/394921', 'product_name': "ASDA Baker's Selection White Tin Bread", 'product_price': '£1.15', 'product_additionals': '(14.4p/100g)'}, {'shop': 'asda', 'url': 'https://groceries.asda.com/product/910000037999', 'product_name': "ASDA Baker's Selection White Tin Bread", 'product_price': '£1.15', 'product_additionals': '(14.4p/100g)'}, {'shop': 'asda', 'url': 'https://groceries.asda.com/product/910003041519', 'product_name': 'ASDA Extra Special Farmhouse White Bread', 'product_price': '£1.10', 'product_additionals': '(13.8p/100g)'}, {'shop': 'asda', 'url': 'https://groceries.asda.com/product/34548', 'product_name': 'Warburtons Seeded Batch Bread', 'product_price': '£0.95', 'product_additionals': '(23.8p/100g)'}, {'shop': 'asda', 'url': 'https://groceries.asda.com/product/34539', 'product_name': 'Warburtons White Danish Bread', 'product_price': '£0.95', 'product_additionals': '(23.8p/100g)'}, {'shop': 'asda', 'url': 'https://groceries.asda.com/product/38577', 'product_name': "ASDA Baker's Selection Tiger Chest Bread", 'product_price': '£1.15', 'product_additionals': '(14.4p/100g)'}, {'shop': 'asda', 'url': 'https://groceries.asda.com/product/21028', 'product_name': "ASDA Baker's Selection White Bloomer Bread", 'product_price': '£1.10', 'product_additionals': '(13.8p/100g)'}, {'shop': 'asda', 'url': 'https://groceries.asda.com/product/66006934', 'product_name': 'Hovis Tasty Wholemeal Bread', 'product_price': '£0.85', 'product_additionals': '(21.2p/100g)'}, {'shop': 'asda', 'url': 'https://groceries.asda.com/product/63007060', 'product_name': 'The Polish Bakery Brown Bread - Chleb Wiejski', 'product_price': '£1.10', 'product_additionals': '(13.8p/100g)'}, {'shop': 'asda', 'url': 'https://groceries.asda.com/product/1670454', 'product_name': 'Hovis Granary Wholemeal Bread', 'product_price': '£1.65', 'product_additionals': '(20.6p/100g)'}, {'shop': 'asda', 'url': 'https://groceries.asda.com/product/36473', 'product_name': 'Warburtons White Milk Roll Bread', 'product_price': '£0.95', 'product_additionals': '(23.8p/100g)'}, {'shop': 'asda', 'url': 'https://groceries.asda.com/product/44257364', 'product_name': "ASDA Baker's Selection White Farmhouse Bread", 'product_price': '£1.15', 'product_additionals': '(14.4p/100g)'}, {'shop': 'asda', 'url': 'https://groceries.asda.com/product/63007058', 'product_name': 'The Polish Bakery Half-Wheat Half-Rye Sourdough Bread', 'product_price': '£1.00', 'product_additionals': '(12.5p/100g)'}, {'shop': 'asda', 'url': 'https://groceries.asda.com/product/1000121694555', 'product_name': 'Schneider Brot Rye Bread', 'product_price': '£1.30', 'product_additionals': '(26.0p/100g)'}, {'shop': 'asda', 'url': 'https://groceries.asda.com/product/910003041844', 'product_name': 'ASDA Extra Special Farmhouse Wholemeal & Rye Bread', 'product_price': '£1.10', 'product_additionals': '(13.8p/100g)'}, {'shop': 'asda', 'url': 'https://groceries.asda.com/product/34540', 'product_name': 'Warburtons Medium Sliced Wholemeal Bread', 'product_price': '£0.85', 'product_additionals': '(21.2p/100g)'}, {'shop': 'asda', 'url': 'https://groceries.asda.com/product/1000217307826', 'product_name': "ASDA Baker's Selection Wholemeal Tin Bread Loaf ", 'product_price': '£1.15', 'product_additionals': '(14.4p/100g)'}, {'shop': 'asda', 'url': 'https://groceries.asda.com/product/32725', 'product_name': "ASDA Baker's Selection White Bread", 'product_price': '£0.79', 'product_additionals': '(19.8p/100g)'}, {'shop': 'asda', 'url': 'https://groceries.asda.com/product/34541', 'product_name': 'Warburtons Medium Sliced White Bread', 'product_price': '£0.95', 'product_additionals': '(23.8p/100g)'}, {'shop': 'asda', 'url': 'https://groceries.asda.com/product/910001185467', 'product_name': 'The Polish Bakery Highlander Premium Bread', 'product_price': '£1.35', 'product_additionals': '(16.9p/100g)'}, {'shop': 'asda', 'url': 'https://groceries.asda.com/product/22642144', 'product_name': 'Hovis Authentic Granary Bread', 'product_price': '£0.95', 'product_additionals': '(23.8p/100g)'}, {'shop': 'asda', 'url': 'https://groceries.asda.com/product/34542', 'product_name': 'Warburtons Toastie White Thick Sliced Bread', 'product_price': '£0.85', 'product_additionals': '(21.2p/100g)'}, {'shop': 'asda', 'url': 'https://groceries.asda.com/product/9277509', 'product_name': 'Hovis Original Wheatgerm Bread', 'product_price': '£0.95', 'product_additionals': '(23.8p/100g)'}, {'shop': 'asda', 'url': 'https://groceries.asda.com/product/910000876519', 'product_name': 'Hovis Seed Sensations Wholemeal Bread', 'product_price': '£1.65', 'product_additionals': '(20.6p/100g)'}, {'shop': 'asda', 'url': 'https://groceries.asda.com/product/1000000469720', 'product_name': 'The Polish Bakery Premium Bread - Chleb Slonecznikowy', 'product_price': '£1.20', 'product_additionals': '(15.0p/100g)'}, {'shop': 'asda', 'url': 'https://groceries.asda.com/product/910000875750', 'product_name': 'Hovis Seed Sensations Seven Seeds Bread', 'product_price': '£1.64', 'product_additionals': '(20.5p/100g)'}, {'shop': 'asda', 'url': 'https://groceries.asda.com/product/910000063295', 'product_name': "ASDA Baker's Selection Tiger Tin Bread", 'product_price': '£0.85', 'product_additionals': '(21.2p/100g)'}, {'shop': 'asda', 'url': 'https://groceries.asda.com/product/2046278', 'product_name': 'Warburtons Farmhouse Soft White Bread', 'product_price': '£1.10', 'product_additionals': '(27.5p/100g)'}, {'shop': 'asda', 'url': 'https://groceries.asda.com/product/910002961674', 'product_name': "Allinson's The Champion Wholemeal Bread", 'product_price': '£1.40', 'product_additionals': '(21.5p/100g)'}, {'shop': 'asda', 'url': 'https://groceries.asda.com/product/38578', 'product_name': "ASDA Baker's Selection Tiger Chest Bread", 'product_price': '£0.85', 'product_additionals': '(21.2p/100g)'}, {'shop': 'asda', 'url': 'https://groceries.asda.com/product/44257365', 'product_name': "ASDA Baker's Selection White Farmhouse Bread", 'product_price': '£0.79', 'product_additionals': '(19.8p/100g)'}, {'shop': 'asda', 'url': 'https://groceries.asda.com/product/910000284816', 'product_name': 'ASDA Crispbread', 'product_price': '£0.76', 'product_additionals': '(60.8p/100g)'}, {'shop': 'asda', 'url': 'https://groceries.asda.com/product/1000232966973', 'product_name': 'Arise Bakery White Bread Mix', 'product_price': '£1.50', 'product_additionals': '(30.0p/100g)'}, {'shop': 'asda', 'url': 'https://groceries.asda.com/product/1000001820108', 'product_name': 'ASDA Plain Folded Flatbreads', 'product_price': '£0.79', 'product_additionals': '(37.6p/100g)'}, {'shop': 'asda', 'url': 'https://groceries.asda.com/product/35245', 'product_name': "ASDA Baker's Selection White Bloomer Bread", 'product_price': '£0.85', 'product_additionals': '(21.2p/100g)'}, {'shop': 'asda', 'url': 'https://groceries.asda.com/product/910002082693', 'product_name': 'Benus Sliced Four Whole Grain Bread', 'product_price': '£1.25', 'product_additionals': '(25.0p/100g)'}, {'shop': 'asda', 'url': 'https://groceries.asda.com/product/1000001205348', 'product_name': 'Hovis Lower Carb Deliciously Seeded Bread', 'product_price': '£1.10', 'product_additionals': '(27.5p/100g)'}, {'shop': 'asda', 'url': 'https://groceries.asda.com/product/36477', 'product_name': 'Weight Watchers Danish Malted Bread', 'product_price': '£1.05', 'product_additionals': '(26.2p/100g)'}, {'shop': 'asda', 'url': 'https://groceries.asda.com/product/1000217307822', 'product_name': "ASDA Baker's Selection Wholemeal Tin Bread Loaf ", 'product_price': '£0.85', 'product_additionals': '(21.2p/100g)'}, {'shop': 'asda', 'url': 'https://groceries.asda.com/product/63007061', 'product_name': 'The Polish Bakery Polish Bread Half-Wheat Half-Rye Sourdough', 'product_price': '£0.70', 'product_additionals': '(17.5p/100g)'}, {'shop': 'asda', 'url': 'https://groceries.asda.com/product/910000876228', 'product_name': 'Hovis Seed Sensations Seven Seeds Bread', 'product_price': '£1.05', 'product_additionals': '(26.2p/100g)'}, {'shop': 'asda', 'url': 'https://groceries.asda.com/product/8667410', 'product_name': 'Ryvita Dark Rye Crispbread', 'product_price': '£1.19', 'product_additionals': '(47.6p/100g)'}, {'shop': 'asda', 'url': 'https://groceries.asda.com/product/8667409', 'product_name': 'Ryvita Original Crispbread', 'product_price': '£1.19', 'product_additionals': '(47.6p/100g)'}, {'shop': 'asda', 'url': 'https://groceries.asda.com/product/39577669', 'product_name': 'Weight Watchers Thick Wholemeal Bread', 'product_price': '£1.14', 'product_additionals': '(28.5p/100g)'}, {'shop': 'asda', 'url': 'https://groceries.asda.com/product/1000001822245', 'product_name': 'ASDA Multi Seeded Folded Flatbreads', 'product_price': '£0.79', 'product_additionals': '(37.6p/100g)'}, {'shop': 'asda', 'url': 'https://groceries.asda.com/product/910000387572', 'product_name': 'Dina Paninette White Bread Wraps', 'product_price': '£0.90', 'product_additionals': '(32.7p/100g)'}, {'shop': 'asda', 'url': 'https://groceries.asda.com/product/910002521575', 'product_name': 'ASDA Plain Breadcrumbs', 'product_price': '£0.80', 'product_additionals': '(45.7p/100g)'}, {'shop': 'asda', 'url': 'https://groceries.asda.com/product/910002521969', 'product_name': 'ASDA Golden Breadcrumbs', 'product_price': '£0.80', 'product_additionals': '(45.7p/100g)'}, {'shop': 'asda', 'url': 'https://groceries.asda.com/product/910000388107', 'product_name': 'Dina Paninette Wholemeal Bread Wraps', 'product_price': '£0.90', 'product_additionals': '(32.7p/100g)'}, {'shop': 'asda', 'url': 'https://groceries.asda.com/product/31248811', 'product_name': 'Kingsmill No Crusts 50/50 Bread', 'product_price': '£1.50', 'product_additionals': '(37.5p/100g)'}, {'shop': 'asda', 'url': 'https://groceries.asda.com/product/910002788096', 'product_name': 'Warburtons Country White Bread', 'product_price': '£2.00', 'product_additionals': '(50.0p/100g)'}, {'shop': 'asda', 'url': 'https://groceries.asda.com/product/910002327657', 'product_name': 'Kingsmill No Crusts Wholemeal Bread', 'product_price': '£1.40', 'product_additionals': '(35.0p/100g)'}, {'shop': 'asda', 'url': 'https://groceries.asda.com/product/910002370522', 'product_name': "Riya's Original Recipe 3 Plain Naan Bread", 'product_price': '£1.20', 'product_additionals': '(30.8p/100g)'}, {'shop': 'asda', 'url': 'https://groceries.asda.com/product/910001185404', 'product_name': 'The Polish Bakery Sunflower Seeded Bread - Chleb Slonecznikowy', 'product_price': '£1.70', 'product_additionals': '(21.2p/100g)'}, {'shop': 'asda', 'url': 'https://groceries.asda.com/product/910003090815', 'product_name': 'ASDA Extra Special Parisian Bread', 'product_price': '£1.50', 'product_additionals': '(37.5p/100g)'}, {'shop': 'asda', 'url': 'https://groceries.asda.com/product/63007064', 'product_name': "The Polish Bakery Granny's Bread - Chleb Babuni", 'product_price': '£1.10', 'product_additionals': '(27.5p/100g)'}, {'shop': 'asda', 'url': 'https://groceries.asda.com/product/31248810', 'product_name': 'Kingsmill No Crusts Soft White Bread', 'product_price': '£1.40', 'product_additionals': '(35.0p/100g)'}, {'shop': 'asda', 'url': 'https://groceries.asda.com/product/910003011020', 'product_name': 'ASDA Breaded Ham Slices', 'product_price': '£1.65', 'product_additionals': '(55.0p/100g)'}, {'shop': 'asda', 'url': 'https://groceries.asda.com/product/910002787978', 'product_name': 'Warburtons Multigrain & Seed Bread', 'product_price': '£2.00', 'product_additionals': '(50.0p/100g)'}, {'shop': 'asda', 'url': 'https://groceries.asda.com/product/19839', 'product_name': 'Ryvita Original Crackerbread', 'product_price': '£1.19', 'product_additionals': '(59.5p/100g)'}, {'shop': 'asda', 'url': 'https://groceries.asda.com/product/19567', 'product_name': "Sharwood's 2 Flame Baked Plain Naan Bread", 'product_price': '£1.00', 'product_additionals': '(38.5p/100g)'}, {'shop': 'asda', 'url': 'https://groceries.asda.com/product/1000201691532', 'product_name': 'Paxo Southern Fried Breadcrumbs', 'product_price': '£1.00', 'product_additionals': '(50.0p/100g)'}, {'shop': 'asda', 'url': 'https://groceries.asda.com/product/910002370521', 'product_name': "Riya's Original Recipe 3 Garlic & Coriander Naan Bread", 'product_price': '£1.20', 'product_additionals': '(30.8p/100g)'}, {'shop': 'asda', 'url': 'https://groceries.asda.com/product/910000042143', 'product_name': 'Grissini Plain Breadsticks', 'product_price': '£0.80', 'product_additionals': '(64.0p/100g)'}, {'shop': 'asda', 'url': 'https://groceries.asda.com/product/910000474814', 'product_name': 'The Polish Bakery Dark Rye Bread with Inolin - Chleb Razowy z Inuliną', 'product_price': '£1.10', 'product_additionals': '(27.5p/100g)'}, {'shop': 'asda', 'url': 'https://groceries.asda.com/product/1000065970538', 'product_name': 'Ryvita Multigrain Crunchy Rye Breads', 'product_price': '£1.25', 'product_additionals': '(50.0p/100g)'}, {'shop': 'asda', 'url': 'https://groceries.asda.com/product/910003058887', 'product_name': 'Schneider Brot Protein Bread', 'product_price': '£1.56', 'product_additionals': '(62.4p/100g)'}, {'shop': 'asda', 'url': 'https://groceries.asda.com/product/1000162824589', 'product_name': 'ASDA All-Butter Shortbread Petticoat Tails', 'product_price': '£2.50', 'product_additionals': '(55.6p/100g)'}, {'shop': 'asda', 'url': 'https://groceries.asda.com/product/910001257536', 'product_name': "Jacob's Mixed Seed Crispbread", 'product_price': '£1.50', 'product_additionals': '(79.0p/100g)'}, {'shop': 'asda', 'url': 'https://groceries.asda.com/product/1000065970374', 'product_name': 'Ryvita Simply Sesame Crunchy Rye Breads', 'product_price': '£1.25', 'product_additionals': '(50.0p/100g)'}, {'shop': 'asda', 'url': 'https://groceries.asda.com/product/1000188692325', 'product_name': 'Deli Kitchen Brioche Folded Flatbreads', 'product_price': '£1.35', 'product_additionals': '(64.3p/100g)'}, {'shop': 'asda', 'url': 'https://groceries.asda.com/product/910001258151', 'product_name': "Jacob's Mixed Grain Crispbread", 'product_price': '£1.50', 'product_additionals': '(79.0p/100g)'}, {'shop': 'asda', 'url': 'https://groceries.asda.com/product/910000471904', 'product_name': 'Ryvita Fruit Crunch Crispbread', 'product_price': '£1.59', 'product_additionals': '(79.5p/100g)'}, {'shop': 'asda', 'url': 'https://groceries.asda.com/product/1000001431175', 'product_name': "ASDA Extra Special Bake in the Box Belgian Chocolate Millionaires' Shortbread", 'product_price': '£1.30', 'product_additionals': '(34.2p/100g)'}, {'shop': 'asda', 'url': 'https://groceries.asda.com/product/910001400485', 'product_name': 'ASDA Sesame Italian Breadsticks', 'product_price': '£0.84', 'product_additionals': '(67.2p/100g)'}, {'shop': 'asda', 'url': 'https://groceries.asda.com/product/910000543337', 'product_name': 'ASDA Bread Sauce Mix', 'product_price': '£0.39', 'product_additionals': '(97.5p/100g)'}, {'shop': 'asda', 'url': 'https://groceries.asda.com/product/1000162824659', 'product_name': 'ASDA All-Butter Shortbread Biscuits Tin', 'product_price': '£3.50', 'product_additionals': '(70.0p/100g)'}, {'shop': 'asda', 'url': 'https://groceries.asda.com/product/78840573', 'product_name': 'Ryvita Thins Multi-Seed Flatbreads', 'product_price': '£1.00', 'product_additionals': '(80.0p/100g)'}, {'shop': 'asda', 'url': 'https://groceries.asda.com/product/1000232966998', 'product_name': 'ASDA 10 Gingerbread Festive Friends', 'product_price': '£0.80', 'product_additionals': '(80.0p/100g)'}, {'shop': 'asda', 'url': 'https://groceries.asda.com/product/910000254290', 'product_name': 'Ryvita Thins Sweet Chilli Flatbreads', 'product_price': '£1.00', 'product_additionals': '(80.0p/100g)'}, {'shop': 'asda', 'url': 'https://groceries.asda.com/product/910003108937', 'product_name': 'Ryvita Thins Three Cheese Flatbreads', 'product_price': '£1.00', 'product_additionals': '(80.0p/100g)'}, {'shop': 'asda', 'url': 'https://groceries.asda.com/product/910001258488', 'product_name': "Jacob's Simply Baked Chive Crispbread", 'product_price': '£1.50', 'product_additionals': '(79.0p/100g)'}, {'shop': 'asda', 'url': 'https://groceries.asda.com/product/910000033515', 'product_name': 'Ryvita Wholegrain Crackerbread', 'product_price': '£1.19', 'product_additionals': '(95.2p/100g)'}, {'shop': 'asda', 'url': 'https://groceries.asda.com/product/1000242811762', 'product_name': "McVitie's Digestives Gingerbread Milk Chocolate Biscuits", 'product_price': '£1.50', 'product_additionals': '(60.0p/100g)'}, {'shop': 'asda', 'url': 'https://groceries.asda.com/product/910002492675', 'product_name': 'Ryvita Thins Caramelised Onion Flatbreads', 'product_price': '£1.00', 'product_additionals': '(80.0p/100g)'}, {'shop': 'asda', 'url': 'https://groceries.asda.com/product/1000113394406', 'product_name': "McVitie's Mini Gingerbread Men 6 Packs", 'product_price': '£1.00', 'product_additionals': '(87.7p/100g)'}, {'shop': 'asda', 'url': 'https://groceries.asda.com/product/1000230163870', 'product_name': 'ASDA Christmas Shortbread Baking Kit', 'product_price': '£2.00', 'product_additionals': '(92.2p/100g)'}, {'shop': 'asda', 'url': 'https://groceries.asda.com/product/1000233167238', 'product_name': 'ASDA Extra Special Shortbread Biscuits Selection', 'product_price': '£4.00', 'product_additionals': '(71.4p/100g)'}, {'shop': 'asda', 'url': 'https://groceries.asda.com/product/1000134959115', 'product_name': 'Ryvita Thins Rosemary & Sea Salt Flatbreads', 'product_price': '£1.00', 'product_additionals': '(80.0p/100g)'}, {'shop': 'asda', 'url': 'https://groceries.asda.com/product/1000169694811', 'product_name': 'Cadbury Dairy Milk Gingerbread Chocolate Bar', 'product_price': '£1.00', 'product_additionals': '(83.3p/100g)'}, {'shop': 'asda', 'url': 'https://groceries.asda.com/product/910002492963', 'product_name': 'Ryvita Deli Cracked Black Pepper Rye Crispbread', 'product_price': '£1.59', 'product_additionals': '(79.5p/100g)'}, {'shop': 'asda', 'url': 'https://groceries.asda.com/product/910002492316', 'product_name': 'Ryvita Deli Pumpkin Seeds & Oats Rye Crispbread', 'product_price': '£1.59', 'product_additionals': '(79.5p/100g)'}, {'shop': 'asda', 'url': 'https://groceries.asda.com/product/910000028999', 'product_name': 'ASDA Extra Special Scottish Shortbread Fingers', 'product_price': '£1.65', 'product_additionals': '(82.5p/100g)'}, {'shop': 'asda', 'url': 'https://groceries.asda.com/product/1000134959119', 'product_name': 'Ryvita Protein Chia Seed & Buckwheat Crispbreads', 'product_price': '£1.59', 'product_additionals': '(79.5p/100g)'}, {'shop': 'asda', 'url': 'https://groceries.asda.com/product/1000136816427', 'product_name': 'ASDA Extra Special 9 All-Butter Shortbread Rounds', 'product_price': '£1.52', 'product_additionals': '(84.4p/100g)'}, {'shop': 'asda', 'url': 'https://groceries.asda.com/product/910000421309', 'product_name': 'Ryvita Thins Cheddar and Cracked Black Pepper Flatbread', 'product_price': '£1.00', 'product_additionals': '(80.0p/100g)'}, {'shop': 'asda', 'url': 'https://groceries.asda.com/product/910002493093', 'product_name': 'Ryvita Deli Sweet Onion Rye Crispbread 5 Packs of 4 Crispbreads', 'product_price': '£1.59', 'product_additionals': '(79.5p/100g)'}, {'shop': 'asda', 'url': 'https://groceries.asda.com/product/1000157579205', 'product_name': 'Quality Street Limited Edition Matchmakers Gingerbread Flavour', 'product_price': '£1.00', 'product_additionals': '(83.3p/100g)'}, {'shop': 'asda', 'url': 'https://groceries.asda.com/product/1000136352492', 'product_name': 'Caffe Amalfi Thin Italian Breadsticks with Olive Oil', 'product_price': '£1.00', 'product_additionals': '(83.3p/100g)'}, {'shop': 'asda', 'url': 'https://groceries.asda.com/product/1000135191500', 'product_name': "Dr. Karg's Organic Crispbread Emmental Cheese & Pumpkin Seed", 'product_price': '£1.89', 'product_additionals': '(94.5p/100g)'}]


bestFromShops[[{'shop': 'asda', 'url': 'https://groceries.asda.com/product/1000159725341', 'product_name': 'George Home Gingerbread Man Cookie Cutters', 'product_price': '£2.00', 'product_additionals': '(£2.00/each)'}], [], [{'shop': 'tesco', 'url': 'https://www.tesco.com/groceries/en-GB/products/254945564', 'product_name': 'Tesco 6 White Pitta Bread', 'product_price': '£ 0.45', 'product_additionals': '£0.08/each'}], [], []]


