rv[('aldi', 'https://www.aldi.co.uk/6-organic-carrot-cake-soft-oaty-bars/p/086202252092700', '6 Organic Carrot Cake Soft Oaty Bars', '1.39', '92.7p per 100g'), ('asda', 'https://groceries.asda.com/product/1000006993580', 'ASDA Baby Carrots & Petits Pois in Water', '£0.88', '(£3.32/kg)'), ('asda', 'https://groceries.asda.com/product/910003092977', 'ASDA Broccoli, Carrots, Baby Corn & Green Beans', '£1.25', '(£3.57/kg)'), ('asda', 'https://groceries.asda.com/product/1000216902734', 'ASDA Butternut, Sweet Potato & Carrot Medley', '£2.00', 'No weight data'), ('asda', 'https://groceries.asda.com/product/910000329598', 'ASDA Carrot & Coriander Soup', '£1.25', 'No weight data'), ('asda', 'https://groceries.asda.com/product/1000211259367', 'ASDA Carrot Batons', '£0.40', 'No weight data'), ('asda', 'https://groceries.asda.com/product/910003106817', 'ASDA Carrot Batons', '£0.50', 'No weight data'), ('asda', 'https://groceries.asda.com/product/910001072311', 'ASDA Carrot Cauliflower & Broccoli Medley', '£0.85', '(£2.83/kg)'), ('asda', 'https://groceries.asda.com/product/1000007948875', 'ASDA Carrots & Broccoli', '£1.25', '(£2.08/kg)'), ('asda', 'https://groceries.asda.com/product/910003092465', 'ASDA Carrots & Peas', '£0.75', '(£2.50/kg)'), ('asda', 'https://groceries.asda.com/product/1000244229127', 'ASDA Carrots, Broccoli & Brussels Sprouts', '£1.00', 'No weight data'), ('asda', 'https://groceries.asda.com/product/462038', 'ASDA Diced Carrots & Swede', '£0.50', 'No weight data'), ('asda', 'https://groceries.asda.com/product/910003090816', 'ASDA Extra Special Carrot and Pumpkin Pave', '£1.60', '(40.0p/100g)'), ('asda', 'https://groceries.asda.com/product/533480', 'ASDA Extra Special Hand Finished Carrot Cake', '£1.85', '(£1.85/each)'), ('asda', 'https://groceries.asda.com/product/31122362', 'ASDA Frozen for Freshness Broccoli Cauliflower & Carrot', '£0.92', 'No weight data'), ('asda', 'https://groceries.asda.com/product/910002599053', 'ASDA Frozen for Freshness Sliced Carrots', '£1.00', 'No weight data'), ('asda', 'https://groceries.asda.com/product/910003087311', 'ASDA Grated Carrot', '£0.30', '(£2.00/kg)'), ('asda', 'https://groceries.asda.com/product/910003188304', "ASDA Grower's Selection Carrots", '£0.29', 'No weight data'), ('asda', 'https://groceries.asda.com/product/30240', "ASDA Grower's Selection Carrots", '£0.43', 'No weight data'), ('asda', 'https://groceries.asda.com/product/910003037417', "ASDA Grower's Selection Chantenay Carrots", '£0.60', 'No weight data'), ('asda', 'https://groceries.asda.com/product/910003036565', "ASDA Grower's Selection Organic Carrots", '£0.65', 'No weight data'), ('asda', 'https://groceries.asda.com/product/1000196707212', 'ASDA Little Angels Organic Carrot & Orange Flavoured Biscuits 12+ Months', '£1.50', 'No weight data'), ('asda', 'https://groceries.asda.com/product/910001267698', 'ASDA Little Angels Organic Carrot Flavour Puffs 7+ Months', '£0.43', 'No weight data'), ('asda', 'https://groceries.asda.com/product/1000158533126', 'ASDA Make Your Own Carrot & Swede Mash', '£2.00', 'No weight data'), ('asda', 'https://groceries.asda.com/product/1000001204736', 'ASDA Mini Carrots', '£0.80', '(£2.67/kg)'), ('asda', 'https://groceries.asda.com/product/910000542824', 'ASDA Mini Potato & Carrot Waffles', '£1.10', 'No weight data'), ('asda', 'https://groceries.asda.com/product/910003087092', 'ASDA Sliced Carrots', '£0.50', 'No weight data'), ('asda', 'https://groceries.asda.com/product/1000169694768', 'ASDA Sliced Carrots in Water', '£0.49', '(£2.04/kg)'), ('asda', 'https://groceries.asda.com/product/1000129611264', 'ASDA Soft Bake Carrot Cake Cookies', '£0.95', '(47.5p/100g)'), ('asda', 'https://groceries.asda.com/product/910003093028', 'ASDA Sweet Leaf & Carrot Salad', '£0.60', '(25.0p/100g)'), ('asda', 'https://groceries.asda.com/product/1000229963426', 'ASDA Tenderstem Broccoli, Carrot & Sugar Snap', '£1.30', 'No weight data'), ('tesco', 'https://www.tesco.com/groceries/en-GB/products/268323259', "Aunt Bessie's Mashed Carrot & Swede 500G", '£ 1.75', '£3.50/kg'), ('tesco', 'https://www.tesco.com/groceries/en-GB/products/302203045', 'Baked With Love 12 Carrot Sugar Decorations', '£ 1.85', '£0.16/each'), ('asda', 'https://groceries.asda.com/product/1000137744695', 'Baked With Love 12 Carrots Sugar Decorations', '£1.39', '(11.6p/each)'), ('tesco', 'https://www.tesco.com/groceries/en-GB/products/267195653', 'Baxters Vegetarian Carrot & Butter Bean Soup 400G', '£ 1.15', '£0.29/100g'), ('asda', 'https://groceries.asda.com/product/910000451228', 'Baxters Vegetarian Carrot & Coriander', '£1.15', '(28.7p/100g)'), ('tesco', 'https://www.tesco.com/groceries/en-GB/products/267196446', 'Baxters Vegetarian Carrot & Coriander Soup 400G', '£ 1.15', '£0.29/100g'), ('tesco', 'https://www.tesco.com/groceries/en-GB/products/305042944', 'Bear Mango & Carrot Paws 5X20g', '£ 1.97', '£19.70/kg'), ('asda', 'https://groceries.asda.com/product/1000108780745', 'BEAR Pure Fruit & Veg Paws Mango & Carrot 5 Pack', '£1.98', 'No weight data'), ('asda', 'https://groceries.asda.com/product/910002062117', 'Betty Crocker Country Carrot Cake Mix', '£1.99', '(£4.68/kg)'), ('sains', 'https://www.sainsburys.co.uk/shop/gb/groceries/product/details/price-lock-food-cupboard/betty-crocker-moreish-carrot-cake-mix-425g', 'Betty Crocker Country Carrot Cake Mix 425g', '£2.00', '47p / 100g'), ('asda', 'https://groceries.asda.com/product/910002545264', 'Biona Organic Pressed Carrot Juice', '£3.01', '(30.1p/100ml)'), ('asda', 'https://groceries.asda.com/product/1000157579427', 'BIP Milk Chocolate Sprouts & Carrots', '£0.59', '(78.7p/100g)'), ('asda', 'https://groceries.asda.com/product/1000129843799', 'Birds Eye Green Cuisine Sweet Potato & Carrot Bites', '£2.50', 'No weight data'), ('tesco', 'https://www.tesco.com/groceries/en-GB/products/307345312', 'Birds Eye Green Cuisine Sweet Potato & Carrot Bites 450G', '£ 2.75', '£6.12/kg'), ('tesco', 'https://www.tesco.com/groceries/en-GB/products/271681734', 'Bobo Frut Apple Banana & Carrot Juice 300Ml', '£ 1.40', '£0.47/100ml'), ('aldi', 'https://www.aldi.co.uk/carrot-snacks/p/017444313277300', 'Carrot Snacks', '0.39', '£1.95 per 100g'), ('aldi', 'https://www.aldi.co.uk/carrots%2C-broccoli-and-sweetcorn/p/041125240025600', 'Carrots, Broccoli And Sweetcorn', '1.05', '£1.64 per kg'), ('tesco', 'https://www.tesco.com/groceries/en-GB/products/305052068', 'Cerelac Farmers Selection Wheat Oat & Carrot Snack 35G', '£ 1.70', '£4.86/100g'), ('coop', 'https://www.coop.co.uk/products/co-op-broccoli-carrot-babycorn-and-sugarsnap-peas-240g', 'Co-op Broccoli Carrot Babycorn And Sugarsnap Peas 240g', '£1.50', '240g (62.5p per 100g)'), ('coop', 'https://www.coop.co.uk/products/co-op-carrots-1kg', 'Co-op Carrots 1kg', '£0.65', '1kg (65.0p per kg)'), ('coop', 'https://www.coop.co.uk/products/co-op-honest-value-carrots-1kg', 'Co-op Honest Value Carrots 1kg', '£0.52', '1kg (5.2p per 100g)'), ('coop', 'https://www.coop.co.uk/products/co-op-sliced-carrots-750g', 'Co-op Sliced Carrots 750g', '£1', '750g (13.3p per 100g)'), ('asda', 'https://groceries.asda.com/product/910002551918', 'Cow & Gate Carrot & Chicken Risotto Baby Food Jar 4m+', '£0.58', 'No weight data'), ('asda', 'https://groceries.asda.com/product/910002551873', 'Cow & Gate Carrot & Lamb Hotpot Baby Food Jar 4+ Months', '£0.58', 'No weight data'), ('asda', 'https://groceries.asda.com/product/910002552234', 'Cow & Gate Creamed Carrot & Potato Baby Food Jar 4+ Months', '£0.58', 'No weight data'), ('asda', 'https://groceries.asda.com/product/1000111203482', 'Cow & Gate First Spoons Carrot from 4-12m Onward', '£0.58', 'No weight data'), ('aldi', 'https://www.aldi.co.uk/creations-carrot-%26-coriander-soup/p/087134322756800', 'Creations Carrot & Coriander Soup', '0.33', '8.3p per 100g'), ('asda', 'https://groceries.asda.com/product/1000150185984', 'Creative Nature Free From Carrot Cake Raw Snack Bar', '£0.79', 'No weight data'), ('asda', 'https://groceries.asda.com/product/1000073848443', 'Crosse & Blackwell Spicy Parsnip & Carrot Soup', '£0.75', '(18.8p/100g)'), ('sains', 'https://www.sainsburys.co.uk/shop/gb/groceries/product/details/all-yogurt/danone-simply-fruit-veg-mango-carrot-banana-yogurt-4x110g', 'Danone Mango, Carrot & Banana No Added Sugar Yogurt 4x110g', '£1.25', '29p / 100g'), ('sains', 'https://www.sainsburys.co.uk/shop/gb/groceries/product/details/dairy-eggs-special-offers/danone-simply-fruit-veg-mango-carrot-banana-yogurt-4x110g', 'Danone Mango, Carrot & Banana No Added Sugar Yogurt 4x110g', '£1.25', '29p / 100g'), ('tesco', 'https://www.tesco.com/groceries/en-GB/products/305963361', 'Dawtona Carrot With Peas 510G', '£ 1.00', '£0.30/100g DR.WT'), ('tesco', 'https://www.tesco.com/groceries/en-GB/products/305523789', 'Dawtona Sauerkraut With Carrot 500G', '£ 1.00', '£0.37/100g DR.WT'), ('asda', 'https://groceries.asda.com/product/1000211259365', 'Dolmio Plant Based Mince Bolognese Sauce with Basil & Carrots', '£1.50', '(£1.00/100g)'), ('tesco', 'https://www.tesco.com/groceries/en-GB/products/304724295', 'Dr Oetker Carrot Cake Traybake Kit 425G', '£ 2.30', '£5.42/kg'), ('tesco', 'https://www.tesco.com/groceries/en-GB/products/261383169', "Ella's Kitchen Apples Carrots Plus Parsnips 120G", '£ 1.10', '£9.17/kg'), ('tesco', 'https://www.tesco.com/groceries/en-GB/products/292759888', "Ella's Kitchen Carrot & Lentil Sticks 4X15g", '£ 2.00', '£33.34/kg'), ('tesco', 'https://www.tesco.com/groceries/en-GB/products/301892109', "Ella's Kitchen Carrot Plus Sweet Potato Rice Cakes 40G", '£ 1.00', '£25.00/kg'), ('tesco', 'https://www.tesco.com/groceries/en-GB/products/282247403', "Ella's Kitchen Carrots 70G", '£ 0.80', '£1.15/100g'), ('tesco', 'https://www.tesco.com/groceries/en-GB/products/278043114', "Ella's Kitchen Carrots Peas Pears Stage 1 X 120G", '£ 1.10', '£0.92/100g'), ('asda', 'https://groceries.asda.com/product/1000000470327', "Ella's Kitchen Organic Apples, Carrots and Parsnips Baby Pouch 4+ Months", '£1.05', 'No weight data'), ('tesco', 'https://www.tesco.com/groceries/en-GB/products/305038028', "Ella's Kitchen Organic Carrot & Parsnip Mini Puffs 4X8g", '£ 2.00', '£62.50/kg'), ('asda', 'https://groceries.asda.com/product/910002660890', "Ella's Kitchen Organic Carrot and Lentil Crunchy Sticks Multipack Snack 12+ Months", '£2.00', 'No weight data'), ('asda', 'https://groceries.asda.com/product/910002650135', "Ella's Kitchen Organic Carrot and Parsnip Melty Puffs Baby Snack 6+ Months", '£0.75', 'No weight data'), ('asda', 'https://groceries.asda.com/product/1000201691471', "Ella's Kitchen Organic Carrot and Parsnips Mini Puffs Multipack Baby Snack 10+ Months", '£2.00', 'No weight data'), ('asda', 'https://groceries.asda.com/product/1000054991340', "Ella's Kitchen Organic Carrot and Sweet Potato Rice Cakes Baby Snack 7+ Months", '£1.00', 'No weight data'), ('asda', 'https://groceries.asda.com/product/910001268269', "Ella's Kitchen Organic Carrots First Tates Baby Pouch 4+ Months", '£0.90', 'No weight data'), ('sains', 'https://www.sainsburys.co.uk/shop/gb/groceries/product/details/price-lock-baby-toddler/ellas-kitchen-carrots--peas--kale-from-4-months-120g', "Ella's Kitchen Organic Carrots, Peas and Kale Baby Pouch 4+ Months 120g", '£1.00', '83p / 100g'), ('tesco', 'https://www.tesco.com/groceries/en-GB/products/266901949', "Ella's Kitchen Organic Sweet Potato Broccoli & Carrot 120G", '£ 1.10', '£9.17/kg'), ('asda', 'https://groceries.asda.com/product/910000284403', "Ella's Kitchen Organic Sweet Potatoes, Broccoli and Carrots Baby Pouch 4+ Months", '£1.05', 'No weight data'), ('sains', 'https://www.sainsburys.co.uk/shop/gb/groceries/product/details/all-price-lock/ellas-sweet-potato--broccoli---carrots-120g', "Ella's Kitchen Organic Sweet Potatoes, Broccoli and Carrots Baby Pouch 4+ Months 120g", '£1.00', '83p / 100g'), ('sains', 'https://www.sainsburys.co.uk/shop/gb/groceries/product/details/price-lock-baby-toddler/ellas-sweet-potato--broccoli---carrots-120g', "Ella's Kitchen Organic Sweet Potatoes, Broccoli and Carrots Baby Pouch 4+ Months 120g", '£1.00', '83p / 100g'), ('asda', 'https://groceries.asda.com/product/910003251033', "Ella's Kitchen Organic Sweetcorn and Carrot Melty Sticks Baby Snack 7+ Months", '£0.75', 'No weight data'), ('tesco', 'https://www.tesco.com/groceries/en-GB/products/295460510', "Ella's Kitchen Parsnip & Carrot Melty Puffs 20G", '£ 0.70', '£3.50/100g'), ('asda', 'https://groceries.asda.com/product/1000243014228', "Ella's Kitchen Sweetcorn + Carrot Melty Sticks from 7+ Months", '£1.70', 'No weight data'), ('tesco', 'https://www.tesco.com/groceries/en-GB/products/302489950', "Ella's Kitchen Sweetcorn Plus Carrot Melty Sticks 17G", '£ 1.00', '£58.83/kg'), ('asda', 'https://groceries.asda.com/product/1000065970619', 'Fibre One 90 Calorie Carrot Cake Bars', '£2.50', '(£2.60/100g)'), ('tesco', 'https://www.tesco.com/groceries/en-GB/products/301692232', 'Fibre One Cake Bars Carrot Cake 4 X 25G', '£ 2.89', '£2.89/100g'), ('sains', 'https://www.sainsburys.co.uk/shop/gb/groceries/product/details/vegetarian-food/free-easy-organic-carrot-coconut-soup-400g', 'Free & Easy Organic Carrot & Coconut Soup 400g', '£1.75', '44p / 100g'), ('asda', 'https://groceries.asda.com/product/1000219746238', 'Free and Easy Gluten & Dairy Free Carrot Cake Mix', '£3.75', 'No weight data'), ('tesco', 'https://www.tesco.com/groceries/en-GB/products/262805488', 'Fresh & Easy Carrot, Cauliflower & Broccoli 305G', '£ 1.25', '£4.10/kg'), ('sains', 'https://www.sainsburys.co.uk/shop/gb/groceries/product/details/special-offers-462352-44/glorious!-reviving-carrot--butternut---ginger-soup-600g', 'Glorious! Reviving Carrot, Butternut & Ginger Soup 600g', '£1.50', '25p / 100g'), ('tesco', 'https://www.tesco.com/groceries/en-GB/products/288090094', 'Go Cat Kitten Chicken & Carrot & Milk 825G', '£ 2.25', '£2.73/kg'), ('asda', 'https://groceries.asda.com/product/1000071331582', 'Good Boy Meaty Treaty Chewy Chicken & Carrot Sticks Dog Treats', '£2.00', 'No weight data'), ('asda', 'https://groceries.asda.com/product/1000210049336', 'Good Boy Meaty Treaty Chewy Chicken with Carrot Sticks Dog Treats', '£5.00', 'No weight data'), ('asda', 'https://groceries.asda.com/product/1000141232988', 'Good Boy Meaty Treaty Chewy Duck & Carrot Sticks', '£2.00', 'No weight data'), ('sains', 'https://www.sainsburys.co.uk/shop/gb/groceries/product/details/new-355373-44/good-boy-mega-chkn-carrot-sticks-100g', 'Good Boy Pawsley & Co Mega Chewy Chicken with Carrot Stick Dog Treats 100g', '£2.00', '£20.00 / kg'), ('sains', 'https://www.sainsburys.co.uk/shop/gb/groceries/product/details/all-price-lock/heinz-7-months-first-steps-multigrain-with-carrot-sweetcorn-cheese-200g', 'Heinz 7+ Months First Steps Multigrain with Carrot, Sweetcorn & Cheese 200g', '£2.65', '£1.33 / 100g'), ('asda', 'https://groceries.asda.com/product/1000246462072', 'Heinz Apple, Carrot & Mango Fruit Pouch 6+ Months', '£0.80', 'No weight data'), ('asda', 'https://groceries.asda.com/product/1000195178698', 'Heinz By Nature Carrot, Potato & Courgette 6+ Months', '£0.65', 'No weight data'), ('asda', 'https://groceries.asda.com/product/910000441424', 'Heinz Carrot & Coriander Soup', '£0.95', '(23.8p/100g)'), ('sains', 'https://www.sainsburys.co.uk/shop/gb/groceries/product/details/price-lock-food-cupboard/heinz-classics--carrot---coriander-400g', 'Heinz Classics, Carrot & Coriander 400g', '80p', '20p / 100g'), ('tesco', 'https://www.tesco.com/groceries/en-GB/products/301892180', 'Heinz First Steps Multigrain Carrot Sweetcorn Cheese 200G', '£ 3.00', '£15.00/kg'), ('asda', 'https://groceries.asda.com/product/1000061357201', 'Heinz First Steps Multigrain with Carrot, Sweetcorn & Cheese 7+ Months', '£2.95', 'No weight data'), ('sains', 'https://www.sainsburys.co.uk/shop/gb/groceries/product/details/price-lock-baby-toddler/heinz-so-yummy-carrot-straws-1-year-5x15g', 'Heinz So Yummy Carrot Straws 1 Year+ 5x15g', '£1.65', '£2.20 / 100g'), ('asda', 'https://groceries.asda.com/product/1000172735685', 'Heinz So Yummy Carrot Straws 12+ Months', '£1.50', 'No weight data'), ('tesco', 'https://www.tesco.com/groceries/en-GB/products/254998397', 'Heinz Weight Watchers Carrot & Lentil Soup 295G', '£ 0.49', '£0.17/100g'), ('asda', 'https://groceries.asda.com/product/21955', 'HiPP Carrots Cauliflower & Peas Baby Food Jar 4+ Months', '£0.70', 'No weight data'), ('tesco', 'https://www.tesco.com/groceries/en-GB/products/305524599', 'Innocent Kids Pineapple Apple & Carrot 4X150ml', '£ 3.00', '£0.50/100ml'), ('asda', 'https://groceries.asda.com/product/910001451520', 'James White British Carrot Juice', '£1.99', '(26.5p/100ml)'), ('tesco', 'https://www.tesco.com/groceries/en-GB/products/278084946', 'James White British Carrot Juice 75Cl', '£ 1.99', '£0.27/100ml'), ('tesco', 'https://www.tesco.com/groceries/en-GB/products/305868353', "Kellogg's Wkk Kids Strawbrry Apple & Carrot 350G", '£ 3.00', '£8.58/kg'), ('aldi', 'https://www.aldi.co.uk/kevin-the-carrot-need-for-swede-book/p/708939423065500', 'Kevin The Carrot Need for Swede Book', '2.99', ''), ('tesco', 'https://www.tesco.com/groceries/en-GB/products/305250375', 'Kiddylicious Apple & Carrot Rice Crispy Sticks 6 X 10G', '£ 2.75', '£45.84/kg'), ('asda', 'https://groceries.asda.com/product/1000211461098', "Kirsty's Luxury Vegan Carrot Cake", '£2.50', 'No weight data'), ('tesco', 'https://www.tesco.com/groceries/en-GB/products/279842342', 'Kubus Apple Banana Carrot & Strawberry Mousse 100G', '£ 0.55', '£0.55/100g'), ('tesco', 'https://www.tesco.com/groceries/en-GB/products/300413139', 'Kubus Carrot Banana & Apple 100% Juice 900Ml', '£ 1.20', '£0.13/100ml'), ('tesco', 'https://www.tesco.com/groceries/en-GB/products/300413174', 'Kubus Carrot Raspberry & Apple 100% Juice 900Ml', '£ 1.20', '£0.13/100ml'), ('asda', 'https://groceries.asda.com/product/910000332961', 'Kubus Carrot, Apple & Raspberry Multifruit Juice Drink', '£1.10', '(12.2p/100ml)'), ('asda', 'https://groceries.asda.com/product/910000332521', 'Kubus Carrot, Banana, Apple Multifruit Juice Drink', '£1.10', '(12.2p/100ml)'), ('sains', 'https://www.sainsburys.co.uk/shop/gb/groceries/product/details/all-organic-/little-freddie-organic-carrot--pumpkin---quinoa-puffs-7-months-20g-7958138-p', 'Little Freddie Organic Carrot, Pumpkin & Quinoa Puffs +7 Months 20g', '85p', '£4.25 / 100g'), ('sains', 'https://www.sainsburys.co.uk/shop/gb/groceries/product/details/all-future-brands/little-freddie-organic-flavoursome-carrot-pumpkin-pea-pear-stage-1-4m-smooth-100g', 'Little Freddie Organic Flavoursome Carrot, Pumpkin, Pea & Pear Stage 1 +4m Smooth 100g', '£1.25', '£1.25 / 100g'), ('tesco', 'https://www.tesco.com/groceries/en-GB/products/305430018', 'Little Roots Crunchy Corn & Carrot Chunks 200G', '£ 2.50', '£12.50/kg'), ('sains', 'https://www.sainsburys.co.uk/shop/gb/groceries/product/details/all-ready-meals-/mash-direct-carrot---parsnip-mash-400g', 'Mash Direct Carrot & Parsnip Mash 400g', '£1.50', '£3.75 / kg'), ('asda', 'https://groceries.asda.com/product/1000219746276', 'Mr Kipling 6 Carrot Cake Slices', '£1.00', '(16.7p/each)'), ('tesco', 'https://www.tesco.com/groceries/en-GB/products/305966899', 'Mr Kipling Carrot Cake Slices 6 Pack', '£ 1.00', '£0.17/each'), ('tesco', 'https://www.tesco.com/groceries/en-GB/products/293316340', 'Nakd Carrot Cake 35G Multipack', '£ 2.50', '£1.79/100g'), ('asda', 'https://groceries.asda.com/product/1000014119253', 'Nakd Carrot Cake Fruit & Nut Bar', '£1.50', 'No weight data'), ('aldi', 'https://www.aldi.co.uk/nature%27s-pick-chantenay-carrots/p/087425258080700', "Nature's Pick Chantenay Carrots", '0.69', '£1.38 per kg'), ('sains', 'https://www.sainsburys.co.uk/shop/gb/groceries/product/details/simple-meals/new-covent-garden-carrot---coriander-soup-600g', 'New Covent Garden Carrot & Coriander Soup 560g', '£2.00', '36p / 100g'), ('tesco', 'https://www.tesco.com/groceries/en-GB/products/307734514', 'New Covent Garden Soup Co Carrot & Coriander Soup 560G', '£ 1.65', '£0.30/100g'), ('tesco', 'https://www.tesco.com/groceries/en-GB/products/256687445', 'Organic Carrots 700G', '£ 1.00', '£1.43/kg'), ('tesco', 'https://www.tesco.com/groceries/en-GB/products/261476025', 'Organix 12 Month Goodies Carrot Cake Bar 6X30g', '£ 2.50', '£1.39/100g'), ('tesco', 'https://www.tesco.com/groceries/en-GB/products/302282416', 'Organix 6Months+ Carrot Sweetcorn & Butternut 120G', '£ 1.10', '£9.17/kg'), ('tesco', 'https://www.tesco.com/groceries/en-GB/products/302306373', 'Organix 6Months+ Just Carrot & Quinoa 120G', '£ 1.10', '£9.17/kg'), ('asda', 'https://groceries.asda.com/product/37913973', 'Organix Carrot Cake Soft Oaty Bars 12+ Months', '£2.00', 'No weight data'), ('asda', 'https://groceries.asda.com/product/24371398', 'Organix Carrot Stix - Goodies Organic 10+ Months', '£1.80', 'No weight data'), ('tesco', 'https://www.tesco.com/groceries/en-GB/products/260827874', 'Organix Carrot Stix Multi Pack 4X15g', '£ 1.60', '£26.67/kg'), ('asda', 'https://groceries.asda.com/product/910001089324', 'Organix Finger Foods Carrot Sticks 6+ Months', '£0.50', 'No weight data'), ('asda', 'https://groceries.asda.com/product/910003258788', 'Organix Finger Foods Carrot Sticks 7+ Months', '£2.08', 'No weight data'), ('tesco', 'https://www.tesco.com/groceries/en-GB/products/301892894', 'Organix Goodies Carrot Cake Bars 12X30g', '£ 4.50', '£12.50/kg'), ('tesco', 'https://www.tesco.com/groceries/en-GB/products/302312117', 'Organix Just Sweetcorn Carrot Chickpea & Rapseed Oil 190G', '£ 1.30', '£6.85/kg'), ('tesco', 'https://www.tesco.com/groceries/en-GB/products/258904138', 'Organix Melty Carrot Puffs 20G', '£ 0.60', '£30.00/kg'), ('tesco', 'https://www.tesco.com/groceries/en-GB/products/298648820', 'Organix Melty Carrot Puffs Multipack 4X18g', '£ 2.08', '£28.89/kg'), ('tesco', 'https://www.tesco.com/groceries/en-GB/products/260622839', 'Rotastak 3 Carrot Nibble Sticks 95G', '£ 1.15', '£12.11/kg'), ('asda', 'https://groceries.asda.com/product/482208', 'Rotastak Treat Carrot Nibble Sticks', '£1.00', '(£1.00/each)'), ('sains', 'https://www.sainsburys.co.uk/shop/gb/groceries/product/details/baby-vegetables/sainsburys-broccoli--baby-corn--carrots---sugar-snap-peas-240g', "Sainsbury's Broccoli, Baby Corn, Carrots & Sugar Snap Peas 240g", '£1.50', '£6.25 / kg'), ('sains', 'https://www.sainsburys.co.uk/shop/gb/groceries/product/details/all-organic-/sainsburys-bunched-carrots--so-organic-400g', "Sainsbury's Bunched Carrots, SO Organic 400g", '£1.50', '£3.75 / kg'), ('sains', 'https://www.sainsburys.co.uk/shop/gb/groceries/product/details/all-vegetables/sainsburys-carrot---swede-mash-450g', "Sainsbury's Carrot & Swede Mash 400g", '£1.20', '£3.00 / kg'), ('sains', 'https://www.sainsburys.co.uk/shop/gb/groceries/product/details/all-vegetables/sainsburys-carrot---swede-potato-mash-400g', "Sainsbury's Carrot & Swede Potato Mash 400g", '£1.00', '£2.50 / kg'), ('sains', 'https://www.sainsburys.co.uk/shop/gb/groceries/product/details/baby-vegetables/sainsburys-carrot-batons-400g', "Sainsbury's Carrot Batons 400g", '£1.00', '£2.50 / kg'), ('sains', 'https://www.sainsburys.co.uk/shop/gb/groceries/product/details/easterlunch/sainsburys-carrot-batons-400g', "Sainsbury's Carrot Batons 400g", '£1.00', '£2.50 / kg'), ('sains', 'https://www.sainsburys.co.uk/shop/gb/groceries/product/details/eat-the-rainbow/sainsburys-carrot-batons-400g', "Sainsbury's Carrot Batons 400g", '£1.00', '£2.50 / kg'), ('sains', 'https://www.sainsburys.co.uk/shop/gb/groceries/product/details/all-prepared-fruit--veg---salad/sainsburys-carrot--cauliflower---broccoli-240g', "Sainsbury's Carrot, Cauliflower & Broccoli 240g", '£1.00', '£4.17 / kg'), ('sains', 'https://www.sainsburys.co.uk/shop/gb/groceries/product/details/baby-vegetables/sainsburys-carrot--cauliflower---broccoli-240g', "Sainsbury's Carrot, Cauliflower & Broccoli 240g", '£1.00', '£4.17 / kg'), ('sains', 'https://www.sainsburys.co.uk/shop/gb/groceries/product/details/special-offers-/sainsburys-carrot--cauliflower---broccoli-480g', "Sainsbury's Carrot, Cauliflower & Broccoli 480g", '£1.80', '£3.75 / kg'), ('sains', 'https://www.sainsburys.co.uk/shop/gb/groceries/product/details/baby-vegetables/sainsburys-carrot--cauliflower---broccoli-480g', "Sainsbury's Carrot, Cauliflower & Broccoli 480g", '£1.80', '£3.75 / kg'), ('sains', 'https://www.sainsburys.co.uk/shop/gb/groceries/product/details/all-vegetables/sainsburys-carrots---peas-480g', "Sainsbury's Carrots & Peas 480g", '£1.00', '£2.08 / kg'), ('sains', 'https://www.sainsburys.co.uk/shop/gb/groceries/product/details/special-offers-/sainsburys-carrots---peas-480g', "Sainsbury's Carrots & Peas 480g", '£1.00', '£2.08 / kg'), ('sains', 'https://www.sainsburys.co.uk/shop/gb/groceries/product/details/baby-vegetables/sainsburys-carrots---peas-480g', "Sainsbury's Carrots & Peas 480g", '£1.00', '£2.08 / kg'), ('sains', 'https://www.sainsburys.co.uk/shop/gb/groceries/product/details/discover-build-a-roast/sainsburys-carrots-1kg', "Sainsbury's Carrots 1kg", '41p', '41p / kg'), ('sains', 'https://www.sainsburys.co.uk/shop/gb/groceries/product/details/make-a-smoothie/sainsburys-carrots-1kg', "Sainsbury's Carrots 1kg", '41p', '41p / kg'), ('sains', 'https://www.sainsburys.co.uk/shop/gb/groceries/product/details/fruit-veg-bigger-packs/sainsburys-carrots-1kg', "Sainsbury's Carrots 1kg", '41p', '41p / kg'), ('sains', 'https://www.sainsburys.co.uk/shop/gb/groceries/product/details/bigger-packs-/sainsburys-carrots-1kg', "Sainsbury's Carrots 1kg", '41p', '41p / kg'), ('sains', 'https://www.sainsburys.co.uk/shop/gb/groceries/product/details/build-a-stir-fry-with-amoy/sainsburys-carrots-1kg', "Sainsbury's Carrots 1kg", '41p', '41p / kg'), ('sains', 'https://www.sainsburys.co.uk/shop/gb/groceries/product/details/all-vegetables/sainsburys-carrots-500g', "Sainsbury's Carrots 500g", '35p', '70p / kg'), ('sains', 'https://www.sainsburys.co.uk/shop/gb/groceries/product/details/loose-produce/sainsburys-carrots-loose', "Sainsbury's Carrots Loose", '41p / kg', '41p / kg'), ('sains', 'https://www.sainsburys.co.uk/shop/gb/groceries/product/details/first-shop-essentials/sainsburys-carrots-loose', "Sainsbury's Carrots Loose", '41p / kg', '41p / kg'), ('sains', 'https://www.sainsburys.co.uk/shop/gb/groceries/product/details/all-vegetables/sainsburys-carrots--so-organic-750g', "Sainsbury's Carrots, SO Organic 750g", '£1.25', '£1.67 / kg'), ('sains', 'https://www.sainsburys.co.uk/shop/gb/groceries/product/details/carrots-root-vegetables/sainsburys-carrots--so-organic-750g', "Sainsbury's Carrots, SO Organic 750g", '£1.25', '£1.67 / kg'), ('sains', 'https://www.sainsburys.co.uk/shop/gb/groceries/product/details/eat-the-rainbow/sainsburys-carrots--so-organic-750g', "Sainsbury's Carrots, SO Organic 750g", '£1.25', '£1.67 / kg'), ('sains', 'https://www.sainsburys.co.uk/shop/gb/groceries/product/details/all-vegetables/sainsburys-chantenay-carrots-500g', "Sainsbury's Chantenay Carrots 500g", '90p', '£1.80 / kg'), ('sains', 'https://www.sainsburys.co.uk/shop/gb/groceries/product/details/carrots-root-vegetables/sainsburys-chantenay-carrots-500g', "Sainsbury's Chantenay Carrots 500g", '90p', '£1.80 / kg'), ('sains', 'https://www.sainsburys.co.uk/shop/gb/groceries/product/details/eat-the-rainbow/sainsburys-chantenay-carrots-500g', "Sainsbury's Chantenay Carrots 500g", '90p', '£1.80 / kg'), ('sains', 'https://www.sainsburys.co.uk/shop/gb/groceries/product/details/all-gluten-free-food-and-drink/sainsburys-gluten-free-carrot-cake-408g', "Sainsbury's Gluten Free Carrot Cake 408g", '£3.00', '86p / 100g'), ('sains', 'https://www.sainsburys.co.uk/shop/gb/groceries/product/details/top-sellers/greengrocer-carrots-1kg', "Sainsbury's Imperfectly Tasty Carrots 1kg", '35p', '35p / kg'), ('sains', 'https://www.sainsburys.co.uk/shop/gb/groceries/product/details/carrots-root-vegetables/sainsburys-on-the-go-carrot-batons-80g', "Sainsbury's On the Go Carrot Batons 80g", '70p', '70p / ea'), ('sains', 'https://www.sainsburys.co.uk/shop/gb/groceries/product/details/eat-the-rainbow/sainsburys-on-the-go-carrot-batons-80g', "Sainsbury's On the Go Carrot Batons 80g", '70p', '70p / ea'), ('sains', 'https://www.sainsburys.co.uk/shop/gb/groceries/product/details/all-vegetables/sainsburys-on-the-go-carrot-batons-80g', "Sainsbury's On the Go Carrot Batons 80g", '70p', '70p / ea'), ('sains', 'https://www.sainsburys.co.uk/shop/gb/groceries/product/details/carrots-root-vegetables/sainsburys-rainbow-carrots--taste-the-difference-450g', "Sainsbury's Rainbow Carrots 450g", '£1.50', '£3.33 / kg'), ('sains', 'https://www.sainsburys.co.uk/shop/gb/groceries/product/details/prepared-sides-vegetables/sainsburys-ready-prepared-mini-carrots-240g', "Sainsbury's Ready Prepared Mini Carrots 240g", '80p', '£3.33 / kg'), ('sains', 'https://www.sainsburys.co.uk/shop/gb/groceries/product/details/eat-more-fish/sainsburys-ready-prepared-mini-carrots-240g', "Sainsbury's Ready Prepared Mini Carrots 240g", '80p', '£3.33 / kg'), ('sains', 'https://www.sainsburys.co.uk/shop/gb/groceries/product/details/all-prepared-fruit--veg---salad/sainsburys-swede---carrot-600g', "Sainsbury's Swede & Carrot 600g", '80p', '£1.33 / kg'), ('sains', 'https://www.sainsburys.co.uk/shop/gb/groceries/product/details/all-vegetables/sainsburys-sweet-spear-carrots--taste-the-difference-450g', "Sainsbury's Sweet Spear Carrots 450g", '£1.50', '£3.33 / kg'), ('sains', 'https://www.sainsburys.co.uk/shop/gb/groceries/product/details/carrots-root-vegetables/sainsburys-sweet-spear-carrots--taste-the-difference-450g', "Sainsbury's Sweet Spear Carrots 450g", '£1.50', '£3.33 / kg'), ('tesco', 'https://www.tesco.com/groceries/en-GB/products/307366615', 'Strong Roots Broccoli & Purple Carrot Bites 306G', '£ 2.95', '£9.65/kg'), ('tesco', 'https://www.tesco.com/groceries/en-GB/products/303174975', 'Tesco 12 Beef Carrot & Onion Meatballs 336G', '£ 2.25', '£6.70/kg'), ('tesco', 'https://www.tesco.com/groceries/en-GB/products/303174952', 'Tesco 4 Beef, Carrot & Onion Burger 454G', '£ 2.50', '£5.51/kg'), ('tesco', 'https://www.tesco.com/groceries/en-GB/products/271223759', 'Tesco 4 Steam Bag Carrots Broccoli & Sweetcorn 640G', '£ 1.75', '£2.74/kg'), ('tesco', 'https://www.tesco.com/groceries/en-GB/products/303174704', 'Tesco 5% Lean Beef, Carrot & Onion Mince 500G', '£ 3.00', '£6.00/kg'), ('tesco', 'https://www.tesco.com/groceries/en-GB/products/258434621', 'Tesco Baby Carrots 200G Class 1 Pm', '£ 1.20', '£6.00/kg'), ('tesco', 'https://www.tesco.com/groceries/en-GB/products/259453337', 'Tesco Baby Carrots In Water 300G', '£ 0.40', '£2.06/kg DR.WT'), ('tesco', 'https://www.tesco.com/groceries/en-GB/products/299982590', 'Tesco Carrot & Swede Mash 450G', '£ 1.50', '£3.34/kg'), ('tesco', 'https://www.tesco.com/groceries/en-GB/products/301269106', 'Tesco Carrot Babyfood Pouch 70G', '£ 0.45', '£0.64/100g'), ('tesco', 'https://www.tesco.com/groceries/en-GB/products/252074226', 'Tesco Carrot Coriander Soup 600G', '£ 1.50', '£0.25/100g'), ('tesco', 'https://www.tesco.com/groceries/en-GB/products/301269187', 'Tesco Carrot Sweet Potato Swede Pouch 100G', '£ 0.65', '£0.65/100g'), ('tesco', 'https://www.tesco.com/groceries/en-GB/products/301217255', 'Tesco Carrot Sweetcorn & Peas Layered Vegetable 355G', '£ 1.50', '£4.23/kg'), ('tesco', 'https://www.tesco.com/groceries/en-GB/products/305953125', 'Tesco Carrots 1Kg', '£ 0.40', '£0.40/kg'), ('tesco', 'https://www.tesco.com/groceries/en-GB/products/254638565', 'Tesco Carrots Loose', '£ 0.04', '£0.40/kg'), ('tesco', 'https://www.tesco.com/groceries/en-GB/products/279525234', 'Tesco Chantenay Carrots 500G', '£ 0.90', '£1.80/kg'), ('tesco', 'https://www.tesco.com/groceries/en-GB/products/289555718', 'Tesco Chantenay Carrots 600G', '£ 1.20', '£2.00/kg'), ('tesco', 'https://www.tesco.com/groceries/en-GB/products/305519433', 'Tesco Easter 2 Pack Carrot Cake Filled Muffins', '£ 1.50', '£0.75/each'), ('tesco', 'https://www.tesco.com/groceries/en-GB/products/253046846', 'Tesco Finest Carrot Cake', '£ 2.75', '£2.75/each'), ('tesco', 'https://www.tesco.com/groceries/en-GB/products/287938338', 'Tesco Finest Free From Carrot Cake', '£ 3.00', '£3.00/each'), ('tesco', 'https://www.tesco.com/groceries/en-GB/products/307154152', 'Tesco Finest Rainbow Carrots 450G', '£ 1.50', '£3.34/kg'), ('tesco', 'https://www.tesco.com/groceries/en-GB/products/264871629', 'Tesco Fresh & Easy Carrot Batons 600G', '£ 1.00', '£1.67/kg'), ('tesco', 'https://www.tesco.com/groceries/en-GB/products/292451013', 'Tesco Grated Carrot 200G', '£ 0.60', '£3.00/kg'), ('tesco', 'https://www.tesco.com/groceries/en-GB/products/296424875', 'Tesco Imperator Carrot 450G', '£ 1.50', '£3.34/kg'), ('tesco', 'https://www.tesco.com/groceries/en-GB/products/277941239', 'Tesco Mini Carrots 320G', '£ 0.85', '£2.66/kg'), ('tesco', 'https://www.tesco.com/groceries/en-GB/products/307143735', 'Tesco Organic Bunched Carrots 400G', '£ 1.50', '£3.75/kg'), ('tesco', 'https://www.tesco.com/groceries/en-GB/products/288458115', 'Tesco Peas & Carrots 300G', '£ 2.25', '£7.50/kg'), ('tesco', 'https://www.tesco.com/groceries/en-GB/products/305964008', 'Tesco Perfectly Imperfect Carrots 1.5Kg', '£ 0.53', '£0.35/kg'), ('tesco', 'https://www.tesco.com/groceries/en-GB/products/259453182', 'Tesco Petit Pois & Baby Carrots 340G Jar', '£ 0.75', '£3.41/kg DR.WT'), ('tesco', 'https://www.tesco.com/groceries/en-GB/products/264166324', 'Tesco Petits Pois & Baby Carrot In Water 200G', '£ 0.55', '£4.24/kg DR.WT'), ('tesco', 'https://www.tesco.com/groceries/en-GB/products/307748204', 'Tesco Plant Chef Carrot & Houmous 100G', '£ 1.00', '£1.00/100g'), ('tesco', 'https://www.tesco.com/groceries/en-GB/products/256228356', 'Tesco Sliced Carrots In Water 300G', '£ 0.30', '£1.88/kg DR.WT'), ('tesco', 'https://www.tesco.com/groceries/en-GB/products/264421725', 'Tesco Sliced Carrots Peeled & Cut 1Kg', '£ 1.00', '£1.00/kg'), ('tesco', 'https://www.tesco.com/groceries/en-GB/products/279627298', 'Tesco Tendersweet Carrots 150G', '£ 1.20', '£8.00/kg'), ('asda', 'https://groceries.asda.com/product/1000210251556', 'Tropical Vibes Mango & Carrot Juice', '£1.99', '(19.9p/100ml)'), ('asda', 'https://groceries.asda.com/product/39185500', 'Tymbark Multifruit Carrot Drink', '£1.80', '(90.0p/lt)'), ('asda', 'https://groceries.asda.com/product/1000192700063', 'W.K Kellogg Kids Strawberry, Apple & Carrot Multigrain Shapes Cereal', '£2.99', '(85.4p/100g)'), ('asda', 'https://groceries.asda.com/product/1000206331069', 'Webbox Chicken with Carrot Sticks Dog Treats', '£1.50', '(£18.75/kg)'), ('asda', 'https://groceries.asda.com/product/37515', 'Weight Watchers from Heinz Carrot & Lentil Soup', '£0.85', '(28.8p/100g)')]


json_data[{'shop': 'aldi', 'url': 'https://www.aldi.co.uk/6-organic-carrot-cake-soft-oaty-bars/p/086202252092700', 'product_name': '6 Organic Carrot Cake Soft Oaty Bars', 'product_price': '1.39', 'product_additionals': '92.7p per 100g'}, {'shop': 'asda', 'url': 'https://groceries.asda.com/product/1000006993580', 'product_name': 'ASDA Baby Carrots & Petits Pois in Water', 'product_price': '£0.88', 'product_additionals': '(£3.32/kg)'}, {'shop': 'asda', 'url': 'https://groceries.asda.com/product/910003092977', 'product_name': 'ASDA Broccoli, Carrots, Baby Corn & Green Beans', 'product_price': '£1.25', 'product_additionals': '(£3.57/kg)'}, {'shop': 'asda', 'url': 'https://groceries.asda.com/product/1000216902734', 'product_name': 'ASDA Butternut, Sweet Potato & Carrot Medley', 'product_price': '£2.00', 'product_additionals': 'No weight data'}, {'shop': 'asda', 'url': 'https://groceries.asda.com/product/910000329598', 'product_name': 'ASDA Carrot & Coriander Soup', 'product_price': '£1.25', 'product_additionals': 'No weight data'}, {'shop': 'asda', 'url': 'https://groceries.asda.com/product/1000211259367', 'product_name': 'ASDA Carrot Batons', 'product_price': '£0.40', 'product_additionals': 'No weight data'}, {'shop': 'asda', 'url': 'https://groceries.asda.com/product/910003106817', 'product_name': 'ASDA Carrot Batons', 'product_price': '£0.50', 'product_additionals': 'No weight data'}, {'shop': 'asda', 'url': 'https://groceries.asda.com/product/910001072311', 'product_name': 'ASDA Carrot Cauliflower & Broccoli Medley', 'product_price': '£0.85', 'product_additionals': '(£2.83/kg)'}, {'shop': 'asda', 'url': 'https://groceries.asda.com/product/1000007948875', 'product_name': 'ASDA Carrots & Broccoli', 'product_price': '£1.25', 'product_additionals': '(£2.08/kg)'}, {'shop': 'asda', 'url': 'https://groceries.asda.com/product/910003092465', 'product_name': 'ASDA Carrots & Peas', 'product_price': '£0.75', 'product_additionals': '(£2.50/kg)'}, {'shop': 'asda', 'url': 'https://groceries.asda.com/product/1000244229127', 'product_name': 'ASDA Carrots, Broccoli & Brussels Sprouts', 'product_price': '£1.00', 'product_additionals': 'No weight data'}, {'shop': 'asda', 'url': 'https://groceries.asda.com/product/462038', 'product_name': 'ASDA Diced Carrots & Swede', 'product_price': '£0.50', 'product_additionals': 'No weight data'}, {'shop': 'asda', 'url': 'https://groceries.asda.com/product/910003090816', 'product_name': 'ASDA Extra Special Carrot and Pumpkin Pave', 'product_price': '£1.60', 'product_additionals': '(40.0p/100g)'}, {'shop': 'asda', 'url': 'https://groceries.asda.com/product/533480', 'product_name': 'ASDA Extra Special Hand Finished Carrot Cake', 'product_price': '£1.85', 'product_additionals': '(£1.85/each)'}, {'shop': 'asda', 'url': 'https://groceries.asda.com/product/31122362', 'product_name': 'ASDA Frozen for Freshness Broccoli Cauliflower & Carrot', 'product_price': '£0.92', 'product_additionals': 'No weight data'}, {'shop': 'asda', 'url': 'https://groceries.asda.com/product/910002599053', 'product_name': 'ASDA Frozen for Freshness Sliced Carrots', 'product_price': '£1.00', 'product_additionals': 'No weight data'}, {'shop': 'asda', 'url': 'https://groceries.asda.com/product/910003087311', 'product_name': 'ASDA Grated Carrot', 'product_price': '£0.30', 'product_additionals': '(£2.00/kg)'}, {'shop': 'asda', 'url': 'https://groceries.asda.com/product/910003188304', 'product_name': "ASDA Grower's Selection Carrots", 'product_price': '£0.29', 'product_additionals': 'No weight data'}, {'shop': 'asda', 'url': 'https://groceries.asda.com/product/30240', 'product_name': "ASDA Grower's Selection Carrots", 'product_price': '£0.43', 'product_additionals': 'No weight data'}, {'shop': 'asda', 'url': 'https://groceries.asda.com/product/910003037417', 'product_name': "ASDA Grower's Selection Chantenay Carrots", 'product_price': '£0.60', 'product_additionals': 'No weight data'}, {'shop': 'asda', 'url': 'https://groceries.asda.com/product/910003036565', 'product_name': "ASDA Grower's Selection Organic Carrots", 'product_price': '£0.65', 'product_additionals': 'No weight data'}, {'shop': 'asda', 'url': 'https://groceries.asda.com/product/1000196707212', 'product_name': 'ASDA Little Angels Organic Carrot & Orange Flavoured Biscuits 12+ Months', 'product_price': '£1.50', 'product_additionals': 'No weight data'}, {'shop': 'asda', 'url': 'https://groceries.asda.com/product/910001267698', 'product_name': 'ASDA Little Angels Organic Carrot Flavour Puffs 7+ Months', 'product_price': '£0.43', 'product_additionals': 'No weight data'}, {'shop': 'asda', 'url': 'https://groceries.asda.com/product/1000158533126', 'product_name': 'ASDA Make Your Own Carrot & Swede Mash', 'product_price': '£2.00', 'product_additionals': 'No weight data'}, {'shop': 'asda', 'url': 'https://groceries.asda.com/product/1000001204736', 'product_name': 'ASDA Mini Carrots', 'product_price': '£0.80', 'product_additionals': '(£2.67/kg)'}, {'shop': 'asda', 'url': 'https://groceries.asda.com/product/910000542824', 'product_name': 'ASDA Mini Potato & Carrot Waffles', 'product_price': '£1.10', 'product_additionals': 'No weight data'}, {'shop': 'asda', 'url': 'https://groceries.asda.com/product/910003087092', 'product_name': 'ASDA Sliced Carrots', 'product_price': '£0.50', 'product_additionals': 'No weight data'}, {'shop': 'asda', 'url': 'https://groceries.asda.com/product/1000169694768', 'product_name': 'ASDA Sliced Carrots in Water', 'product_price': '£0.49', 'product_additionals': '(£2.04/kg)'}, {'shop': 'asda', 'url': 'https://groceries.asda.com/product/1000129611264', 'product_name': 'ASDA Soft Bake Carrot Cake Cookies', 'product_price': '£0.95', 'product_additionals': '(47.5p/100g)'}, {'shop': 'asda', 'url': 'https://groceries.asda.com/product/910003093028', 'product_name': 'ASDA Sweet Leaf & Carrot Salad', 'product_price': '£0.60', 'product_additionals': '(25.0p/100g)'}, {'shop': 'asda', 'url': 'https://groceries.asda.com/product/1000229963426', 'product_name': 'ASDA Tenderstem Broccoli, Carrot & Sugar Snap', 'product_price': '£1.30', 'product_additionals': 'No weight data'}, {'shop': 'tesco', 'url': 'https://www.tesco.com/groceries/en-GB/products/268323259', 'product_name': "Aunt Bessie's Mashed Carrot & Swede 500G", 'product_price': '£ 1.75', 'product_additionals': '£3.50/kg'}, {'shop': 'tesco', 'url': 'https://www.tesco.com/groceries/en-GB/products/302203045', 'product_name': 'Baked With Love 12 Carrot Sugar Decorations', 'product_price': '£ 1.85', 'product_additionals': '£0.16/each'}, {'shop': 'asda', 'url': 'https://groceries.asda.com/product/1000137744695', 'product_name': 'Baked With Love 12 Carrots Sugar Decorations', 'product_price': '£1.39', 'product_additionals': '(11.6p/each)'}, {'shop': 'tesco', 'url': 'https://www.tesco.com/groceries/en-GB/products/267195653', 'product_name': 'Baxters Vegetarian Carrot & Butter Bean Soup 400G', 'product_price': '£ 1.15', 'product_additionals': '£0.29/100g'}, {'shop': 'asda', 'url': 'https://groceries.asda.com/product/910000451228', 'product_name': 'Baxters Vegetarian Carrot & Coriander', 'product_price': '£1.15', 'product_additionals': '(28.7p/100g)'}, {'shop': 'tesco', 'url': 'https://www.tesco.com/groceries/en-GB/products/267196446', 'product_name': 'Baxters Vegetarian Carrot & Coriander Soup 400G', 'product_price': '£ 1.15', 'product_additionals': '£0.29/100g'}, {'shop': 'tesco', 'url': 'https://www.tesco.com/groceries/en-GB/products/305042944', 'product_name': 'Bear Mango & Carrot Paws 5X20g', 'product_price': '£ 1.97', 'product_additionals': '£19.70/kg'}, {'shop': 'asda', 'url': 'https://groceries.asda.com/product/1000108780745', 'product_name': 'BEAR Pure Fruit & Veg Paws Mango & Carrot 5 Pack', 'product_price': '£1.98', 'product_additionals': 'No weight data'}, {'shop': 'asda', 'url': 'https://groceries.asda.com/product/910002062117', 'product_name': 'Betty Crocker Country Carrot Cake Mix', 'product_price': '£1.99', 'product_additionals': '(£4.68/kg)'}, {'shop': 'sains', 'url': 'https://www.sainsburys.co.uk/shop/gb/groceries/product/details/price-lock-food-cupboard/betty-crocker-moreish-carrot-cake-mix-425g', 'product_name': 'Betty Crocker Country Carrot Cake Mix 425g', 'product_price': '£2.00', 'product_additionals': '47p / 100g'}, {'shop': 'asda', 'url': 'https://groceries.asda.com/product/910002545264', 'product_name': 'Biona Organic Pressed Carrot Juice', 'product_price': '£3.01', 'product_additionals': '(30.1p/100ml)'}, {'shop': 'asda', 'url': 'https://groceries.asda.com/product/1000157579427', 'product_name': 'BIP Milk Chocolate Sprouts & Carrots', 'product_price': '£0.59', 'product_additionals': '(78.7p/100g)'}, {'shop': 'asda', 'url': 'https://groceries.asda.com/product/1000129843799', 'product_name': 'Birds Eye Green Cuisine Sweet Potato & Carrot Bites', 'product_price': '£2.50', 'product_additionals': 'No weight data'}, {'shop': 'tesco', 'url': 'https://www.tesco.com/groceries/en-GB/products/307345312', 'product_name': 'Birds Eye Green Cuisine Sweet Potato & Carrot Bites 450G', 'product_price': '£ 2.75', 'product_additionals': '£6.12/kg'}, {'shop': 'tesco', 'url': 'https://www.tesco.com/groceries/en-GB/products/271681734', 'product_name': 'Bobo Frut Apple Banana & Carrot Juice 300Ml', 'product_price': '£ 1.40', 'product_additionals': '£0.47/100ml'}, {'shop': 'aldi', 'url': 'https://www.aldi.co.uk/carrot-snacks/p/017444313277300', 'product_name': 'Carrot Snacks', 'product_price': '0.39', 'product_additionals': '£1.95 per 100g'}, {'shop': 'aldi', 'url': 'https://www.aldi.co.uk/carrots%2C-broccoli-and-sweetcorn/p/041125240025600', 'product_name': 'Carrots, Broccoli And Sweetcorn', 'product_price': '1.05', 'product_additionals': '£1.64 per kg'}, {'shop': 'tesco', 'url': 'https://www.tesco.com/groceries/en-GB/products/305052068', 'product_name': 'Cerelac Farmers Selection Wheat Oat & Carrot Snack 35G', 'product_price': '£ 1.70', 'product_additionals': '£4.86/100g'}, {'shop': 'coop', 'url': 'https://www.coop.co.uk/products/co-op-broccoli-carrot-babycorn-and-sugarsnap-peas-240g', 'product_name': 'Co-op Broccoli Carrot Babycorn And Sugarsnap Peas 240g', 'product_price': '£1.50', 'product_additionals': '240g (62.5p per 100g)'}, {'shop': 'coop', 'url': 'https://www.coop.co.uk/products/co-op-carrots-1kg', 'product_name': 'Co-op Carrots 1kg', 'product_price': '£0.65', 'product_additionals': '1kg (65.0p per kg)'}, {'shop': 'coop', 'url': 'https://www.coop.co.uk/products/co-op-honest-value-carrots-1kg', 'product_name': 'Co-op Honest Value Carrots 1kg', 'product_price': '£0.52', 'product_additionals': '1kg (5.2p per 100g)'}, {'shop': 'coop', 'url': 'https://www.coop.co.uk/products/co-op-sliced-carrots-750g', 'product_name': 'Co-op Sliced Carrots 750g', 'product_price': '£1', 'product_additionals': '750g (13.3p per 100g)'}, {'shop': 'asda', 'url': 'https://groceries.asda.com/product/910002551918', 'product_name': 'Cow & Gate Carrot & Chicken Risotto Baby Food Jar 4m+', 'product_price': '£0.58', 'product_additionals': 'No weight data'}, {'shop': 'asda', 'url': 'https://groceries.asda.com/product/910002551873', 'product_name': 'Cow & Gate Carrot & Lamb Hotpot Baby Food Jar 4+ Months', 'product_price': '£0.58', 'product_additionals': 'No weight data'}, {'shop': 'asda', 'url': 'https://groceries.asda.com/product/910002552234', 'product_name': 'Cow & Gate Creamed Carrot & Potato Baby Food Jar 4+ Months', 'product_price': '£0.58', 'product_additionals': 'No weight data'}, {'shop': 'asda', 'url': 'https://groceries.asda.com/product/1000111203482', 'product_name': 'Cow & Gate First Spoons Carrot from 4-12m Onward', 'product_price': '£0.58', 'product_additionals': 'No weight data'}, {'shop': 'aldi', 'url': 'https://www.aldi.co.uk/creations-carrot-%26-coriander-soup/p/087134322756800', 'product_name': 'Creations Carrot & Coriander Soup', 'product_price': '0.33', 'product_additionals': '8.3p per 100g'}, {'shop': 'asda', 'url': 'https://groceries.asda.com/product/1000150185984', 'product_name': 'Creative Nature Free From Carrot Cake Raw Snack Bar', 'product_price': '£0.79', 'product_additionals': 'No weight data'}, {'shop': 'asda', 'url': 'https://groceries.asda.com/product/1000073848443', 'product_name': 'Crosse & Blackwell Spicy Parsnip & Carrot Soup', 'product_price': '£0.75', 'product_additionals': '(18.8p/100g)'}, {'shop': 'sains', 'url': 'https://www.sainsburys.co.uk/shop/gb/groceries/product/details/all-yogurt/danone-simply-fruit-veg-mango-carrot-banana-yogurt-4x110g', 'product_name': 'Danone Mango, Carrot & Banana No Added Sugar Yogurt 4x110g', 'product_price': '£1.25', 'product_additionals': '29p / 100g'}, {'shop': 'sains', 'url': 'https://www.sainsburys.co.uk/shop/gb/groceries/product/details/dairy-eggs-special-offers/danone-simply-fruit-veg-mango-carrot-banana-yogurt-4x110g', 'product_name': 'Danone Mango, Carrot & Banana No Added Sugar Yogurt 4x110g', 'product_price': '£1.25', 'product_additionals': '29p / 100g'}, {'shop': 'tesco', 'url': 'https://www.tesco.com/groceries/en-GB/products/305963361', 'product_name': 'Dawtona Carrot With Peas 510G', 'product_price': '£ 1.00', 'product_additionals': '£0.30/100g DR.WT'}, {'shop': 'tesco', 'url': 'https://www.tesco.com/groceries/en-GB/products/305523789', 'product_name': 'Dawtona Sauerkraut With Carrot 500G', 'product_price': '£ 1.00', 'product_additionals': '£0.37/100g DR.WT'}, {'shop': 'asda', 'url': 'https://groceries.asda.com/product/1000211259365', 'product_name': 'Dolmio Plant Based Mince Bolognese Sauce with Basil & Carrots', 'product_price': '£1.50', 'product_additionals': '(£1.00/100g)'}, {'shop': 'tesco', 'url': 'https://www.tesco.com/groceries/en-GB/products/304724295', 'product_name': 'Dr Oetker Carrot Cake Traybake Kit 425G', 'product_price': '£ 2.30', 'product_additionals': '£5.42/kg'}, {'shop': 'tesco', 'url': 'https://www.tesco.com/groceries/en-GB/products/261383169', 'product_name': "Ella's Kitchen Apples Carrots Plus Parsnips 120G", 'product_price': '£ 1.10', 'product_additionals': '£9.17/kg'}, {'shop': 'tesco', 'url': 'https://www.tesco.com/groceries/en-GB/products/292759888', 'product_name': "Ella's Kitchen Carrot & Lentil Sticks 4X15g", 'product_price': '£ 2.00', 'product_additionals': '£33.34/kg'}, {'shop': 'tesco', 'url': 'https://www.tesco.com/groceries/en-GB/products/301892109', 'product_name': "Ella's Kitchen Carrot Plus Sweet Potato Rice Cakes 40G", 'product_price': '£ 1.00', 'product_additionals': '£25.00/kg'}, {'shop': 'tesco', 'url': 'https://www.tesco.com/groceries/en-GB/products/282247403', 'product_name': "Ella's Kitchen Carrots 70G", 'product_price': '£ 0.80', 'product_additionals': '£1.15/100g'}, {'shop': 'tesco', 'url': 'https://www.tesco.com/groceries/en-GB/products/278043114', 'product_name': "Ella's Kitchen Carrots Peas Pears Stage 1 X 120G", 'product_price': '£ 1.10', 'product_additionals': '£0.92/100g'}, {'shop': 'asda', 'url': 'https://groceries.asda.com/product/1000000470327', 'product_name': "Ella's Kitchen Organic Apples, Carrots and Parsnips Baby Pouch 4+ Months", 'product_price': '£1.05', 'product_additionals': 'No weight data'}, {'shop': 'tesco', 'url': 'https://www.tesco.com/groceries/en-GB/products/305038028', 'product_name': "Ella's Kitchen Organic Carrot & Parsnip Mini Puffs 4X8g", 'product_price': '£ 2.00', 'product_additionals': '£62.50/kg'}, {'shop': 'asda', 'url': 'https://groceries.asda.com/product/910002660890', 'product_name': "Ella's Kitchen Organic Carrot and Lentil Crunchy Sticks Multipack Snack 12+ Months", 'product_price': '£2.00', 'product_additionals': 'No weight data'}, {'shop': 'asda', 'url': 'https://groceries.asda.com/product/910002650135', 'product_name': "Ella's Kitchen Organic Carrot and Parsnip Melty Puffs Baby Snack 6+ Months", 'product_price': '£0.75', 'product_additionals': 'No weight data'}, {'shop': 'asda', 'url': 'https://groceries.asda.com/product/1000201691471', 'product_name': "Ella's Kitchen Organic Carrot and Parsnips Mini Puffs Multipack Baby Snack 10+ Months", 'product_price': '£2.00', 'product_additionals': 'No weight data'}, {'shop': 'asda', 'url': 'https://groceries.asda.com/product/1000054991340', 'product_name': "Ella's Kitchen Organic Carrot and Sweet Potato Rice Cakes Baby Snack 7+ Months", 'product_price': '£1.00', 'product_additionals': 'No weight data'}, {'shop': 'asda', 'url': 'https://groceries.asda.com/product/910001268269', 'product_name': "Ella's Kitchen Organic Carrots First Tates Baby Pouch 4+ Months", 'product_price': '£0.90', 'product_additionals': 'No weight data'}, {'shop': 'sains', 'url': 'https://www.sainsburys.co.uk/shop/gb/groceries/product/details/price-lock-baby-toddler/ellas-kitchen-carrots--peas--kale-from-4-months-120g', 'product_name': "Ella's Kitchen Organic Carrots, Peas and Kale Baby Pouch 4+ Months 120g", 'product_price': '£1.00', 'product_additionals': '83p / 100g'}, {'shop': 'tesco', 'url': 'https://www.tesco.com/groceries/en-GB/products/266901949', 'product_name': "Ella's Kitchen Organic Sweet Potato Broccoli & Carrot 120G", 'product_price': '£ 1.10', 'product_additionals': '£9.17/kg'}, {'shop': 'asda', 'url': 'https://groceries.asda.com/product/910000284403', 'product_name': "Ella's Kitchen Organic Sweet Potatoes, Broccoli and Carrots Baby Pouch 4+ Months", 'product_price': '£1.05', 'product_additionals': 'No weight data'}, {'shop': 'sains', 'url': 'https://www.sainsburys.co.uk/shop/gb/groceries/product/details/all-price-lock/ellas-sweet-potato--broccoli---carrots-120g', 'product_name': "Ella's Kitchen Organic Sweet Potatoes, Broccoli and Carrots Baby Pouch 4+ Months 120g", 'product_price': '£1.00', 'product_additionals': '83p / 100g'}, {'shop': 'sains', 'url': 'https://www.sainsburys.co.uk/shop/gb/groceries/product/details/price-lock-baby-toddler/ellas-sweet-potato--broccoli---carrots-120g', 'product_name': "Ella's Kitchen Organic Sweet Potatoes, Broccoli and Carrots Baby Pouch 4+ Months 120g", 'product_price': '£1.00', 'product_additionals': '83p / 100g'}, {'shop': 'asda', 'url': 'https://groceries.asda.com/product/910003251033', 'product_name': "Ella's Kitchen Organic Sweetcorn and Carrot Melty Sticks Baby Snack 7+ Months", 'product_price': '£0.75', 'product_additionals': 'No weight data'}, {'shop': 'tesco', 'url': 'https://www.tesco.com/groceries/en-GB/products/295460510', 'product_name': "Ella's Kitchen Parsnip & Carrot Melty Puffs 20G", 'product_price': '£ 0.70', 'product_additionals': '£3.50/100g'}, {'shop': 'asda', 'url': 'https://groceries.asda.com/product/1000243014228', 'product_name': "Ella's Kitchen Sweetcorn + Carrot Melty Sticks from 7+ Months", 'product_price': '£1.70', 'product_additionals': 'No weight data'}, {'shop': 'tesco', 'url': 'https://www.tesco.com/groceries/en-GB/products/302489950', 'product_name': "Ella's Kitchen Sweetcorn Plus Carrot Melty Sticks 17G", 'product_price': '£ 1.00', 'product_additionals': '£58.83/kg'}, {'shop': 'asda', 'url': 'https://groceries.asda.com/product/1000065970619', 'product_name': 'Fibre One 90 Calorie Carrot Cake Bars', 'product_price': '£2.50', 'product_additionals': '(£2.60/100g)'}, {'shop': 'tesco', 'url': 'https://www.tesco.com/groceries/en-GB/products/301692232', 'product_name': 'Fibre One Cake Bars Carrot Cake 4 X 25G', 'product_price': '£ 2.89', 'product_additionals': '£2.89/100g'}, {'shop': 'sains', 'url': 'https://www.sainsburys.co.uk/shop/gb/groceries/product/details/vegetarian-food/free-easy-organic-carrot-coconut-soup-400g', 'product_name': 'Free & Easy Organic Carrot & Coconut Soup 400g', 'product_price': '£1.75', 'product_additionals': '44p / 100g'}, {'shop': 'asda', 'url': 'https://groceries.asda.com/product/1000219746238', 'product_name': 'Free and Easy Gluten & Dairy Free Carrot Cake Mix', 'product_price': '£3.75', 'product_additionals': 'No weight data'}, {'shop': 'tesco', 'url': 'https://www.tesco.com/groceries/en-GB/products/262805488', 'product_name': 'Fresh & Easy Carrot, Cauliflower & Broccoli 305G', 'product_price': '£ 1.25', 'product_additionals': '£4.10/kg'}, {'shop': 'sains', 'url': 'https://www.sainsburys.co.uk/shop/gb/groceries/product/details/special-offers-462352-44/glorious!-reviving-carrot--butternut---ginger-soup-600g', 'product_name': 'Glorious! Reviving Carrot, Butternut & Ginger Soup 600g', 'product_price': '£1.50', 'product_additionals': '25p / 100g'}, {'shop': 'tesco', 'url': 'https://www.tesco.com/groceries/en-GB/products/288090094', 'product_name': 'Go Cat Kitten Chicken & Carrot & Milk 825G', 'product_price': '£ 2.25', 'product_additionals': '£2.73/kg'}, {'shop': 'asda', 'url': 'https://groceries.asda.com/product/1000071331582', 'product_name': 'Good Boy Meaty Treaty Chewy Chicken & Carrot Sticks Dog Treats', 'product_price': '£2.00', 'product_additionals': 'No weight data'}, {'shop': 'asda', 'url': 'https://groceries.asda.com/product/1000210049336', 'product_name': 'Good Boy Meaty Treaty Chewy Chicken with Carrot Sticks Dog Treats', 'product_price': '£5.00', 'product_additionals': 'No weight data'}, {'shop': 'asda', 'url': 'https://groceries.asda.com/product/1000141232988', 'product_name': 'Good Boy Meaty Treaty Chewy Duck & Carrot Sticks', 'product_price': '£2.00', 'product_additionals': 'No weight data'}, {'shop': 'sains', 'url': 'https://www.sainsburys.co.uk/shop/gb/groceries/product/details/new-355373-44/good-boy-mega-chkn-carrot-sticks-100g', 'product_name': 'Good Boy Pawsley & Co Mega Chewy Chicken with Carrot Stick Dog Treats 100g', 'product_price': '£2.00', 'product_additionals': '£20.00 / kg'}, {'shop': 'sains', 'url': 'https://www.sainsburys.co.uk/shop/gb/groceries/product/details/all-price-lock/heinz-7-months-first-steps-multigrain-with-carrot-sweetcorn-cheese-200g', 'product_name': 'Heinz 7+ Months First Steps Multigrain with Carrot, Sweetcorn & Cheese 200g', 'product_price': '£2.65', 'product_additionals': '£1.33 / 100g'}, {'shop': 'asda', 'url': 'https://groceries.asda.com/product/1000246462072', 'product_name': 'Heinz Apple, Carrot & Mango Fruit Pouch 6+ Months', 'product_price': '£0.80', 'product_additionals': 'No weight data'}, {'shop': 'asda', 'url': 'https://groceries.asda.com/product/1000195178698', 'product_name': 'Heinz By Nature Carrot, Potato & Courgette 6+ Months', 'product_price': '£0.65', 'product_additionals': 'No weight data'}, {'shop': 'asda', 'url': 'https://groceries.asda.com/product/910000441424', 'product_name': 'Heinz Carrot & Coriander Soup', 'product_price': '£0.95', 'product_additionals': '(23.8p/100g)'}, {'shop': 'sains', 'url': 'https://www.sainsburys.co.uk/shop/gb/groceries/product/details/price-lock-food-cupboard/heinz-classics--carrot---coriander-400g', 'product_name': 'Heinz Classics, Carrot & Coriander 400g', 'product_price': '80p', 'product_additionals': '20p / 100g'}, {'shop': 'tesco', 'url': 'https://www.tesco.com/groceries/en-GB/products/301892180', 'product_name': 'Heinz First Steps Multigrain Carrot Sweetcorn Cheese 200G', 'product_price': '£ 3.00', 'product_additionals': '£15.00/kg'}, {'shop': 'asda', 'url': 'https://groceries.asda.com/product/1000061357201', 'product_name': 'Heinz First Steps Multigrain with Carrot, Sweetcorn & Cheese 7+ Months', 'product_price': '£2.95', 'product_additionals': 'No weight data'}, {'shop': 'sains', 'url': 'https://www.sainsburys.co.uk/shop/gb/groceries/product/details/price-lock-baby-toddler/heinz-so-yummy-carrot-straws-1-year-5x15g', 'product_name': 'Heinz So Yummy Carrot Straws 1 Year+ 5x15g', 'product_price': '£1.65', 'product_additionals': '£2.20 / 100g'}, {'shop': 'asda', 'url': 'https://groceries.asda.com/product/1000172735685', 'product_name': 'Heinz So Yummy Carrot Straws 12+ Months', 'product_price': '£1.50', 'product_additionals': 'No weight data'}, {'shop': 'tesco', 'url': 'https://www.tesco.com/groceries/en-GB/products/254998397', 'product_name': 'Heinz Weight Watchers Carrot & Lentil Soup 295G', 'product_price': '£ 0.49', 'product_additionals': '£0.17/100g'}, {'shop': 'asda', 'url': 'https://groceries.asda.com/product/21955', 'product_name': 'HiPP Carrots Cauliflower & Peas Baby Food Jar 4+ Months', 'product_price': '£0.70', 'product_additionals': 'No weight data'}, {'shop': 'tesco', 'url': 'https://www.tesco.com/groceries/en-GB/products/305524599', 'product_name': 'Innocent Kids Pineapple Apple & Carrot 4X150ml', 'product_price': '£ 3.00', 'product_additionals': '£0.50/100ml'}, {'shop': 'asda', 'url': 'https://groceries.asda.com/product/910001451520', 'product_name': 'James White British Carrot Juice', 'product_price': '£1.99', 'product_additionals': '(26.5p/100ml)'}, {'shop': 'tesco', 'url': 'https://www.tesco.com/groceries/en-GB/products/278084946', 'product_name': 'James White British Carrot Juice 75Cl', 'product_price': '£ 1.99', 'product_additionals': '£0.27/100ml'}, {'shop': 'tesco', 'url': 'https://www.tesco.com/groceries/en-GB/products/305868353', 'product_name': "Kellogg's Wkk Kids Strawbrry Apple & Carrot 350G", 'product_price': '£ 3.00', 'product_additionals': '£8.58/kg'}, {'shop': 'aldi', 'url': 'https://www.aldi.co.uk/kevin-the-carrot-need-for-swede-book/p/708939423065500', 'product_name': 'Kevin The Carrot Need for Swede Book', 'product_price': '2.99', 'product_additionals': ''}, {'shop': 'tesco', 'url': 'https://www.tesco.com/groceries/en-GB/products/305250375', 'product_name': 'Kiddylicious Apple & Carrot Rice Crispy Sticks 6 X 10G', 'product_price': '£ 2.75', 'product_additionals': '£45.84/kg'}, {'shop': 'asda', 'url': 'https://groceries.asda.com/product/1000211461098', 'product_name': "Kirsty's Luxury Vegan Carrot Cake", 'product_price': '£2.50', 'product_additionals': 'No weight data'}, {'shop': 'tesco', 'url': 'https://www.tesco.com/groceries/en-GB/products/279842342', 'product_name': 'Kubus Apple Banana Carrot & Strawberry Mousse 100G', 'product_price': '£ 0.55', 'product_additionals': '£0.55/100g'}, {'shop': 'tesco', 'url': 'https://www.tesco.com/groceries/en-GB/products/300413139', 'product_name': 'Kubus Carrot Banana & Apple 100% Juice 900Ml', 'product_price': '£ 1.20', 'product_additionals': '£0.13/100ml'}, {'shop': 'tesco', 'url': 'https://www.tesco.com/groceries/en-GB/products/300413174', 'product_name': 'Kubus Carrot Raspberry & Apple 100% Juice 900Ml', 'product_price': '£ 1.20', 'product_additionals': '£0.13/100ml'}, {'shop': 'asda', 'url': 'https://groceries.asda.com/product/910000332961', 'product_name': 'Kubus Carrot, Apple & Raspberry Multifruit Juice Drink', 'product_price': '£1.10', 'product_additionals': '(12.2p/100ml)'}, {'shop': 'asda', 'url': 'https://groceries.asda.com/product/910000332521', 'product_name': 'Kubus Carrot, Banana, Apple Multifruit Juice Drink', 'product_price': '£1.10', 'product_additionals': '(12.2p/100ml)'}, {'shop': 'sains', 'url': 'https://www.sainsburys.co.uk/shop/gb/groceries/product/details/all-organic-/little-freddie-organic-carrot--pumpkin---quinoa-puffs-7-months-20g-7958138-p', 'product_name': 'Little Freddie Organic Carrot, Pumpkin & Quinoa Puffs +7 Months 20g', 'product_price': '85p', 'product_additionals': '£4.25 / 100g'}, {'shop': 'sains', 'url': 'https://www.sainsburys.co.uk/shop/gb/groceries/product/details/all-future-brands/little-freddie-organic-flavoursome-carrot-pumpkin-pea-pear-stage-1-4m-smooth-100g', 'product_name': 'Little Freddie Organic Flavoursome Carrot, Pumpkin, Pea & Pear Stage 1 +4m Smooth 100g', 'product_price': '£1.25', 'product_additionals': '£1.25 / 100g'}, {'shop': 'tesco', 'url': 'https://www.tesco.com/groceries/en-GB/products/305430018', 'product_name': 'Little Roots Crunchy Corn & Carrot Chunks 200G', 'product_price': '£ 2.50', 'product_additionals': '£12.50/kg'}, {'shop': 'sains', 'url': 'https://www.sainsburys.co.uk/shop/gb/groceries/product/details/all-ready-meals-/mash-direct-carrot---parsnip-mash-400g', 'product_name': 'Mash Direct Carrot & Parsnip Mash 400g', 'product_price': '£1.50', 'product_additionals': '£3.75 / kg'}, {'shop': 'asda', 'url': 'https://groceries.asda.com/product/1000219746276', 'product_name': 'Mr Kipling 6 Carrot Cake Slices', 'product_price': '£1.00', 'product_additionals': '(16.7p/each)'}, {'shop': 'tesco', 'url': 'https://www.tesco.com/groceries/en-GB/products/305966899', 'product_name': 'Mr Kipling Carrot Cake Slices 6 Pack', 'product_price': '£ 1.00', 'product_additionals': '£0.17/each'}, {'shop': 'tesco', 'url': 'https://www.tesco.com/groceries/en-GB/products/293316340', 'product_name': 'Nakd Carrot Cake 35G Multipack', 'product_price': '£ 2.50', 'product_additionals': '£1.79/100g'}, {'shop': 'asda', 'url': 'https://groceries.asda.com/product/1000014119253', 'product_name': 'Nakd Carrot Cake Fruit & Nut Bar', 'product_price': '£1.50', 'product_additionals': 'No weight data'}, {'shop': 'aldi', 'url': 'https://www.aldi.co.uk/nature%27s-pick-chantenay-carrots/p/087425258080700', 'product_name': "Nature's Pick Chantenay Carrots", 'product_price': '0.69', 'product_additionals': '£1.38 per kg'}, {'shop': 'sains', 'url': 'https://www.sainsburys.co.uk/shop/gb/groceries/product/details/simple-meals/new-covent-garden-carrot---coriander-soup-600g', 'product_name': 'New Covent Garden Carrot & Coriander Soup 560g', 'product_price': '£2.00', 'product_additionals': '36p / 100g'}, {'shop': 'tesco', 'url': 'https://www.tesco.com/groceries/en-GB/products/307734514', 'product_name': 'New Covent Garden Soup Co Carrot & Coriander Soup 560G', 'product_price': '£ 1.65', 'product_additionals': '£0.30/100g'}, {'shop': 'tesco', 'url': 'https://www.tesco.com/groceries/en-GB/products/256687445', 'product_name': 'Organic Carrots 700G', 'product_price': '£ 1.00', 'product_additionals': '£1.43/kg'}, {'shop': 'tesco', 'url': 'https://www.tesco.com/groceries/en-GB/products/261476025', 'product_name': 'Organix 12 Month Goodies Carrot Cake Bar 6X30g', 'product_price': '£ 2.50', 'product_additionals': '£1.39/100g'}, {'shop': 'tesco', 'url': 'https://www.tesco.com/groceries/en-GB/products/302282416', 'product_name': 'Organix 6Months+ Carrot Sweetcorn & Butternut 120G', 'product_price': '£ 1.10', 'product_additionals': '£9.17/kg'}, {'shop': 'tesco', 'url': 'https://www.tesco.com/groceries/en-GB/products/302306373', 'product_name': 'Organix 6Months+ Just Carrot & Quinoa 120G', 'product_price': '£ 1.10', 'product_additionals': '£9.17/kg'}, {'shop': 'asda', 'url': 'https://groceries.asda.com/product/37913973', 'product_name': 'Organix Carrot Cake Soft Oaty Bars 12+ Months', 'product_price': '£2.00', 'product_additionals': 'No weight data'}, {'shop': 'asda', 'url': 'https://groceries.asda.com/product/24371398', 'product_name': 'Organix Carrot Stix - Goodies Organic 10+ Months', 'product_price': '£1.80', 'product_additionals': 'No weight data'}, {'shop': 'tesco', 'url': 'https://www.tesco.com/groceries/en-GB/products/260827874', 'product_name': 'Organix Carrot Stix Multi Pack 4X15g', 'product_price': '£ 1.60', 'product_additionals': '£26.67/kg'}, {'shop': 'asda', 'url': 'https://groceries.asda.com/product/910001089324', 'product_name': 'Organix Finger Foods Carrot Sticks 6+ Months', 'product_price': '£0.50', 'product_additionals': 'No weight data'}, {'shop': 'asda', 'url': 'https://groceries.asda.com/product/910003258788', 'product_name': 'Organix Finger Foods Carrot Sticks 7+ Months', 'product_price': '£2.08', 'product_additionals': 'No weight data'}, {'shop': 'tesco', 'url': 'https://www.tesco.com/groceries/en-GB/products/301892894', 'product_name': 'Organix Goodies Carrot Cake Bars 12X30g', 'product_price': '£ 4.50', 'product_additionals': '£12.50/kg'}, {'shop': 'tesco', 'url': 'https://www.tesco.com/groceries/en-GB/products/302312117', 'product_name': 'Organix Just Sweetcorn Carrot Chickpea & Rapseed Oil 190G', 'product_price': '£ 1.30', 'product_additionals': '£6.85/kg'}, {'shop': 'tesco', 'url': 'https://www.tesco.com/groceries/en-GB/products/258904138', 'product_name': 'Organix Melty Carrot Puffs 20G', 'product_price': '£ 0.60', 'product_additionals': '£30.00/kg'}, {'shop': 'tesco', 'url': 'https://www.tesco.com/groceries/en-GB/products/298648820', 'product_name': 'Organix Melty Carrot Puffs Multipack 4X18g', 'product_price': '£ 2.08', 'product_additionals': '£28.89/kg'}, {'shop': 'tesco', 'url': 'https://www.tesco.com/groceries/en-GB/products/260622839', 'product_name': 'Rotastak 3 Carrot Nibble Sticks 95G', 'product_price': '£ 1.15', 'product_additionals': '£12.11/kg'}, {'shop': 'asda', 'url': 'https://groceries.asda.com/product/482208', 'product_name': 'Rotastak Treat Carrot Nibble Sticks', 'product_price': '£1.00', 'product_additionals': '(£1.00/each)'}, {'shop': 'sains', 'url': 'https://www.sainsburys.co.uk/shop/gb/groceries/product/details/baby-vegetables/sainsburys-broccoli--baby-corn--carrots---sugar-snap-peas-240g', 'product_name': "Sainsbury's Broccoli, Baby Corn, Carrots & Sugar Snap Peas 240g", 'product_price': '£1.50', 'product_additionals': '£6.25 / kg'}, {'shop': 'sains', 'url': 'https://www.sainsburys.co.uk/shop/gb/groceries/product/details/all-organic-/sainsburys-bunched-carrots--so-organic-400g', 'product_name': "Sainsbury's Bunched Carrots, SO Organic 400g", 'product_price': '£1.50', 'product_additionals': '£3.75 / kg'}, {'shop': 'sains', 'url': 'https://www.sainsburys.co.uk/shop/gb/groceries/product/details/all-vegetables/sainsburys-carrot---swede-mash-450g', 'product_name': "Sainsbury's Carrot & Swede Mash 400g", 'product_price': '£1.20', 'product_additionals': '£3.00 / kg'}, {'shop': 'sains', 'url': 'https://www.sainsburys.co.uk/shop/gb/groceries/product/details/all-vegetables/sainsburys-carrot---swede-potato-mash-400g', 'product_name': "Sainsbury's Carrot & Swede Potato Mash 400g", 'product_price': '£1.00', 'product_additionals': '£2.50 / kg'}, {'shop': 'sains', 'url': 'https://www.sainsburys.co.uk/shop/gb/groceries/product/details/baby-vegetables/sainsburys-carrot-batons-400g', 'product_name': "Sainsbury's Carrot Batons 400g", 'product_price': '£1.00', 'product_additionals': '£2.50 / kg'}, {'shop': 'sains', 'url': 'https://www.sainsburys.co.uk/shop/gb/groceries/product/details/easterlunch/sainsburys-carrot-batons-400g', 'product_name': "Sainsbury's Carrot Batons 400g", 'product_price': '£1.00', 'product_additionals': '£2.50 / kg'}, {'shop': 'sains', 'url': 'https://www.sainsburys.co.uk/shop/gb/groceries/product/details/eat-the-rainbow/sainsburys-carrot-batons-400g', 'product_name': "Sainsbury's Carrot Batons 400g", 'product_price': '£1.00', 'product_additionals': '£2.50 / kg'}, {'shop': 'sains', 'url': 'https://www.sainsburys.co.uk/shop/gb/groceries/product/details/all-prepared-fruit--veg---salad/sainsburys-carrot--cauliflower---broccoli-240g', 'product_name': "Sainsbury's Carrot, Cauliflower & Broccoli 240g", 'product_price': '£1.00', 'product_additionals': '£4.17 / kg'}, {'shop': 'sains', 'url': 'https://www.sainsburys.co.uk/shop/gb/groceries/product/details/baby-vegetables/sainsburys-carrot--cauliflower---broccoli-240g', 'product_name': "Sainsbury's Carrot, Cauliflower & Broccoli 240g", 'product_price': '£1.00', 'product_additionals': '£4.17 / kg'}, {'shop': 'sains', 'url': 'https://www.sainsburys.co.uk/shop/gb/groceries/product/details/special-offers-/sainsburys-carrot--cauliflower---broccoli-480g', 'product_name': "Sainsbury's Carrot, Cauliflower & Broccoli 480g", 'product_price': '£1.80', 'product_additionals': '£3.75 / kg'}, {'shop': 'sains', 'url': 'https://www.sainsburys.co.uk/shop/gb/groceries/product/details/baby-vegetables/sainsburys-carrot--cauliflower---broccoli-480g', 'product_name': "Sainsbury's Carrot, Cauliflower & Broccoli 480g", 'product_price': '£1.80', 'product_additionals': '£3.75 / kg'}, {'shop': 'sains', 'url': 'https://www.sainsburys.co.uk/shop/gb/groceries/product/details/all-vegetables/sainsburys-carrots---peas-480g', 'product_name': "Sainsbury's Carrots & Peas 480g", 'product_price': '£1.00', 'product_additionals': '£2.08 / kg'}, {'shop': 'sains', 'url': 'https://www.sainsburys.co.uk/shop/gb/groceries/product/details/special-offers-/sainsburys-carrots---peas-480g', 'product_name': "Sainsbury's Carrots & Peas 480g", 'product_price': '£1.00', 'product_additionals': '£2.08 / kg'}, {'shop': 'sains', 'url': 'https://www.sainsburys.co.uk/shop/gb/groceries/product/details/baby-vegetables/sainsburys-carrots---peas-480g', 'product_name': "Sainsbury's Carrots & Peas 480g", 'product_price': '£1.00', 'product_additionals': '£2.08 / kg'}, {'shop': 'sains', 'url': 'https://www.sainsburys.co.uk/shop/gb/groceries/product/details/discover-build-a-roast/sainsburys-carrots-1kg', 'product_name': "Sainsbury's Carrots 1kg", 'product_price': '41p', 'product_additionals': '41p / kg'}, {'shop': 'sains', 'url': 'https://www.sainsburys.co.uk/shop/gb/groceries/product/details/make-a-smoothie/sainsburys-carrots-1kg', 'product_name': "Sainsbury's Carrots 1kg", 'product_price': '41p', 'product_additionals': '41p / kg'}, {'shop': 'sains', 'url': 'https://www.sainsburys.co.uk/shop/gb/groceries/product/details/fruit-veg-bigger-packs/sainsburys-carrots-1kg', 'product_name': "Sainsbury's Carrots 1kg", 'product_price': '41p', 'product_additionals': '41p / kg'}, {'shop': 'sains', 'url': 'https://www.sainsburys.co.uk/shop/gb/groceries/product/details/bigger-packs-/sainsburys-carrots-1kg', 'product_name': "Sainsbury's Carrots 1kg", 'product_price': '41p', 'product_additionals': '41p / kg'}, {'shop': 'sains', 'url': 'https://www.sainsburys.co.uk/shop/gb/groceries/product/details/build-a-stir-fry-with-amoy/sainsburys-carrots-1kg', 'product_name': "Sainsbury's Carrots 1kg", 'product_price': '41p', 'product_additionals': '41p / kg'}, {'shop': 'sains', 'url': 'https://www.sainsburys.co.uk/shop/gb/groceries/product/details/all-vegetables/sainsburys-carrots-500g', 'product_name': "Sainsbury's Carrots 500g", 'product_price': '35p', 'product_additionals': '70p / kg'}, {'shop': 'sains', 'url': 'https://www.sainsburys.co.uk/shop/gb/groceries/product/details/loose-produce/sainsburys-carrots-loose', 'product_name': "Sainsbury's Carrots Loose", 'product_price': '41p / kg', 'product_additionals': '41p / kg'}, {'shop': 'sains', 'url': 'https://www.sainsburys.co.uk/shop/gb/groceries/product/details/first-shop-essentials/sainsburys-carrots-loose', 'product_name': "Sainsbury's Carrots Loose", 'product_price': '41p / kg', 'product_additionals': '41p / kg'}, {'shop': 'sains', 'url': 'https://www.sainsburys.co.uk/shop/gb/groceries/product/details/all-vegetables/sainsburys-carrots--so-organic-750g', 'product_name': "Sainsbury's Carrots, SO Organic 750g", 'product_price': '£1.25', 'product_additionals': '£1.67 / kg'}, {'shop': 'sains', 'url': 'https://www.sainsburys.co.uk/shop/gb/groceries/product/details/carrots-root-vegetables/sainsburys-carrots--so-organic-750g', 'product_name': "Sainsbury's Carrots, SO Organic 750g", 'product_price': '£1.25', 'product_additionals': '£1.67 / kg'}, {'shop': 'sains', 'url': 'https://www.sainsburys.co.uk/shop/gb/groceries/product/details/eat-the-rainbow/sainsburys-carrots--so-organic-750g', 'product_name': "Sainsbury's Carrots, SO Organic 750g", 'product_price': '£1.25', 'product_additionals': '£1.67 / kg'}, {'shop': 'sains', 'url': 'https://www.sainsburys.co.uk/shop/gb/groceries/product/details/all-vegetables/sainsburys-chantenay-carrots-500g', 'product_name': "Sainsbury's Chantenay Carrots 500g", 'product_price': '90p', 'product_additionals': '£1.80 / kg'}, {'shop': 'sains', 'url': 'https://www.sainsburys.co.uk/shop/gb/groceries/product/details/carrots-root-vegetables/sainsburys-chantenay-carrots-500g', 'product_name': "Sainsbury's Chantenay Carrots 500g", 'product_price': '90p', 'product_additionals': '£1.80 / kg'}, {'shop': 'sains', 'url': 'https://www.sainsburys.co.uk/shop/gb/groceries/product/details/eat-the-rainbow/sainsburys-chantenay-carrots-500g', 'product_name': "Sainsbury's Chantenay Carrots 500g", 'product_price': '90p', 'product_additionals': '£1.80 / kg'}, {'shop': 'sains', 'url': 'https://www.sainsburys.co.uk/shop/gb/groceries/product/details/all-gluten-free-food-and-drink/sainsburys-gluten-free-carrot-cake-408g', 'product_name': "Sainsbury's Gluten Free Carrot Cake 408g", 'product_price': '£3.00', 'product_additionals': '86p / 100g'}, {'shop': 'sains', 'url': 'https://www.sainsburys.co.uk/shop/gb/groceries/product/details/top-sellers/greengrocer-carrots-1kg', 'product_name': "Sainsbury's Imperfectly Tasty Carrots 1kg", 'product_price': '35p', 'product_additionals': '35p / kg'}, {'shop': 'sains', 'url': 'https://www.sainsburys.co.uk/shop/gb/groceries/product/details/carrots-root-vegetables/sainsburys-on-the-go-carrot-batons-80g', 'product_name': "Sainsbury's On the Go Carrot Batons 80g", 'product_price': '70p', 'product_additionals': '70p / ea'}, {'shop': 'sains', 'url': 'https://www.sainsburys.co.uk/shop/gb/groceries/product/details/eat-the-rainbow/sainsburys-on-the-go-carrot-batons-80g', 'product_name': "Sainsbury's On the Go Carrot Batons 80g", 'product_price': '70p', 'product_additionals': '70p / ea'}, {'shop': 'sains', 'url': 'https://www.sainsburys.co.uk/shop/gb/groceries/product/details/all-vegetables/sainsburys-on-the-go-carrot-batons-80g', 'product_name': "Sainsbury's On the Go Carrot Batons 80g", 'product_price': '70p', 'product_additionals': '70p / ea'}, {'shop': 'sains', 'url': 'https://www.sainsburys.co.uk/shop/gb/groceries/product/details/carrots-root-vegetables/sainsburys-rainbow-carrots--taste-the-difference-450g', 'product_name': "Sainsbury's Rainbow Carrots 450g", 'product_price': '£1.50', 'product_additionals': '£3.33 / kg'}, {'shop': 'sains', 'url': 'https://www.sainsburys.co.uk/shop/gb/groceries/product/details/prepared-sides-vegetables/sainsburys-ready-prepared-mini-carrots-240g', 'product_name': "Sainsbury's Ready Prepared Mini Carrots 240g", 'product_price': '80p', 'product_additionals': '£3.33 / kg'}, {'shop': 'sains', 'url': 'https://www.sainsburys.co.uk/shop/gb/groceries/product/details/eat-more-fish/sainsburys-ready-prepared-mini-carrots-240g', 'product_name': "Sainsbury's Ready Prepared Mini Carrots 240g", 'product_price': '80p', 'product_additionals': '£3.33 / kg'}, {'shop': 'sains', 'url': 'https://www.sainsburys.co.uk/shop/gb/groceries/product/details/all-prepared-fruit--veg---salad/sainsburys-swede---carrot-600g', 'product_name': "Sainsbury's Swede & Carrot 600g", 'product_price': '80p', 'product_additionals': '£1.33 / kg'}, {'shop': 'sains', 'url': 'https://www.sainsburys.co.uk/shop/gb/groceries/product/details/all-vegetables/sainsburys-sweet-spear-carrots--taste-the-difference-450g', 'product_name': "Sainsbury's Sweet Spear Carrots 450g", 'product_price': '£1.50', 'product_additionals': '£3.33 / kg'}, {'shop': 'sains', 'url': 'https://www.sainsburys.co.uk/shop/gb/groceries/product/details/carrots-root-vegetables/sainsburys-sweet-spear-carrots--taste-the-difference-450g', 'product_name': "Sainsbury's Sweet Spear Carrots 450g", 'product_price': '£1.50', 'product_additionals': '£3.33 / kg'}, {'shop': 'tesco', 'url': 'https://www.tesco.com/groceries/en-GB/products/307366615', 'product_name': 'Strong Roots Broccoli & Purple Carrot Bites 306G', 'product_price': '£ 2.95', 'product_additionals': '£9.65/kg'}, {'shop': 'tesco', 'url': 'https://www.tesco.com/groceries/en-GB/products/303174975', 'product_name': 'Tesco 12 Beef Carrot & Onion Meatballs 336G', 'product_price': '£ 2.25', 'product_additionals': '£6.70/kg'}, {'shop': 'tesco', 'url': 'https://www.tesco.com/groceries/en-GB/products/303174952', 'product_name': 'Tesco 4 Beef, Carrot & Onion Burger 454G', 'product_price': '£ 2.50', 'product_additionals': '£5.51/kg'}, {'shop': 'tesco', 'url': 'https://www.tesco.com/groceries/en-GB/products/271223759', 'product_name': 'Tesco 4 Steam Bag Carrots Broccoli & Sweetcorn 640G', 'product_price': '£ 1.75', 'product_additionals': '£2.74/kg'}, {'shop': 'tesco', 'url': 'https://www.tesco.com/groceries/en-GB/products/303174704', 'product_name': 'Tesco 5% Lean Beef, Carrot & Onion Mince 500G', 'product_price': '£ 3.00', 'product_additionals': '£6.00/kg'}, {'shop': 'tesco', 'url': 'https://www.tesco.com/groceries/en-GB/products/258434621', 'product_name': 'Tesco Baby Carrots 200G Class 1 Pm', 'product_price': '£ 1.20', 'product_additionals': '£6.00/kg'}, {'shop': 'tesco', 'url': 'https://www.tesco.com/groceries/en-GB/products/259453337', 'product_name': 'Tesco Baby Carrots In Water 300G', 'product_price': '£ 0.40', 'product_additionals': '£2.06/kg DR.WT'}, {'shop': 'tesco', 'url': 'https://www.tesco.com/groceries/en-GB/products/299982590', 'product_name': 'Tesco Carrot & Swede Mash 450G', 'product_price': '£ 1.50', 'product_additionals': '£3.34/kg'}, {'shop': 'tesco', 'url': 'https://www.tesco.com/groceries/en-GB/products/301269106', 'product_name': 'Tesco Carrot Babyfood Pouch 70G', 'product_price': '£ 0.45', 'product_additionals': '£0.64/100g'}, {'shop': 'tesco', 'url': 'https://www.tesco.com/groceries/en-GB/products/252074226', 'product_name': 'Tesco Carrot Coriander Soup 600G', 'product_price': '£ 1.50', 'product_additionals': '£0.25/100g'}, {'shop': 'tesco', 'url': 'https://www.tesco.com/groceries/en-GB/products/301269187', 'product_name': 'Tesco Carrot Sweet Potato Swede Pouch 100G', 'product_price': '£ 0.65', 'product_additionals': '£0.65/100g'}, {'shop': 'tesco', 'url': 'https://www.tesco.com/groceries/en-GB/products/301217255', 'product_name': 'Tesco Carrot Sweetcorn & Peas Layered Vegetable 355G', 'product_price': '£ 1.50', 'product_additionals': '£4.23/kg'}, {'shop': 'tesco', 'url': 'https://www.tesco.com/groceries/en-GB/products/305953125', 'product_name': 'Tesco Carrots 1Kg', 'product_price': '£ 0.40', 'product_additionals': '£0.40/kg'}, {'shop': 'tesco', 'url': 'https://www.tesco.com/groceries/en-GB/products/254638565', 'product_name': 'Tesco Carrots Loose', 'product_price': '£ 0.04', 'product_additionals': '£0.40/kg'}, {'shop': 'tesco', 'url': 'https://www.tesco.com/groceries/en-GB/products/279525234', 'product_name': 'Tesco Chantenay Carrots 500G', 'product_price': '£ 0.90', 'product_additionals': '£1.80/kg'}, {'shop': 'tesco', 'url': 'https://www.tesco.com/groceries/en-GB/products/289555718', 'product_name': 'Tesco Chantenay Carrots 600G', 'product_price': '£ 1.20', 'product_additionals': '£2.00/kg'}, {'shop': 'tesco', 'url': 'https://www.tesco.com/groceries/en-GB/products/305519433', 'product_name': 'Tesco Easter 2 Pack Carrot Cake Filled Muffins', 'product_price': '£ 1.50', 'product_additionals': '£0.75/each'}, {'shop': 'tesco', 'url': 'https://www.tesco.com/groceries/en-GB/products/253046846', 'product_name': 'Tesco Finest Carrot Cake', 'product_price': '£ 2.75', 'product_additionals': '£2.75/each'}, {'shop': 'tesco', 'url': 'https://www.tesco.com/groceries/en-GB/products/287938338', 'product_name': 'Tesco Finest Free From Carrot Cake', 'product_price': '£ 3.00', 'product_additionals': '£3.00/each'}, {'shop': 'tesco', 'url': 'https://www.tesco.com/groceries/en-GB/products/307154152', 'product_name': 'Tesco Finest Rainbow Carrots 450G', 'product_price': '£ 1.50', 'product_additionals': '£3.34/kg'}, {'shop': 'tesco', 'url': 'https://www.tesco.com/groceries/en-GB/products/264871629', 'product_name': 'Tesco Fresh & Easy Carrot Batons 600G', 'product_price': '£ 1.00', 'product_additionals': '£1.67/kg'}, {'shop': 'tesco', 'url': 'https://www.tesco.com/groceries/en-GB/products/292451013', 'product_name': 'Tesco Grated Carrot 200G', 'product_price': '£ 0.60', 'product_additionals': '£3.00/kg'}, {'shop': 'tesco', 'url': 'https://www.tesco.com/groceries/en-GB/products/296424875', 'product_name': 'Tesco Imperator Carrot 450G', 'product_price': '£ 1.50', 'product_additionals': '£3.34/kg'}, {'shop': 'tesco', 'url': 'https://www.tesco.com/groceries/en-GB/products/277941239', 'product_name': 'Tesco Mini Carrots 320G', 'product_price': '£ 0.85', 'product_additionals': '£2.66/kg'}, {'shop': 'tesco', 'url': 'https://www.tesco.com/groceries/en-GB/products/307143735', 'product_name': 'Tesco Organic Bunched Carrots 400G', 'product_price': '£ 1.50', 'product_additionals': '£3.75/kg'}, {'shop': 'tesco', 'url': 'https://www.tesco.com/groceries/en-GB/products/288458115', 'product_name': 'Tesco Peas & Carrots 300G', 'product_price': '£ 2.25', 'product_additionals': '£7.50/kg'}, {'shop': 'tesco', 'url': 'https://www.tesco.com/groceries/en-GB/products/305964008', 'product_name': 'Tesco Perfectly Imperfect Carrots 1.5Kg', 'product_price': '£ 0.53', 'product_additionals': '£0.35/kg'}, {'shop': 'tesco', 'url': 'https://www.tesco.com/groceries/en-GB/products/259453182', 'product_name': 'Tesco Petit Pois & Baby Carrots 340G Jar', 'product_price': '£ 0.75', 'product_additionals': '£3.41/kg DR.WT'}, {'shop': 'tesco', 'url': 'https://www.tesco.com/groceries/en-GB/products/264166324', 'product_name': 'Tesco Petits Pois & Baby Carrot In Water 200G', 'product_price': '£ 0.55', 'product_additionals': '£4.24/kg DR.WT'}, {'shop': 'tesco', 'url': 'https://www.tesco.com/groceries/en-GB/products/307748204', 'product_name': 'Tesco Plant Chef Carrot & Houmous 100G', 'product_price': '£ 1.00', 'product_additionals': '£1.00/100g'}, {'shop': 'tesco', 'url': 'https://www.tesco.com/groceries/en-GB/products/256228356', 'product_name': 'Tesco Sliced Carrots In Water 300G', 'product_price': '£ 0.30', 'product_additionals': '£1.88/kg DR.WT'}, {'shop': 'tesco', 'url': 'https://www.tesco.com/groceries/en-GB/products/264421725', 'product_name': 'Tesco Sliced Carrots Peeled & Cut 1Kg', 'product_price': '£ 1.00', 'product_additionals': '£1.00/kg'}, {'shop': 'tesco', 'url': 'https://www.tesco.com/groceries/en-GB/products/279627298', 'product_name': 'Tesco Tendersweet Carrots 150G', 'product_price': '£ 1.20', 'product_additionals': '£8.00/kg'}, {'shop': 'asda', 'url': 'https://groceries.asda.com/product/1000210251556', 'product_name': 'Tropical Vibes Mango & Carrot Juice', 'product_price': '£1.99', 'product_additionals': '(19.9p/100ml)'}, {'shop': 'asda', 'url': 'https://groceries.asda.com/product/39185500', 'product_name': 'Tymbark Multifruit Carrot Drink', 'product_price': '£1.80', 'product_additionals': '(90.0p/lt)'}, {'shop': 'asda', 'url': 'https://groceries.asda.com/product/1000192700063', 'product_name': 'W.K Kellogg Kids Strawberry, Apple & Carrot Multigrain Shapes Cereal', 'product_price': '£2.99', 'product_additionals': '(85.4p/100g)'}, {'shop': 'asda', 'url': 'https://groceries.asda.com/product/1000206331069', 'product_name': 'Webbox Chicken with Carrot Sticks Dog Treats', 'product_price': '£1.50', 'product_additionals': '(£18.75/kg)'}, {'shop': 'asda', 'url': 'https://groceries.asda.com/product/37515', 'product_name': 'Weight Watchers from Heinz Carrot & Lentil Soup', 'product_price': '£0.85', 'product_additionals': '(28.8p/100g)'}]


x[{'shop': 'tesco', 'url': 'https://www.tesco.com/groceries/en-GB/products/305966899', 'product_name': 'Mr Kipling Carrot Cake Slices 6 Pack', 'product_price': '£ 1.00', 'product_additionals': '£0.17/each'}, {'shop': 'tesco', 'url': 'https://www.tesco.com/groceries/en-GB/products/302203045', 'product_name': 'Baked With Love 12 Carrot Sugar Decorations', 'product_price': '£ 1.85', 'product_additionals': '£0.16/each'}, {'shop': 'tesco', 'url': 'https://www.tesco.com/groceries/en-GB/products/305519433', 'product_name': 'Tesco Easter 2 Pack Carrot Cake Filled Muffins', 'product_price': '£ 1.50', 'product_additionals': '£0.75/each'}, {'shop': 'asda', 'url': 'https://groceries.asda.com/product/482208', 'product_name': 'Rotastak Treat Carrot Nibble Sticks', 'product_price': '£1.00', 'product_additionals': '(£1.00/each)'}, {'shop': 'tesco', 'url': 'https://www.tesco.com/groceries/en-GB/products/253046846', 'product_name': 'Tesco Finest Carrot Cake', 'product_price': '£ 2.75', 'product_additionals': '£2.75/each'}, {'shop': 'asda', 'url': 'https://groceries.asda.com/product/533480', 'product_name': 'ASDA Extra Special Hand Finished Carrot Cake', 'product_price': '£1.85', 'product_additionals': '(£1.85/each)'}, {'shop': 'tesco', 'url': 'https://www.tesco.com/groceries/en-GB/products/287938338', 'product_name': 'Tesco Finest Free From Carrot Cake', 'product_price': '£ 3.00', 'product_additionals': '£3.00/each'}, {'shop': 'asda', 'url': 'https://groceries.asda.com/product/1000137744695', 'product_name': 'Baked With Love 12 Carrots Sugar Decorations', 'product_price': '£1.39', 'product_additionals': '(11.6p/each)'}, {'shop': 'asda', 'url': 'https://groceries.asda.com/product/1000219746276', 'product_name': 'Mr Kipling 6 Carrot Cake Slices', 'product_price': '£1.00', 'product_additionals': '(16.7p/each)'}, {'shop': 'tesco', 'url': 'https://www.tesco.com/groceries/en-GB/products/300413139', 'product_name': 'Kubus Carrot Banana & Apple 100% Juice 900Ml', 'product_price': '£ 1.20', 'product_additionals': '£0.13/100ml'}, {'shop': 'tesco', 'url': 'https://www.tesco.com/groceries/en-GB/products/300413174', 'product_name': 'Kubus Carrot Raspberry & Apple 100% Juice 900Ml', 'product_price': '£ 1.20', 'product_additionals': '£0.13/100ml'}, {'shop': 'tesco', 'url': 'https://www.tesco.com/groceries/en-GB/products/278084946', 'product_name': 'James White British Carrot Juice 75Cl', 'product_price': '£ 1.99', 'product_additionals': '£0.27/100ml'}, {'shop': 'tesco', 'url': 'https://www.tesco.com/groceries/en-GB/products/305524599', 'product_name': 'Innocent Kids Pineapple Apple & Carrot 4X150ml', 'product_price': '£ 3.00', 'product_additionals': '£0.50/100ml'}, {'shop': 'tesco', 'url': 'https://www.tesco.com/groceries/en-GB/products/271681734', 'product_name': 'Bobo Frut Apple Banana & Carrot Juice 300Ml', 'product_price': '£ 1.40', 'product_additionals': '£0.47/100ml'}, {'shop': 'asda', 'url': 'https://groceries.asda.com/product/1000210251556', 'product_name': 'Tropical Vibes Mango & Carrot Juice', 'product_price': '£1.99', 'product_additionals': '(19.9p/100ml)'}, {'shop': 'asda', 'url': 'https://groceries.asda.com/product/910000332521', 'product_name': 'Kubus Carrot, Banana, Apple Multifruit Juice Drink', 'product_price': '£1.10', 'product_additionals': '(12.2p/100ml)'}, {'shop': 'asda', 'url': 'https://groceries.asda.com/product/910000332961', 'product_name': 'Kubus Carrot, Apple & Raspberry Multifruit Juice Drink', 'product_price': '£1.10', 'product_additionals': '(12.2p/100ml)'}, {'shop': 'asda', 'url': 'https://groceries.asda.com/product/910002545264', 'product_name': 'Biona Organic Pressed Carrot Juice', 'product_price': '£3.01', 'product_additionals': '(30.1p/100ml)'}, {'shop': 'asda', 'url': 'https://groceries.asda.com/product/910001451520', 'product_name': 'James White British Carrot Juice', 'product_price': '£1.99', 'product_additionals': '(26.5p/100ml)'}, {'shop': 'tesco', 'url': 'https://www.tesco.com/groceries/en-GB/products/305953125', 'product_name': 'Tesco Carrots 1Kg', 'product_price': '£ 0.40', 'product_additionals': '£0.40/kg'}, {'shop': 'tesco', 'url': 'https://www.tesco.com/groceries/en-GB/products/254638565', 'product_name': 'Tesco Carrots Loose', 'product_price': '£ 0.04', 'product_additionals': '£0.40/kg'}, {'shop': 'tesco', 'url': 'https://www.tesco.com/groceries/en-GB/products/305964008', 'product_name': 'Tesco Perfectly Imperfect Carrots 1.5Kg', 'product_price': '£ 0.53', 'product_additionals': '£0.35/kg'}, {'shop': 'tesco', 'url': 'https://www.tesco.com/groceries/en-GB/products/256687445', 'product_name': 'Organic Carrots 700G', 'product_price': '£ 1.00', 'product_additionals': '£1.43/kg'}, {'shop': 'tesco', 'url': 'https://www.tesco.com/groceries/en-GB/products/264421725', 'product_name': 'Tesco Sliced Carrots Peeled & Cut 1Kg', 'product_price': '£ 1.00', 'product_additionals': '£1.00/kg'}, {'shop': 'asda', 'url': 'https://groceries.asda.com/product/910003087311', 'product_name': 'ASDA Grated Carrot', 'product_price': '£0.30', 'product_additionals': '(£2.00/kg)'}, {'shop': 'tesco', 'url': 'https://www.tesco.com/groceries/en-GB/products/279525234', 'product_name': 'Tesco Chantenay Carrots 500G', 'product_price': '£ 0.90', 'product_additionals': '£1.80/kg'}, {'shop': 'tesco', 'url': 'https://www.tesco.com/groceries/en-GB/products/289555718', 'product_name': 'Tesco Chantenay Carrots 600G', 'product_price': '£ 1.20', 'product_additionals': '£2.00/kg'}, {'shop': 'asda', 'url': 'https://groceries.asda.com/product/1000169694768', 'product_name': 'ASDA Sliced Carrots in Water', 'product_price': '£0.49', 'product_additionals': '(£2.04/kg)'}, {'shop': 'tesco', 'url': 'https://www.tesco.com/groceries/en-GB/products/264871629', 'product_name': 'Tesco Fresh & Easy Carrot Batons 600G', 'product_price': '£ 1.00', 'product_additionals': '£1.67/kg'}, {'shop': 'asda', 'url': 'https://groceries.asda.com/product/1000007948875', 'product_name': 'ASDA Carrots & Broccoli', 'product_price': '£1.25', 'product_additionals': '(£2.08/kg)'}, {'shop': 'asda', 'url': 'https://groceries.asda.com/product/1000001204736', 'product_name': 'ASDA Mini Carrots', 'product_price': '£0.80', 'product_additionals': '(£2.67/kg)'}, {'shop': 'asda', 'url': 'https://groceries.asda.com/product/910003092465', 'product_name': 'ASDA Carrots & Peas', 'product_price': '£0.75', 'product_additionals': '(£2.50/kg)'}, {'shop': 'tesco', 'url': 'https://www.tesco.com/groceries/en-GB/products/277941239', 'product_name': 'Tesco Mini Carrots 320G', 'product_price': '£ 0.85', 'product_additionals': '£2.66/kg'}, {'shop': 'tesco', 'url': 'https://www.tesco.com/groceries/en-GB/products/292451013', 'product_name': 'Tesco Grated Carrot 200G', 'product_price': '£ 0.60', 'product_additionals': '£3.00/kg'}, {'shop': 'tesco', 'url': 'https://www.tesco.com/groceries/en-GB/products/254998397', 'product_name': 'Heinz Weight Watchers Carrot & Lentil Soup 295G', 'product_price': '£ 0.49', 'product_additionals': '£0.17/100g'}, {'shop': 'tesco', 'url': 'https://www.tesco.com/groceries/en-GB/products/252074226', 'product_name': 'Tesco Carrot Coriander Soup 600G', 'product_price': '£ 1.50', 'product_additionals': '£0.25/100g'}, {'shop': 'tesco', 'url': 'https://www.tesco.com/groceries/en-GB/products/296424875', 'product_name': 'Tesco Imperator Carrot 450G', 'product_price': '£ 1.50', 'product_additionals': '£3.34/kg'}, {'shop': 'tesco', 'url': 'https://www.tesco.com/groceries/en-GB/products/299982590', 'product_name': 'Tesco Carrot & Swede Mash 450G', 'product_price': '£ 1.50', 'product_additionals': '£3.34/kg'}, {'shop': 'tesco', 'url': 'https://www.tesco.com/groceries/en-GB/products/307154152', 'product_name': 'Tesco Finest Rainbow Carrots 450G', 'product_price': '£ 1.50', 'product_additionals': '£3.34/kg'}, {'shop': 'tesco', 'url': 'https://www.tesco.com/groceries/en-GB/products/288090094', 'product_name': 'Go Cat Kitten Chicken & Carrot & Milk 825G', 'product_price': '£ 2.25', 'product_additionals': '£2.73/kg'}, {'shop': 'tesco', 'url': 'https://www.tesco.com/groceries/en-GB/products/307143735', 'product_name': 'Tesco Organic Bunched Carrots 400G', 'product_price': '£ 1.50', 'product_additionals': '£3.75/kg'}, {'shop': 'tesco', 'url': 'https://www.tesco.com/groceries/en-GB/products/271223759', 'product_name': 'Tesco 4 Steam Bag Carrots Broccoli & Sweetcorn 640G', 'product_price': '£ 1.75', 'product_additionals': '£2.74/kg'}, {'shop': 'asda', 'url': 'https://groceries.asda.com/product/910001072311', 'product_name': 'ASDA Carrot Cauliflower & Broccoli Medley', 'product_price': '£0.85', 'product_additionals': '(£2.83/kg)'}, {'shop': 'asda', 'url': 'https://groceries.asda.com/product/1000006993580', 'product_name': 'ASDA Baby Carrots & Petits Pois in Water', 'product_price': '£0.88', 'product_additionals': '(£3.32/kg)'}, {'shop': 'tesco', 'url': 'https://www.tesco.com/groceries/en-GB/products/267196446', 'product_name': 'Baxters Vegetarian Carrot & Coriander Soup 400G', 'product_price': '£ 1.15', 'product_additionals': '£0.29/100g'}, {'shop': 'asda', 'url': 'https://groceries.asda.com/product/910003092977', 'product_name': 'ASDA Broccoli, Carrots, Baby Corn & Green Beans', 'product_price': '£1.25', 'product_additionals': '(£3.57/kg)'}, {'shop': 'tesco', 'url': 'https://www.tesco.com/groceries/en-GB/products/267195653', 'product_name': 'Baxters Vegetarian Carrot & Butter Bean Soup 400G', 'product_price': '£ 1.15', 'product_additionals': '£0.29/100g'}, {'shop': 'tesco', 'url': 'https://www.tesco.com/groceries/en-GB/products/268323259', 'product_name': "Aunt Bessie's Mashed Carrot & Swede 500G", 'product_price': '£ 1.75', 'product_additionals': '£3.50/kg'}, {'shop': 'asda', 'url': 'https://groceries.asda.com/product/910002062117', 'product_name': 'Betty Crocker Country Carrot Cake Mix', 'product_price': '£1.99', 'product_additionals': '(£4.68/kg)'}, {'shop': 'tesco', 'url': 'https://www.tesco.com/groceries/en-GB/products/307734514', 'product_name': 'New Covent Garden Soup Co Carrot & Coriander Soup 560G', 'product_price': '£ 1.65', 'product_additionals': '£0.30/100g'}, {'shop': 'tesco', 'url': 'https://www.tesco.com/groceries/en-GB/products/288458115', 'product_name': 'Tesco Peas & Carrots 300G', 'product_price': '£ 2.25', 'product_additionals': '£7.50/kg'}, {'shop': 'tesco', 'url': 'https://www.tesco.com/groceries/en-GB/products/301269106', 'product_name': 'Tesco Carrot Babyfood Pouch 70G', 'product_price': '£ 0.45', 'product_additionals': '£0.64/100g'}, {'shop': 'tesco', 'url': 'https://www.tesco.com/groceries/en-GB/products/258434621', 'product_name': 'Tesco Baby Carrots 200G Class 1 Pm', 'product_price': '£ 1.20', 'product_additionals': '£6.00/kg'}, {'shop': 'tesco', 'url': 'https://www.tesco.com/groceries/en-GB/products/301217255', 'product_name': 'Tesco Carrot Sweetcorn & Peas Layered Vegetable 355G', 'product_price': '£ 1.50', 'product_additionals': '£4.23/kg'}, {'shop': 'tesco', 'url': 'https://www.tesco.com/groceries/en-GB/products/303174952', 'product_name': 'Tesco 4 Beef, Carrot & Onion Burger 454G', 'product_price': '£ 2.50', 'product_additionals': '£5.51/kg'}, {'shop': 'tesco', 'url': 'https://www.tesco.com/groceries/en-GB/products/262805488', 'product_name': 'Fresh & Easy Carrot, Cauliflower & Broccoli 305G', 'product_price': '£ 1.25', 'product_additionals': '£4.10/kg'}, {'shop': 'tesco', 'url': 'https://www.tesco.com/groceries/en-GB/products/279627298', 'product_name': 'Tesco Tendersweet Carrots 150G', 'product_price': '£ 1.20', 'product_additionals': '£8.00/kg'}, {'shop': 'tesco', 'url': 'https://www.tesco.com/groceries/en-GB/products/304724295', 'product_name': 'Dr Oetker Carrot Cake Traybake Kit 425G', 'product_price': '£ 2.30', 'product_additionals': '£5.42/kg'}, {'shop': 'tesco', 'url': 'https://www.tesco.com/groceries/en-GB/products/303174704', 'product_name': 'Tesco 5% Lean Beef, Carrot & Onion Mince 500G', 'product_price': '£ 3.00', 'product_additionals': '£6.00/kg'}, {'shop': 'tesco', 'url': 'https://www.tesco.com/groceries/en-GB/products/301269187', 'product_name': 'Tesco Carrot Sweet Potato Swede Pouch 100G', 'product_price': '£ 0.65', 'product_additionals': '£0.65/100g'}, {'shop': 'tesco', 'url': 'https://www.tesco.com/groceries/en-GB/products/303174975', 'product_name': 'Tesco 12 Beef Carrot & Onion Meatballs 336G', 'product_price': '£ 2.25', 'product_additionals': '£6.70/kg'}, {'shop': 'tesco', 'url': 'https://www.tesco.com/groceries/en-GB/products/282247403', 'product_name': "Ella's Kitchen Carrots 70G", 'product_price': '£ 0.80', 'product_additionals': '£1.15/100g'}, {'shop': 'tesco', 'url': 'https://www.tesco.com/groceries/en-GB/products/279842342', 'product_name': 'Kubus Apple Banana Carrot & Strawberry Mousse 100G', 'product_price': '£ 0.55', 'product_additionals': '£0.55/100g'}, {'shop': 'tesco', 'url': 'https://www.tesco.com/groceries/en-GB/products/302312117', 'product_name': 'Organix Just Sweetcorn Carrot Chickpea & Rapseed Oil 190G', 'product_price': '£ 1.30', 'product_additionals': '£6.85/kg'}, {'shop': 'tesco', 'url': 'https://www.tesco.com/groceries/en-GB/products/307748204', 'product_name': 'Tesco Plant Chef Carrot & Houmous 100G', 'product_price': '£ 1.00', 'product_additionals': '£1.00/100g'}, {'shop': 'tesco', 'url': 'https://www.tesco.com/groceries/en-GB/products/307345312', 'product_name': 'Birds Eye Green Cuisine Sweet Potato & Carrot Bites 450G', 'product_price': '£ 2.75', 'product_additionals': '£6.12/kg'}, {'shop': 'tesco', 'url': 'https://www.tesco.com/groceries/en-GB/products/261383169', 'product_name': "Ella's Kitchen Apples Carrots Plus Parsnips 120G", 'product_price': '£ 1.10', 'product_additionals': '£9.17/kg'}, {'shop': 'tesco', 'url': 'https://www.tesco.com/groceries/en-GB/products/278043114', 'product_name': "Ella's Kitchen Carrots Peas Pears Stage 1 X 120G", 'product_price': '£ 1.10', 'product_additionals': '£0.92/100g'}, {'shop': 'tesco', 'url': 'https://www.tesco.com/groceries/en-GB/products/307366615', 'product_name': 'Strong Roots Broccoli & Purple Carrot Bites 306G', 'product_price': '£ 2.95', 'product_additionals': '£9.65/kg'}, {'shop': 'tesco', 'url': 'https://www.tesco.com/groceries/en-GB/products/302306373', 'product_name': 'Organix 6Months+ Just Carrot & Quinoa 120G', 'product_price': '£ 1.10', 'product_additionals': '£9.17/kg'}, {'shop': 'tesco', 'url': 'https://www.tesco.com/groceries/en-GB/products/305868353', 'product_name': "Kellogg's Wkk Kids Strawbrry Apple & Carrot 350G", 'product_price': '£ 3.00', 'product_additionals': '£8.58/kg'}, {'shop': 'tesco', 'url': 'https://www.tesco.com/groceries/en-GB/products/266901949', 'product_name': "Ella's Kitchen Organic Sweet Potato Broccoli & Carrot 120G", 'product_price': '£ 1.10', 'product_additionals': '£9.17/kg'}, {'shop': 'tesco', 'url': 'https://www.tesco.com/groceries/en-GB/products/260622839', 'product_name': 'Rotastak 3 Carrot Nibble Sticks 95G', 'product_price': '£ 1.15', 'product_additionals': '£12.11/kg'}, {'shop': 'tesco', 'url': 'https://www.tesco.com/groceries/en-GB/products/302282416', 'product_name': 'Organix 6Months+ Carrot Sweetcorn & Butternut 120G', 'product_price': '£ 1.10', 'product_additionals': '£9.17/kg'}, {'shop': 'tesco', 'url': 'https://www.tesco.com/groceries/en-GB/products/305430018', 'product_name': 'Little Roots Crunchy Corn & Carrot Chunks 200G', 'product_price': '£ 2.50', 'product_additionals': '£12.50/kg'}, {'shop': 'asda', 'url': 'https://groceries.asda.com/product/1000211259365', 'product_name': 'Dolmio Plant Based Mince Bolognese Sauce with Basil & Carrots', 'product_price': '£1.50', 'product_additionals': '(£1.00/100g)'}, {'shop': 'tesco', 'url': 'https://www.tesco.com/groceries/en-GB/products/301892894', 'product_name': 'Organix Goodies Carrot Cake Bars 12X30g', 'product_price': '£ 4.50', 'product_additionals': '£12.50/kg'}, {'shop': 'tesco', 'url': 'https://www.tesco.com/groceries/en-GB/products/293316340', 'product_name': 'Nakd Carrot Cake 35G Multipack', 'product_price': '£ 2.50', 'product_additionals': '£1.79/100g'}, {'shop': 'tesco', 'url': 'https://www.tesco.com/groceries/en-GB/products/305042944', 'product_name': 'Bear Mango & Carrot Paws 5X20g', 'product_price': '£ 1.97', 'product_additionals': '£19.70/kg'}, {'shop': 'tesco', 'url': 'https://www.tesco.com/groceries/en-GB/products/261476025', 'product_name': 'Organix 12 Month Goodies Carrot Cake Bar 6X30g', 'product_price': '£ 2.50', 'product_additionals': '£1.39/100g'}, {'shop': 'asda', 'url': 'https://groceries.asda.com/product/1000206331069', 'product_name': 'Webbox Chicken with Carrot Sticks Dog Treats', 'product_price': '£1.50', 'product_additionals': '(£18.75/kg)'}, {'shop': 'tesco', 'url': 'https://www.tesco.com/groceries/en-GB/products/301892180', 'product_name': 'Heinz First Steps Multigrain Carrot Sweetcorn Cheese 200G', 'product_price': '£ 3.00', 'product_additionals': '£15.00/kg'}, {'shop': 'tesco', 'url': 'https://www.tesco.com/groceries/en-GB/products/258904138', 'product_name': 'Organix Melty Carrot Puffs 20G', 'product_price': '£ 0.60', 'product_additionals': '£30.00/kg'}, {'shop': 'asda', 'url': 'https://groceries.asda.com/product/1000065970619', 'product_name': 'Fibre One 90 Calorie Carrot Cake Bars', 'product_price': '£2.50', 'product_additionals': '(£2.60/100g)'}, {'shop': 'tesco', 'url': 'https://www.tesco.com/groceries/en-GB/products/260827874', 'product_name': 'Organix Carrot Stix Multi Pack 4X15g', 'product_price': '£ 1.60', 'product_additionals': '£26.67/kg'}, {'shop': 'tesco', 'url': 'https://www.tesco.com/groceries/en-GB/products/301892109', 'product_name': "Ella's Kitchen Carrot Plus Sweet Potato Rice Cakes 40G", 'product_price': '£ 1.00', 'product_additionals': '£25.00/kg'}, {'shop': 'tesco', 'url': 'https://www.tesco.com/groceries/en-GB/products/301692232', 'product_name': 'Fibre One Cake Bars Carrot Cake 4 X 25G', 'product_price': '£ 2.89', 'product_additionals': '£2.89/100g'}, {'shop': 'tesco', 'url': 'https://www.tesco.com/groceries/en-GB/products/292759888', 'product_name': "Ella's Kitchen Carrot & Lentil Sticks 4X15g", 'product_price': '£ 2.00', 'product_additionals': '£33.34/kg'}, {'shop': 'tesco', 'url': 'https://www.tesco.com/groceries/en-GB/products/298648820', 'product_name': 'Organix Melty Carrot Puffs Multipack 4X18g', 'product_price': '£ 2.08', 'product_additionals': '£28.89/kg'}, {'shop': 'tesco', 'url': 'https://www.tesco.com/groceries/en-GB/products/295460510', 'product_name': "Ella's Kitchen Parsnip & Carrot Melty Puffs 20G", 'product_price': '£ 0.70', 'product_additionals': '£3.50/100g'}, {'shop': 'tesco', 'url': 'https://www.tesco.com/groceries/en-GB/products/305250375', 'product_name': 'Kiddylicious Apple & Carrot Rice Crispy Sticks 6 X 10G', 'product_price': '£ 2.75', 'product_additionals': '£45.84/kg'}, {'shop': 'tesco', 'url': 'https://www.tesco.com/groceries/en-GB/products/305052068', 'product_name': 'Cerelac Farmers Selection Wheat Oat & Carrot Snack 35G', 'product_price': '£ 1.70', 'product_additionals': '£4.86/100g'}, {'shop': 'tesco', 'url': 'https://www.tesco.com/groceries/en-GB/products/302489950', 'product_name': "Ella's Kitchen Sweetcorn Plus Carrot Melty Sticks 17G", 'product_price': '£ 1.00', 'product_additionals': '£58.83/kg'}, {'shop': 'tesco', 'url': 'https://www.tesco.com/groceries/en-GB/products/305038028', 'product_name': "Ella's Kitchen Organic Carrot & Parsnip Mini Puffs 4X8g", 'product_price': '£ 2.00', 'product_additionals': '£62.50/kg'}, {'shop': 'asda', 'url': 'https://groceries.asda.com/product/1000073848443', 'product_name': 'Crosse & Blackwell Spicy Parsnip & Carrot Soup', 'product_price': '£0.75', 'product_additionals': '(18.8p/100g)'}, {'shop': 'asda', 'url': 'https://groceries.asda.com/product/910000441424', 'product_name': 'Heinz Carrot & Coriander Soup', 'product_price': '£0.95', 'product_additionals': '(23.8p/100g)'}, {'shop': 'asda', 'url': 'https://groceries.asda.com/product/910003093028', 'product_name': 'ASDA Sweet Leaf & Carrot Salad', 'product_price': '£0.60', 'product_additionals': '(25.0p/100g)'}, {'shop': 'asda', 'url': 'https://groceries.asda.com/product/910000451228', 'product_name': 'Baxters Vegetarian Carrot & Coriander', 'product_price': '£1.15', 'product_additionals': '(28.7p/100g)'}, {'shop': 'asda', 'url': 'https://groceries.asda.com/product/37515', 'product_name': 'Weight Watchers from Heinz Carrot & Lentil Soup', 'product_price': '£0.85', 'product_additionals': '(28.8p/100g)'}, {'shop': 'asda', 'url': 'https://groceries.asda.com/product/910003090816', 'product_name': 'ASDA Extra Special Carrot and Pumpkin Pave', 'product_price': '£1.60', 'product_additionals': '(40.0p/100g)'}, {'shop': 'asda', 'url': 'https://groceries.asda.com/product/1000129611264', 'product_name': 'ASDA Soft Bake Carrot Cake Cookies', 'product_price': '£0.95', 'product_additionals': '(47.5p/100g)'}, {'shop': 'asda', 'url': 'https://groceries.asda.com/product/1000157579427', 'product_name': 'BIP Milk Chocolate Sprouts & Carrots', 'product_price': '£0.59', 'product_additionals': '(78.7p/100g)'}, {'shop': 'asda', 'url': 'https://groceries.asda.com/product/1000192700063', 'product_name': 'W.K Kellogg Kids Strawberry, Apple & Carrot Multigrain Shapes Cereal', 'product_price': '£2.99', 'product_additionals': '(85.4p/100g)'}]


bestFromShops[[{'shop': 'asda', 'url': 'https://groceries.asda.com/product/482208', 'product_name': 'Rotastak Treat Carrot Nibble Sticks', 'product_price': '£1.00', 'product_additionals': '(£1.00/each)'}], [], [{'shop': 'tesco', 'url': 'https://www.tesco.com/groceries/en-GB/products/305966899', 'product_name': 'Mr Kipling Carrot Cake Slices 6 Pack', 'product_price': '£ 1.00', 'product_additionals': '£0.17/each'}], [], []]


