rv[('tesco', 'https://www.tesco.com/groceries/en-GB/products/274051099', "Amy's Kitchen Cheddar Rice & Bean Burrito 156G", '£ 2.00', '£12.83/kg'), ('aldi', 'https://www.aldi.co.uk/british-mature-grated-cheddar/p/051748004429600', 'British Mature Grated Cheddar', '1.49', '£5.96 per kg'), ('aldi', 'https://www.aldi.co.uk/british-medium-cheddar/p/079452177618600', 'British Medium Cheddar', '1.79', '£4.48 per kg'), ('tesco', 'https://www.tesco.com/groceries/en-GB/products/306655649', 'Castello Cheddar Cheese Slices With Red Onion 150G', '£ 2.00', '£13.34/kg'), ('tesco', 'https://www.tesco.com/groceries/en-GB/products/288986209', 'Cathedral City Extra Mature Cheddar 550G', '£ 4.00', '£7.28/kg'), ('tesco', 'https://www.tesco.com/groceries/en-GB/products/302219551', 'Cathedral City Lactose Free Mature Cheddar 200G', '£ 2.25', '£1.13/100g'), ('tesco', 'https://www.tesco.com/groceries/en-GB/products/267308648', 'Cathedral City Lighter Cheddar 350G', '£ 2.59', '£7.40/kg'), ('tesco', 'https://www.tesco.com/groceries/en-GB/products/268768873', 'Cathedral City Mature Cheddar 350G', '£ 2.59', '£7.40/kg'), ('tesco', 'https://www.tesco.com/groceries/en-GB/products/277925449', 'Cathedral City Mature Cheddar 550G', '£ 4.00', '£7.28/kg'), ('tesco', 'https://www.tesco.com/groceries/en-GB/products/288986181', 'Cathedral City Mild Cheddar 550G', '£ 4.00', '£7.28/kg'), ('tesco', 'https://www.tesco.com/groceries/en-GB/products/302838394', 'Cathedral City Snackbar Mature Cheddar 24G', '£ 0.65', '£2.71/100g'), ('aldi', 'https://www.aldi.co.uk/cheddar-%26-onion-potato-crisps/p/010770306272801', 'Cheddar & Onion Potato Crisps', '0.89', '59.3p per 100g'), ('aldi', 'https://www.aldi.co.uk/cheddar-cheese-%26-red-onion-flatbread/p/701013314550000', 'Cheddar Cheese & Red Onion Flatbread', '1.69', '£6.76 per kg'), ('aldi', 'https://www.aldi.co.uk/cheddar-cheese-with-fruity-pickle/p/018588410190002', 'Cheddar Cheese with Fruity Pickle', '1.59', ''), ('tesco', 'https://www.tesco.com/groceries/en-GB/products/273196994', 'Cheestrings 8 Pack Cheddar 160G', '£ 1.95', '£12.19/kg'), ('tesco', 'https://www.tesco.com/groceries/en-GB/products/273197498', 'Cheestrings Cheddar 4 Pack 80G', '£ 1.50', '£18.75/kg'), ('tesco', 'https://www.tesco.com/groceries/en-GB/products/256645904', 'Chevington Grated Mild Cheddar Cheese 400G', '£ 4.30', '£10.75/kg'), ('tesco', 'https://www.tesco.com/groceries/en-GB/products/254881713', "Colman's Cheddar Cheese Sauce Mix 40G", '£ 0.65', '£1.63/100g'), ('tesco', 'https://www.tesco.com/groceries/en-GB/products/300961808', "Counter Holly's Food Emporium Cheddar Oat Biscuits 144G", '£ 1.60', '£1.12/100g'), ('tesco', 'https://www.tesco.com/groceries/en-GB/products/302277360', 'Counter Pilgrims Choice Mature Cheddar Cheese 240G', '£ 2.20', '£9.17/kg'), ('tesco', 'https://www.tesco.com/groceries/en-GB/products/302285338', 'Counter Quickes Traditional Mature Cheddar Cheese 150G', '£ 2.75', '£18.34/kg'), ('tesco', 'https://www.tesco.com/groceries/en-GB/products/300066676', 'Creamfields Grated Cheddar 450G', '£ 2.24', '£4.98/kg'), ('tesco', 'https://www.tesco.com/groceries/en-GB/products/303806049', 'Creamfields Grated Mature Cheddar 250G', '£ 1.49', '£5.96/kg'), ('tesco', 'https://www.tesco.com/groceries/en-GB/products/302676607', 'Creamfields Mature White Cheddar 400G', '£ 1.79', '£4.48/kg'), ('tesco', 'https://www.tesco.com/groceries/en-GB/products/301511281', 'Creamfields Mature White Cheddar Large', '£ 3.99', '£4.43/kg'), ('tesco', 'https://www.tesco.com/groceries/en-GB/products/302676589', 'Creamfields Medium White Cheddar 400G', '£ 1.79', '£4.48/kg'), ('tesco', 'https://www.tesco.com/groceries/en-GB/products/300066653', 'Creamfields Mild Cheddar 10 Slices 200G', '£ 0.99', '£4.95/kg'), ('tesco', 'https://www.tesco.com/groceries/en-GB/products/302676567', 'Creamfields Mild White Cheddar 400G', '£ 1.79', '£4.48/kg'), ('tesco', 'https://www.tesco.com/groceries/en-GB/products/301511183', 'Creamfields Mild White Cheddar Large', '£ 4.43', '£4.43/kg'), ('tesco', 'https://www.tesco.com/groceries/en-GB/products/277759611', 'Davidstow Mature Cornish Classic Cheddar 350G', '£ 3.50', '£10.00/kg'), ('tesco', 'https://www.tesco.com/groceries/en-GB/products/297519360', 'Eat Real Quinoa Puff White Cheddar 113G', '£ 1.80', '£15.93/kg'), ('tesco', 'https://www.tesco.com/groceries/en-GB/products/306663910', 'Follow Your Heart Medium 10 Cheddar Style Slice 200G', '£ 3.30', '£16.50/kg'), ('tesco', 'https://www.tesco.com/groceries/en-GB/products/296492107', 'Higgidy Bacon & Cheddar Quiche 400G', '£ 4.00', '£1.00/100g'), ('tesco', 'https://www.tesco.com/groceries/en-GB/products/303853022', 'Higgidy Cheddar & Onion Veggie Rolls 160G', '£ 2.60', '£1.63/100g'), ('tesco', 'https://www.tesco.com/groceries/en-GB/products/302275857', 'Ilchester Applewood Smoked Cheddar 170G', '£ 2.20', '£12.95/kg'), ('tesco', 'https://www.tesco.com/groceries/en-GB/products/264014086', 'Ilchester Applewood Smoked Cheddar 185G', '£ 2.10', '£11.36/kg'), ('tesco', 'https://www.tesco.com/groceries/en-GB/products/302287601', 'Ilchester Mexicana Original Hot Cheddar 170G', '£ 2.20', '£12.95/kg'), ('tesco', 'https://www.tesco.com/groceries/en-GB/products/305729305', "Jacob's Mini Cheddars Nacho Cheese & Jalapeno 6X25g", '£ 1.50', '£1.00/100g'), ('tesco', 'https://www.tesco.com/groceries/en-GB/products/308106698', "Jacob's Mini Chedders Sticks Cheddar 150G", '£ 1.99', '£1.33/100g'), ('tesco', 'https://www.tesco.com/groceries/en-GB/products/254925467', 'Jacobs Baked Cheddar Biscuits Cheese 150G', '£ 1.00', '£0.67/100g'), ('tesco', 'https://www.tesco.com/groceries/en-GB/products/258376695', 'Jacobs Mini Cheddar Original Snack 50G', '£ 0.85', '£1.70/100g'), ('tesco', 'https://www.tesco.com/groceries/en-GB/products/251228859', 'Jacobs Mini Cheddars 12X25g', '£ 3.00', '£1.00/100g'), ('tesco', 'https://www.tesco.com/groceries/en-GB/products/305738323', 'Jacobs Mini Cheddars Lime & Chilli 6 Pack 150G', '£ 1.50', '£1.00/100g'), ('tesco', 'https://www.tesco.com/groceries/en-GB/products/301063919', 'Jacobs Mini Cheddars Original 6X25g', '£ 1.50', '£1.00/100g'), ('tesco', 'https://www.tesco.com/groceries/en-GB/products/299576603', 'Jacobs Mini Cheddars Red Leicester 12X25g', '£ 3.00', '£1.00/100g'), ('tesco', 'https://www.tesco.com/groceries/en-GB/products/301063891', 'Jacobs Mini Cheddars Red Leicester 6X25g', '£ 1.50', '£1.00/100g'), ('tesco', 'https://www.tesco.com/groceries/en-GB/products/308107000', 'Jacobs Mini Cheddars, Cheddar & Steak 150G', '£ 1.99', '£1.33/100g'), ('tesco', 'https://www.tesco.com/groceries/en-GB/products/259610296', 'Kettle Chips Mature Cheddar & Red Onion 150G', '£ 1.99', '£1.33/100g'), ('tesco', 'https://www.tesco.com/groceries/en-GB/products/290898835', 'Kettle Chips Mature Cheddar & Red Onion 40G', '£ 0.85', '£2.13/100g'), ('tesco', 'https://www.tesco.com/groceries/en-GB/products/287972469', 'Lactofree Grated Cheddar 200G', '£ 2.00', '£10.00/kg'), ('tesco', 'https://www.tesco.com/groceries/en-GB/products/283788008', 'Lactofree Mature Cheddar Cheese 200G', '£ 1.80', '£9.00/kg'), ('aldi', 'https://www.aldi.co.uk/lockerbie-extra-mature-cheddar/p/071764056100800', 'Lockerbie Extra Mature Cheddar', '1.19', '£5.95 per kg'), ('aldi', 'https://www.aldi.co.uk/mature-white-cheddar/p/017623280982600', 'Mature White Cheddar', '3.99', '£4.43 per kg'), ('tesco', 'https://www.tesco.com/groceries/en-GB/products/303485250', "Mccoy's Cheddar & Onion Crisps 6X25g", '£ 1.70', '£1.14/100g'), ('tesco', 'https://www.tesco.com/groceries/en-GB/products/292010864', 'Mccoys Cheddar & Onion Crisps 47.5G', '£ 0.85', '£1.79/100g'), ('tesco', 'https://www.tesco.com/groceries/en-GB/products/293062790', 'Mexicana Original Hot Cheddar With Chilli 200G', '£ 2.00', '£10.00/kg'), ('tesco', 'https://www.tesco.com/groceries/en-GB/products/305959999', 'Peperami Snack Box Mini Chorizo & Cheddar Cheese 50G', '£ 1.50', '£3.00/100g'), ('tesco', 'https://www.tesco.com/groceries/en-GB/products/268903247', 'Pilgrims Choice Extra Mature Cheddar 350G', '£ 2.59', '£7.40/kg'), ('tesco', 'https://www.tesco.com/groceries/en-GB/products/300935339', 'Pilgrims Choice Extra Mature Cheddar 550G', '£ 3.75', '£6.82/kg'), ('tesco', 'https://www.tesco.com/groceries/en-GB/products/268111124', 'Pilgrims Choice Lighter Mature Cheddar Cheese 350G', '£ 2.59', '£7.40/kg'), ('tesco', 'https://www.tesco.com/groceries/en-GB/products/268900953', 'Pilgrims Choice Mature Cheddar 350G', '£ 2.59', '£7.40/kg'), ('tesco', 'https://www.tesco.com/groceries/en-GB/products/293257410', 'Pilgrims Choice Mature Cheddar 550G', '£ 3.75', '£6.82/kg'), ('tesco', 'https://www.tesco.com/groceries/en-GB/products/307338540', 'Pukka Just For Two Vintage Cheddar & Leek Pie', '£ 3.00', '£3.00/each'), ('tesco', 'https://www.tesco.com/groceries/en-GB/products/252176935', 'Schwartz Mix For Cheddar Cheese Sauce 40G', '£ 0.65', '£1.63/100g'), ('tesco', 'https://www.tesco.com/groceries/en-GB/products/303851911', 'Seriously Cheese Vintage Cheddar Spreadable 125G', '£ 1.19', '£9.52/kg'), ('aldi', 'https://www.aldi.co.uk/sliced-medium-coloured-cheddar/p/068266007550800', 'Sliced Medium Coloured Cheddar', '1.49', '£5.96 per kg'), ('aldi', 'https://www.aldi.co.uk/sliced-mild-coloured-cheddar/p/068266306644201', 'Sliced Mild Coloured Cheddar', '1.49', '£5.96 per kg'), ('aldi', 'https://www.aldi.co.uk/spicy-cheddar-with-chilli/p/072358299968804', 'Spicy Cheddar with Chilli', '1.49', '£7.45 per kg'), ('tesco', 'https://www.tesco.com/groceries/en-GB/products/264156434', 'Tesco 10 Extra Mature Cheddar Slices 250G', '£ 1.75', '£7.00/kg'), ('tesco', 'https://www.tesco.com/groceries/en-GB/products/264156267', 'Tesco 10 Medium Cheddar Slices 250G', '£ 1.75', '£7.00/kg'), ('tesco', 'https://www.tesco.com/groceries/en-GB/products/300257767', 'Tesco British Extra Mature Cheddar Cheese 220G', '£ 1.55', '£7.05/kg'), ('tesco', 'https://www.tesco.com/groceries/en-GB/products/300257744', 'Tesco British Mature Cheddar Cheese 220G', '£ 1.55', '£7.05/kg'), ('tesco', 'https://www.tesco.com/groceries/en-GB/products/300000069', 'Tesco British Mature Cheddar Snack Sticks 5X20g', '£ 1.25', '£12.50/kg'), ('tesco', 'https://www.tesco.com/groceries/en-GB/products/300257410', 'Tesco British Medium Cheddar Cheese 220G', '£ 1.55', '£7.05/kg'), ('tesco', 'https://www.tesco.com/groceries/en-GB/products/253704097', 'Tesco British Medium Grated Cheddar 250G', '£ 1.75', '£7.00/kg'), ('tesco', 'https://www.tesco.com/groceries/en-GB/products/300257018', 'Tesco British Mild Cheddar Cheese 220G', '£ 1.55', '£7.05/kg'), ('tesco', 'https://www.tesco.com/groceries/en-GB/products/305973280', 'Tesco British Mild Cheddar Cheese 400G', '£ 2.00', '£5.00/kg'), ('tesco', 'https://www.tesco.com/groceries/en-GB/products/264886952', 'Tesco British Mild Grated Cheddar 250G', '£ 1.75', '£7.00/kg'), ('tesco', 'https://www.tesco.com/groceries/en-GB/products/299982617', 'Tesco Cheddar Mash 450G', '£ 1.50', '£3.34/kg'), ('tesco', 'https://www.tesco.com/groceries/en-GB/products/304371711', 'Tesco Cheddar Pastry Pork Pies 100G', '£ 1.00', '£1.00/100g'), ('tesco', 'https://www.tesco.com/groceries/en-GB/products/276902311', "Tesco Cheddar With Chilli's 200G", '£ 1.75', '£8.75/kg'), ('tesco', 'https://www.tesco.com/groceries/en-GB/products/302292462', 'Tesco Cheddar With Garlic & Herb 190G', '£ 2.20', '£1.16/100g'), ('tesco', 'https://www.tesco.com/groceries/en-GB/products/302301597', 'Tesco Cheddar With Oak Smoked Jalapeno & Red Pepper 180G', '£ 2.20', '£0.12/10g'), ('tesco', 'https://www.tesco.com/groceries/en-GB/products/306665741', 'Tesco Extra Mature Cheddar Cheese 400G', '£ 2.00', '£5.00/kg'), ('tesco', 'https://www.tesco.com/groceries/en-GB/products/256344327', 'Tesco Extra Mature Grated Cheddar 250G', '£ 1.75', '£7.00/kg'), ('tesco', 'https://www.tesco.com/groceries/en-GB/products/253846631', 'Tesco Finest 4 All Butter & Cheddar Scones', '£ 1.50', '£0.38/each'), ('tesco', 'https://www.tesco.com/groceries/en-GB/products/306494659', 'Tesco Finest 4 Vintage Cheddar & Caramelised Onion Rolls 188G', '£ 2.30', '£1.23/100g'), ('tesco', 'https://www.tesco.com/groceries/en-GB/products/272490780', 'Tesco Finest 4 Vintage Cheddar Burgers 454G', '£ 3.00', '£6.61/kg'), ('tesco', 'https://www.tesco.com/groceries/en-GB/products/286266161', 'Tesco Finest Cheddar Red Onion Mini Flatbreads 295G', '£ 2.45', '£0.83/100g'), ('tesco', 'https://www.tesco.com/groceries/en-GB/products/304383207', 'Tesco Finest Coastal Bite Cheddar 200G', '£ 2.20', '£11.00/kg'), ('tesco', 'https://www.tesco.com/groceries/en-GB/products/294173984', 'Tesco Finest Extra Mature English Cheddar 350G', '£ 3.00', '£8.58/kg'), ('tesco', 'https://www.tesco.com/groceries/en-GB/products/294375929', 'Tesco Finest Maple Bacon & Extra Mature Cheddar Quiche 400G', '£ 3.10', '£0.78/100g'), ('tesco', 'https://www.tesco.com/groceries/en-GB/products/255160730', 'Tesco Finest Mature Cheddar & Onion Crisps 150G', '£ 1.00', '£0.67/100g'), ('tesco', 'https://www.tesco.com/groceries/en-GB/products/294174009', 'Tesco Finest Viintage Cheddar 300G', '£ 3.00', '£10.00/kg'), ('tesco', 'https://www.tesco.com/groceries/en-GB/products/273163417', 'Tesco Finest Vintage Cheddar & Caramelised Onion Quiche400g', '£ 3.10', '£0.78/100g'), ('tesco', 'https://www.tesco.com/groceries/en-GB/products/304404432', 'Tesco Finest Vintage Cheddar 200G', '£ 2.75', '£1.38/100g'), ('tesco', 'https://www.tesco.com/groceries/en-GB/products/296447560', 'Tesco Finest West Country Cheddar Coleslaw 250G', '£ 1.50', '£0.60/100g'), ('tesco', 'https://www.tesco.com/groceries/en-GB/products/284556063', 'Tesco Free From 2 Ham Hock & Cheddar Crisp Bakes 270G', '£ 2.00', '£7.41/kg'), ('tesco', 'https://www.tesco.com/groceries/en-GB/products/295348575', 'Tesco Free From Coconut Oil Alternative To Jalapeno & Chilli Cheddar 200G', '£ 2.25', '£11.25/kg'), ('tesco', 'https://www.tesco.com/groceries/en-GB/products/295348530', 'Tesco Free From Coconut Oil Alternative To Mature Cheddar 200G', '£ 2.00', '£10.00/kg'), ('tesco', 'https://www.tesco.com/groceries/en-GB/products/255420953', 'Tesco Ham & Cheddar Sub', '£ 2.50', '£2.50/each'), ('tesco', 'https://www.tesco.com/groceries/en-GB/products/264156169', 'Tesco Mature 10 Cheddar Slices 250G', '£ 1.75', '£7.00/kg'), ('tesco', 'https://www.tesco.com/groceries/en-GB/products/305977270', 'Tesco Mature Cheddar 400G', '£ 2.00', '£5.00/kg'), ('tesco', 'https://www.tesco.com/groceries/en-GB/products/253704206', 'Tesco Mature Grated Cheddar 250G', '£ 1.75', '£7.00/kg'), ('tesco', 'https://www.tesco.com/groceries/en-GB/products/305951277', 'Tesco Medium Cheddar 400G', '£ 2.00', '£5.00/kg'), ('tesco', 'https://www.tesco.com/groceries/en-GB/products/264156296', 'Tesco Mild 10 Cheddar Slices 250G', '£ 1.75', '£7.00/kg'), ('tesco', 'https://www.tesco.com/groceries/en-GB/products/287787562', 'Tesco Mixed Olives With Cheddar 220G', '£ 2.50', '£1.14/100g'), ('tesco', 'https://www.tesco.com/groceries/en-GB/products/305987880', 'Tesco Olives With Cheddar & Tomatoes 160G', '£ 2.50', '£1.57/100g'), ('tesco', 'https://www.tesco.com/groceries/en-GB/products/305948529', 'Tesco Organic Mature Cheddar 400G', '£ 3.20', '£8.00/kg'), ('tesco', 'https://www.tesco.com/groceries/en-GB/products/299980798', 'Tesco Organic Medium Cheddar Cheese 220G', '£ 1.80', '£8.19/kg'), ('tesco', 'https://www.tesco.com/groceries/en-GB/products/254279217', 'Tesco Smoked Ham & Cheddar Sandwich', '£ 2.30', '£2.30/each'), ('tesco', 'https://www.tesco.com/groceries/en-GB/products/288589680', 'Tickler White Extra Mature White Cheddar 350G', '£ 4.00', '£11.43/kg'), ('tesco', 'https://www.tesco.com/groceries/en-GB/products/271208951', 'Tyrrells Crisps Mature Cheddar & Chive 150G', '£ 2.29', '£1.53/100g'), ('tesco', 'https://www.tesco.com/groceries/en-GB/products/308117627', 'Violife Smoky Cheddar Flavour Slices 200G', '£ 2.80', '£14.00/kg'), ('tesco', 'https://www.tesco.com/groceries/en-GB/products/305972822', 'Violife Vegan Epic Mature Cheddar Flavoured Block 200G', '£ 1.99', '£NaN/null'), ('tesco', 'https://www.tesco.com/groceries/en-GB/products/305844548', 'Walkers Max Double Crunch Cheddar Onion 140G', '£ 1.99', '£14.22/kg'), ('tesco', 'https://www.tesco.com/groceries/en-GB/products/302301551', 'Walkers Sensations Hickory Smoked Cheddar Crispy Bacon150g', '£ 1.99', '£1.33/100g'), ('aldi', 'https://www.aldi.co.uk/west-country-extra-mature-cheddar/p/704328360428500', 'West Country Extra Mature Cheddar', '2.49', '£6.23 per kg'), ('tesco', 'https://www.tesco.com/groceries/en-GB/products/305835909', 'Yeo Valley Organic Cheddar Mature 300G', '£ 3.50', '£11.67/kg')]


json_data[{'shop': 'tesco', 'url': 'https://www.tesco.com/groceries/en-GB/products/274051099', 'product_name': "Amy's Kitchen Cheddar Rice & Bean Burrito 156G", 'product_price': '£ 2.00', 'product_additionals': '£12.83/kg'}, {'shop': 'aldi', 'url': 'https://www.aldi.co.uk/british-mature-grated-cheddar/p/051748004429600', 'product_name': 'British Mature Grated Cheddar', 'product_price': '1.49', 'product_additionals': '£5.96 per kg'}, {'shop': 'aldi', 'url': 'https://www.aldi.co.uk/british-medium-cheddar/p/079452177618600', 'product_name': 'British Medium Cheddar', 'product_price': '1.79', 'product_additionals': '£4.48 per kg'}, {'shop': 'tesco', 'url': 'https://www.tesco.com/groceries/en-GB/products/306655649', 'product_name': 'Castello Cheddar Cheese Slices With Red Onion 150G', 'product_price': '£ 2.00', 'product_additionals': '£13.34/kg'}, {'shop': 'tesco', 'url': 'https://www.tesco.com/groceries/en-GB/products/288986209', 'product_name': 'Cathedral City Extra Mature Cheddar 550G', 'product_price': '£ 4.00', 'product_additionals': '£7.28/kg'}, {'shop': 'tesco', 'url': 'https://www.tesco.com/groceries/en-GB/products/302219551', 'product_name': 'Cathedral City Lactose Free Mature Cheddar 200G', 'product_price': '£ 2.25', 'product_additionals': '£1.13/100g'}, {'shop': 'tesco', 'url': 'https://www.tesco.com/groceries/en-GB/products/267308648', 'product_name': 'Cathedral City Lighter Cheddar 350G', 'product_price': '£ 2.59', 'product_additionals': '£7.40/kg'}, {'shop': 'tesco', 'url': 'https://www.tesco.com/groceries/en-GB/products/268768873', 'product_name': 'Cathedral City Mature Cheddar 350G', 'product_price': '£ 2.59', 'product_additionals': '£7.40/kg'}, {'shop': 'tesco', 'url': 'https://www.tesco.com/groceries/en-GB/products/277925449', 'product_name': 'Cathedral City Mature Cheddar 550G', 'product_price': '£ 4.00', 'product_additionals': '£7.28/kg'}, {'shop': 'tesco', 'url': 'https://www.tesco.com/groceries/en-GB/products/288986181', 'product_name': 'Cathedral City Mild Cheddar 550G', 'product_price': '£ 4.00', 'product_additionals': '£7.28/kg'}, {'shop': 'tesco', 'url': 'https://www.tesco.com/groceries/en-GB/products/302838394', 'product_name': 'Cathedral City Snackbar Mature Cheddar 24G', 'product_price': '£ 0.65', 'product_additionals': '£2.71/100g'}, {'shop': 'aldi', 'url': 'https://www.aldi.co.uk/cheddar-%26-onion-potato-crisps/p/010770306272801', 'product_name': 'Cheddar & Onion Potato Crisps', 'product_price': '0.89', 'product_additionals': '59.3p per 100g'}, {'shop': 'aldi', 'url': 'https://www.aldi.co.uk/cheddar-cheese-%26-red-onion-flatbread/p/701013314550000', 'product_name': 'Cheddar Cheese & Red Onion Flatbread', 'product_price': '1.69', 'product_additionals': '£6.76 per kg'}, {'shop': 'aldi', 'url': 'https://www.aldi.co.uk/cheddar-cheese-with-fruity-pickle/p/018588410190002', 'product_name': 'Cheddar Cheese with Fruity Pickle', 'product_price': '1.59', 'product_additionals': ''}, {'shop': 'tesco', 'url': 'https://www.tesco.com/groceries/en-GB/products/273196994', 'product_name': 'Cheestrings 8 Pack Cheddar 160G', 'product_price': '£ 1.95', 'product_additionals': '£12.19/kg'}, {'shop': 'tesco', 'url': 'https://www.tesco.com/groceries/en-GB/products/273197498', 'product_name': 'Cheestrings Cheddar 4 Pack 80G', 'product_price': '£ 1.50', 'product_additionals': '£18.75/kg'}, {'shop': 'tesco', 'url': 'https://www.tesco.com/groceries/en-GB/products/256645904', 'product_name': 'Chevington Grated Mild Cheddar Cheese 400G', 'product_price': '£ 4.30', 'product_additionals': '£10.75/kg'}, {'shop': 'tesco', 'url': 'https://www.tesco.com/groceries/en-GB/products/254881713', 'product_name': "Colman's Cheddar Cheese Sauce Mix 40G", 'product_price': '£ 0.65', 'product_additionals': '£1.63/100g'}, {'shop': 'tesco', 'url': 'https://www.tesco.com/groceries/en-GB/products/300961808', 'product_name': "Counter Holly's Food Emporium Cheddar Oat Biscuits 144G", 'product_price': '£ 1.60', 'product_additionals': '£1.12/100g'}, {'shop': 'tesco', 'url': 'https://www.tesco.com/groceries/en-GB/products/302277360', 'product_name': 'Counter Pilgrims Choice Mature Cheddar Cheese 240G', 'product_price': '£ 2.20', 'product_additionals': '£9.17/kg'}, {'shop': 'tesco', 'url': 'https://www.tesco.com/groceries/en-GB/products/302285338', 'product_name': 'Counter Quickes Traditional Mature Cheddar Cheese 150G', 'product_price': '£ 2.75', 'product_additionals': '£18.34/kg'}, {'shop': 'tesco', 'url': 'https://www.tesco.com/groceries/en-GB/products/300066676', 'product_name': 'Creamfields Grated Cheddar 450G', 'product_price': '£ 2.24', 'product_additionals': '£4.98/kg'}, {'shop': 'tesco', 'url': 'https://www.tesco.com/groceries/en-GB/products/303806049', 'product_name': 'Creamfields Grated Mature Cheddar 250G', 'product_price': '£ 1.49', 'product_additionals': '£5.96/kg'}, {'shop': 'tesco', 'url': 'https://www.tesco.com/groceries/en-GB/products/302676607', 'product_name': 'Creamfields Mature White Cheddar 400G', 'product_price': '£ 1.79', 'product_additionals': '£4.48/kg'}, {'shop': 'tesco', 'url': 'https://www.tesco.com/groceries/en-GB/products/301511281', 'product_name': 'Creamfields Mature White Cheddar Large', 'product_price': '£ 3.99', 'product_additionals': '£4.43/kg'}, {'shop': 'tesco', 'url': 'https://www.tesco.com/groceries/en-GB/products/302676589', 'product_name': 'Creamfields Medium White Cheddar 400G', 'product_price': '£ 1.79', 'product_additionals': '£4.48/kg'}, {'shop': 'tesco', 'url': 'https://www.tesco.com/groceries/en-GB/products/300066653', 'product_name': 'Creamfields Mild Cheddar 10 Slices 200G', 'product_price': '£ 0.99', 'product_additionals': '£4.95/kg'}, {'shop': 'tesco', 'url': 'https://www.tesco.com/groceries/en-GB/products/302676567', 'product_name': 'Creamfields Mild White Cheddar 400G', 'product_price': '£ 1.79', 'product_additionals': '£4.48/kg'}, {'shop': 'tesco', 'url': 'https://www.tesco.com/groceries/en-GB/products/301511183', 'product_name': 'Creamfields Mild White Cheddar Large', 'product_price': '£ 4.43', 'product_additionals': '£4.43/kg'}, {'shop': 'tesco', 'url': 'https://www.tesco.com/groceries/en-GB/products/277759611', 'product_name': 'Davidstow Mature Cornish Classic Cheddar 350G', 'product_price': '£ 3.50', 'product_additionals': '£10.00/kg'}, {'shop': 'tesco', 'url': 'https://www.tesco.com/groceries/en-GB/products/297519360', 'product_name': 'Eat Real Quinoa Puff White Cheddar 113G', 'product_price': '£ 1.80', 'product_additionals': '£15.93/kg'}, {'shop': 'tesco', 'url': 'https://www.tesco.com/groceries/en-GB/products/306663910', 'product_name': 'Follow Your Heart Medium 10 Cheddar Style Slice 200G', 'product_price': '£ 3.30', 'product_additionals': '£16.50/kg'}, {'shop': 'tesco', 'url': 'https://www.tesco.com/groceries/en-GB/products/296492107', 'product_name': 'Higgidy Bacon & Cheddar Quiche 400G', 'product_price': '£ 4.00', 'product_additionals': '£1.00/100g'}, {'shop': 'tesco', 'url': 'https://www.tesco.com/groceries/en-GB/products/303853022', 'product_name': 'Higgidy Cheddar & Onion Veggie Rolls 160G', 'product_price': '£ 2.60', 'product_additionals': '£1.63/100g'}, {'shop': 'tesco', 'url': 'https://www.tesco.com/groceries/en-GB/products/302275857', 'product_name': 'Ilchester Applewood Smoked Cheddar 170G', 'product_price': '£ 2.20', 'product_additionals': '£12.95/kg'}, {'shop': 'tesco', 'url': 'https://www.tesco.com/groceries/en-GB/products/264014086', 'product_name': 'Ilchester Applewood Smoked Cheddar 185G', 'product_price': '£ 2.10', 'product_additionals': '£11.36/kg'}, {'shop': 'tesco', 'url': 'https://www.tesco.com/groceries/en-GB/products/302287601', 'product_name': 'Ilchester Mexicana Original Hot Cheddar 170G', 'product_price': '£ 2.20', 'product_additionals': '£12.95/kg'}, {'shop': 'tesco', 'url': 'https://www.tesco.com/groceries/en-GB/products/305729305', 'product_name': "Jacob's Mini Cheddars Nacho Cheese & Jalapeno 6X25g", 'product_price': '£ 1.50', 'product_additionals': '£1.00/100g'}, {'shop': 'tesco', 'url': 'https://www.tesco.com/groceries/en-GB/products/308106698', 'product_name': "Jacob's Mini Chedders Sticks Cheddar 150G", 'product_price': '£ 1.99', 'product_additionals': '£1.33/100g'}, {'shop': 'tesco', 'url': 'https://www.tesco.com/groceries/en-GB/products/254925467', 'product_name': 'Jacobs Baked Cheddar Biscuits Cheese 150G', 'product_price': '£ 1.00', 'product_additionals': '£0.67/100g'}, {'shop': 'tesco', 'url': 'https://www.tesco.com/groceries/en-GB/products/258376695', 'product_name': 'Jacobs Mini Cheddar Original Snack 50G', 'product_price': '£ 0.85', 'product_additionals': '£1.70/100g'}, {'shop': 'tesco', 'url': 'https://www.tesco.com/groceries/en-GB/products/251228859', 'product_name': 'Jacobs Mini Cheddars 12X25g', 'product_price': '£ 3.00', 'product_additionals': '£1.00/100g'}, {'shop': 'tesco', 'url': 'https://www.tesco.com/groceries/en-GB/products/305738323', 'product_name': 'Jacobs Mini Cheddars Lime & Chilli 6 Pack 150G', 'product_price': '£ 1.50', 'product_additionals': '£1.00/100g'}, {'shop': 'tesco', 'url': 'https://www.tesco.com/groceries/en-GB/products/301063919', 'product_name': 'Jacobs Mini Cheddars Original 6X25g', 'product_price': '£ 1.50', 'product_additionals': '£1.00/100g'}, {'shop': 'tesco', 'url': 'https://www.tesco.com/groceries/en-GB/products/299576603', 'product_name': 'Jacobs Mini Cheddars Red Leicester 12X25g', 'product_price': '£ 3.00', 'product_additionals': '£1.00/100g'}, {'shop': 'tesco', 'url': 'https://www.tesco.com/groceries/en-GB/products/301063891', 'product_name': 'Jacobs Mini Cheddars Red Leicester 6X25g', 'product_price': '£ 1.50', 'product_additionals': '£1.00/100g'}, {'shop': 'tesco', 'url': 'https://www.tesco.com/groceries/en-GB/products/308107000', 'product_name': 'Jacobs Mini Cheddars, Cheddar & Steak 150G', 'product_price': '£ 1.99', 'product_additionals': '£1.33/100g'}, {'shop': 'tesco', 'url': 'https://www.tesco.com/groceries/en-GB/products/259610296', 'product_name': 'Kettle Chips Mature Cheddar & Red Onion 150G', 'product_price': '£ 1.99', 'product_additionals': '£1.33/100g'}, {'shop': 'tesco', 'url': 'https://www.tesco.com/groceries/en-GB/products/290898835', 'product_name': 'Kettle Chips Mature Cheddar & Red Onion 40G', 'product_price': '£ 0.85', 'product_additionals': '£2.13/100g'}, {'shop': 'tesco', 'url': 'https://www.tesco.com/groceries/en-GB/products/287972469', 'product_name': 'Lactofree Grated Cheddar 200G', 'product_price': '£ 2.00', 'product_additionals': '£10.00/kg'}, {'shop': 'tesco', 'url': 'https://www.tesco.com/groceries/en-GB/products/283788008', 'product_name': 'Lactofree Mature Cheddar Cheese 200G', 'product_price': '£ 1.80', 'product_additionals': '£9.00/kg'}, {'shop': 'aldi', 'url': 'https://www.aldi.co.uk/lockerbie-extra-mature-cheddar/p/071764056100800', 'product_name': 'Lockerbie Extra Mature Cheddar', 'product_price': '1.19', 'product_additionals': '£5.95 per kg'}, {'shop': 'aldi', 'url': 'https://www.aldi.co.uk/mature-white-cheddar/p/017623280982600', 'product_name': 'Mature White Cheddar', 'product_price': '3.99', 'product_additionals': '£4.43 per kg'}, {'shop': 'tesco', 'url': 'https://www.tesco.com/groceries/en-GB/products/303485250', 'product_name': "Mccoy's Cheddar & Onion Crisps 6X25g", 'product_price': '£ 1.70', 'product_additionals': '£1.14/100g'}, {'shop': 'tesco', 'url': 'https://www.tesco.com/groceries/en-GB/products/292010864', 'product_name': 'Mccoys Cheddar & Onion Crisps 47.5G', 'product_price': '£ 0.85', 'product_additionals': '£1.79/100g'}, {'shop': 'tesco', 'url': 'https://www.tesco.com/groceries/en-GB/products/293062790', 'product_name': 'Mexicana Original Hot Cheddar With Chilli 200G', 'product_price': '£ 2.00', 'product_additionals': '£10.00/kg'}, {'shop': 'tesco', 'url': 'https://www.tesco.com/groceries/en-GB/products/305959999', 'product_name': 'Peperami Snack Box Mini Chorizo & Cheddar Cheese 50G', 'product_price': '£ 1.50', 'product_additionals': '£3.00/100g'}, {'shop': 'tesco', 'url': 'https://www.tesco.com/groceries/en-GB/products/268903247', 'product_name': 'Pilgrims Choice Extra Mature Cheddar 350G', 'product_price': '£ 2.59', 'product_additionals': '£7.40/kg'}, {'shop': 'tesco', 'url': 'https://www.tesco.com/groceries/en-GB/products/300935339', 'product_name': 'Pilgrims Choice Extra Mature Cheddar 550G', 'product_price': '£ 3.75', 'product_additionals': '£6.82/kg'}, {'shop': 'tesco', 'url': 'https://www.tesco.com/groceries/en-GB/products/268111124', 'product_name': 'Pilgrims Choice Lighter Mature Cheddar Cheese 350G', 'product_price': '£ 2.59', 'product_additionals': '£7.40/kg'}, {'shop': 'tesco', 'url': 'https://www.tesco.com/groceries/en-GB/products/268900953', 'product_name': 'Pilgrims Choice Mature Cheddar 350G', 'product_price': '£ 2.59', 'product_additionals': '£7.40/kg'}, {'shop': 'tesco', 'url': 'https://www.tesco.com/groceries/en-GB/products/293257410', 'product_name': 'Pilgrims Choice Mature Cheddar 550G', 'product_price': '£ 3.75', 'product_additionals': '£6.82/kg'}, {'shop': 'tesco', 'url': 'https://www.tesco.com/groceries/en-GB/products/307338540', 'product_name': 'Pukka Just For Two Vintage Cheddar & Leek Pie', 'product_price': '£ 3.00', 'product_additionals': '£3.00/each'}, {'shop': 'tesco', 'url': 'https://www.tesco.com/groceries/en-GB/products/252176935', 'product_name': 'Schwartz Mix For Cheddar Cheese Sauce 40G', 'product_price': '£ 0.65', 'product_additionals': '£1.63/100g'}, {'shop': 'tesco', 'url': 'https://www.tesco.com/groceries/en-GB/products/303851911', 'product_name': 'Seriously Cheese Vintage Cheddar Spreadable 125G', 'product_price': '£ 1.19', 'product_additionals': '£9.52/kg'}, {'shop': 'aldi', 'url': 'https://www.aldi.co.uk/sliced-medium-coloured-cheddar/p/068266007550800', 'product_name': 'Sliced Medium Coloured Cheddar', 'product_price': '1.49', 'product_additionals': '£5.96 per kg'}, {'shop': 'aldi', 'url': 'https://www.aldi.co.uk/sliced-mild-coloured-cheddar/p/068266306644201', 'product_name': 'Sliced Mild Coloured Cheddar', 'product_price': '1.49', 'product_additionals': '£5.96 per kg'}, {'shop': 'aldi', 'url': 'https://www.aldi.co.uk/spicy-cheddar-with-chilli/p/072358299968804', 'product_name': 'Spicy Cheddar with Chilli', 'product_price': '1.49', 'product_additionals': '£7.45 per kg'}, {'shop': 'tesco', 'url': 'https://www.tesco.com/groceries/en-GB/products/264156434', 'product_name': 'Tesco 10 Extra Mature Cheddar Slices 250G', 'product_price': '£ 1.75', 'product_additionals': '£7.00/kg'}, {'shop': 'tesco', 'url': 'https://www.tesco.com/groceries/en-GB/products/264156267', 'product_name': 'Tesco 10 Medium Cheddar Slices 250G', 'product_price': '£ 1.75', 'product_additionals': '£7.00/kg'}, {'shop': 'tesco', 'url': 'https://www.tesco.com/groceries/en-GB/products/300257767', 'product_name': 'Tesco British Extra Mature Cheddar Cheese 220G', 'product_price': '£ 1.55', 'product_additionals': '£7.05/kg'}, {'shop': 'tesco', 'url': 'https://www.tesco.com/groceries/en-GB/products/300257744', 'product_name': 'Tesco British Mature Cheddar Cheese 220G', 'product_price': '£ 1.55', 'product_additionals': '£7.05/kg'}, {'shop': 'tesco', 'url': 'https://www.tesco.com/groceries/en-GB/products/300000069', 'product_name': 'Tesco British Mature Cheddar Snack Sticks 5X20g', 'product_price': '£ 1.25', 'product_additionals': '£12.50/kg'}, {'shop': 'tesco', 'url': 'https://www.tesco.com/groceries/en-GB/products/300257410', 'product_name': 'Tesco British Medium Cheddar Cheese 220G', 'product_price': '£ 1.55', 'product_additionals': '£7.05/kg'}, {'shop': 'tesco', 'url': 'https://www.tesco.com/groceries/en-GB/products/253704097', 'product_name': 'Tesco British Medium Grated Cheddar 250G', 'product_price': '£ 1.75', 'product_additionals': '£7.00/kg'}, {'shop': 'tesco', 'url': 'https://www.tesco.com/groceries/en-GB/products/300257018', 'product_name': 'Tesco British Mild Cheddar Cheese 220G', 'product_price': '£ 1.55', 'product_additionals': '£7.05/kg'}, {'shop': 'tesco', 'url': 'https://www.tesco.com/groceries/en-GB/products/305973280', 'product_name': 'Tesco British Mild Cheddar Cheese 400G', 'product_price': '£ 2.00', 'product_additionals': '£5.00/kg'}, {'shop': 'tesco', 'url': 'https://www.tesco.com/groceries/en-GB/products/264886952', 'product_name': 'Tesco British Mild Grated Cheddar 250G', 'product_price': '£ 1.75', 'product_additionals': '£7.00/kg'}, {'shop': 'tesco', 'url': 'https://www.tesco.com/groceries/en-GB/products/299982617', 'product_name': 'Tesco Cheddar Mash 450G', 'product_price': '£ 1.50', 'product_additionals': '£3.34/kg'}, {'shop': 'tesco', 'url': 'https://www.tesco.com/groceries/en-GB/products/304371711', 'product_name': 'Tesco Cheddar Pastry Pork Pies 100G', 'product_price': '£ 1.00', 'product_additionals': '£1.00/100g'}, {'shop': 'tesco', 'url': 'https://www.tesco.com/groceries/en-GB/products/276902311', 'product_name': "Tesco Cheddar With Chilli's 200G", 'product_price': '£ 1.75', 'product_additionals': '£8.75/kg'}, {'shop': 'tesco', 'url': 'https://www.tesco.com/groceries/en-GB/products/302292462', 'product_name': 'Tesco Cheddar With Garlic & Herb 190G', 'product_price': '£ 2.20', 'product_additionals': '£1.16/100g'}, {'shop': 'tesco', 'url': 'https://www.tesco.com/groceries/en-GB/products/302301597', 'product_name': 'Tesco Cheddar With Oak Smoked Jalapeno & Red Pepper 180G', 'product_price': '£ 2.20', 'product_additionals': '£0.12/10g'}, {'shop': 'tesco', 'url': 'https://www.tesco.com/groceries/en-GB/products/306665741', 'product_name': 'Tesco Extra Mature Cheddar Cheese 400G', 'product_price': '£ 2.00', 'product_additionals': '£5.00/kg'}, {'shop': 'tesco', 'url': 'https://www.tesco.com/groceries/en-GB/products/256344327', 'product_name': 'Tesco Extra Mature Grated Cheddar 250G', 'product_price': '£ 1.75', 'product_additionals': '£7.00/kg'}, {'shop': 'tesco', 'url': 'https://www.tesco.com/groceries/en-GB/products/253846631', 'product_name': 'Tesco Finest 4 All Butter & Cheddar Scones', 'product_price': '£ 1.50', 'product_additionals': '£0.38/each'}, {'shop': 'tesco', 'url': 'https://www.tesco.com/groceries/en-GB/products/306494659', 'product_name': 'Tesco Finest 4 Vintage Cheddar & Caramelised Onion Rolls 188G', 'product_price': '£ 2.30', 'product_additionals': '£1.23/100g'}, {'shop': 'tesco', 'url': 'https://www.tesco.com/groceries/en-GB/products/272490780', 'product_name': 'Tesco Finest 4 Vintage Cheddar Burgers 454G', 'product_price': '£ 3.00', 'product_additionals': '£6.61/kg'}, {'shop': 'tesco', 'url': 'https://www.tesco.com/groceries/en-GB/products/286266161', 'product_name': 'Tesco Finest Cheddar Red Onion Mini Flatbreads 295G', 'product_price': '£ 2.45', 'product_additionals': '£0.83/100g'}, {'shop': 'tesco', 'url': 'https://www.tesco.com/groceries/en-GB/products/304383207', 'product_name': 'Tesco Finest Coastal Bite Cheddar 200G', 'product_price': '£ 2.20', 'product_additionals': '£11.00/kg'}, {'shop': 'tesco', 'url': 'https://www.tesco.com/groceries/en-GB/products/294173984', 'product_name': 'Tesco Finest Extra Mature English Cheddar 350G', 'product_price': '£ 3.00', 'product_additionals': '£8.58/kg'}, {'shop': 'tesco', 'url': 'https://www.tesco.com/groceries/en-GB/products/294375929', 'product_name': 'Tesco Finest Maple Bacon & Extra Mature Cheddar Quiche 400G', 'product_price': '£ 3.10', 'product_additionals': '£0.78/100g'}, {'shop': 'tesco', 'url': 'https://www.tesco.com/groceries/en-GB/products/255160730', 'product_name': 'Tesco Finest Mature Cheddar & Onion Crisps 150G', 'product_price': '£ 1.00', 'product_additionals': '£0.67/100g'}, {'shop': 'tesco', 'url': 'https://www.tesco.com/groceries/en-GB/products/294174009', 'product_name': 'Tesco Finest Viintage Cheddar 300G', 'product_price': '£ 3.00', 'product_additionals': '£10.00/kg'}, {'shop': 'tesco', 'url': 'https://www.tesco.com/groceries/en-GB/products/273163417', 'product_name': 'Tesco Finest Vintage Cheddar & Caramelised Onion Quiche400g', 'product_price': '£ 3.10', 'product_additionals': '£0.78/100g'}, {'shop': 'tesco', 'url': 'https://www.tesco.com/groceries/en-GB/products/304404432', 'product_name': 'Tesco Finest Vintage Cheddar 200G', 'product_price': '£ 2.75', 'product_additionals': '£1.38/100g'}, {'shop': 'tesco', 'url': 'https://www.tesco.com/groceries/en-GB/products/296447560', 'product_name': 'Tesco Finest West Country Cheddar Coleslaw 250G', 'product_price': '£ 1.50', 'product_additionals': '£0.60/100g'}, {'shop': 'tesco', 'url': 'https://www.tesco.com/groceries/en-GB/products/284556063', 'product_name': 'Tesco Free From 2 Ham Hock & Cheddar Crisp Bakes 270G', 'product_price': '£ 2.00', 'product_additionals': '£7.41/kg'}, {'shop': 'tesco', 'url': 'https://www.tesco.com/groceries/en-GB/products/295348575', 'product_name': 'Tesco Free From Coconut Oil Alternative To Jalapeno & Chilli Cheddar 200G', 'product_price': '£ 2.25', 'product_additionals': '£11.25/kg'}, {'shop': 'tesco', 'url': 'https://www.tesco.com/groceries/en-GB/products/295348530', 'product_name': 'Tesco Free From Coconut Oil Alternative To Mature Cheddar 200G', 'product_price': '£ 2.00', 'product_additionals': '£10.00/kg'}, {'shop': 'tesco', 'url': 'https://www.tesco.com/groceries/en-GB/products/255420953', 'product_name': 'Tesco Ham & Cheddar Sub', 'product_price': '£ 2.50', 'product_additionals': '£2.50/each'}, {'shop': 'tesco', 'url': 'https://www.tesco.com/groceries/en-GB/products/264156169', 'product_name': 'Tesco Mature 10 Cheddar Slices 250G', 'product_price': '£ 1.75', 'product_additionals': '£7.00/kg'}, {'shop': 'tesco', 'url': 'https://www.tesco.com/groceries/en-GB/products/305977270', 'product_name': 'Tesco Mature Cheddar 400G', 'product_price': '£ 2.00', 'product_additionals': '£5.00/kg'}, {'shop': 'tesco', 'url': 'https://www.tesco.com/groceries/en-GB/products/253704206', 'product_name': 'Tesco Mature Grated Cheddar 250G', 'product_price': '£ 1.75', 'product_additionals': '£7.00/kg'}, {'shop': 'tesco', 'url': 'https://www.tesco.com/groceries/en-GB/products/305951277', 'product_name': 'Tesco Medium Cheddar 400G', 'product_price': '£ 2.00', 'product_additionals': '£5.00/kg'}, {'shop': 'tesco', 'url': 'https://www.tesco.com/groceries/en-GB/products/264156296', 'product_name': 'Tesco Mild 10 Cheddar Slices 250G', 'product_price': '£ 1.75', 'product_additionals': '£7.00/kg'}, {'shop': 'tesco', 'url': 'https://www.tesco.com/groceries/en-GB/products/287787562', 'product_name': 'Tesco Mixed Olives With Cheddar 220G', 'product_price': '£ 2.50', 'product_additionals': '£1.14/100g'}, {'shop': 'tesco', 'url': 'https://www.tesco.com/groceries/en-GB/products/305987880', 'product_name': 'Tesco Olives With Cheddar & Tomatoes 160G', 'product_price': '£ 2.50', 'product_additionals': '£1.57/100g'}, {'shop': 'tesco', 'url': 'https://www.tesco.com/groceries/en-GB/products/305948529', 'product_name': 'Tesco Organic Mature Cheddar 400G', 'product_price': '£ 3.20', 'product_additionals': '£8.00/kg'}, {'shop': 'tesco', 'url': 'https://www.tesco.com/groceries/en-GB/products/299980798', 'product_name': 'Tesco Organic Medium Cheddar Cheese 220G', 'product_price': '£ 1.80', 'product_additionals': '£8.19/kg'}, {'shop': 'tesco', 'url': 'https://www.tesco.com/groceries/en-GB/products/254279217', 'product_name': 'Tesco Smoked Ham & Cheddar Sandwich', 'product_price': '£ 2.30', 'product_additionals': '£2.30/each'}, {'shop': 'tesco', 'url': 'https://www.tesco.com/groceries/en-GB/products/288589680', 'product_name': 'Tickler White Extra Mature White Cheddar 350G', 'product_price': '£ 4.00', 'product_additionals': '£11.43/kg'}, {'shop': 'tesco', 'url': 'https://www.tesco.com/groceries/en-GB/products/271208951', 'product_name': 'Tyrrells Crisps Mature Cheddar & Chive 150G', 'product_price': '£ 2.29', 'product_additionals': '£1.53/100g'}, {'shop': 'tesco', 'url': 'https://www.tesco.com/groceries/en-GB/products/308117627', 'product_name': 'Violife Smoky Cheddar Flavour Slices 200G', 'product_price': '£ 2.80', 'product_additionals': '£14.00/kg'}, {'shop': 'tesco', 'url': 'https://www.tesco.com/groceries/en-GB/products/305972822', 'product_name': 'Violife Vegan Epic Mature Cheddar Flavoured Block 200G', 'product_price': '£ 1.99', 'product_additionals': '£NaN/null'}, {'shop': 'tesco', 'url': 'https://www.tesco.com/groceries/en-GB/products/305844548', 'product_name': 'Walkers Max Double Crunch Cheddar Onion 140G', 'product_price': '£ 1.99', 'product_additionals': '£14.22/kg'}, {'shop': 'tesco', 'url': 'https://www.tesco.com/groceries/en-GB/products/302301551', 'product_name': 'Walkers Sensations Hickory Smoked Cheddar Crispy Bacon150g', 'product_price': '£ 1.99', 'product_additionals': '£1.33/100g'}, {'shop': 'aldi', 'url': 'https://www.aldi.co.uk/west-country-extra-mature-cheddar/p/704328360428500', 'product_name': 'West Country Extra Mature Cheddar', 'product_price': '2.49', 'product_additionals': '£6.23 per kg'}, {'shop': 'tesco', 'url': 'https://www.tesco.com/groceries/en-GB/products/305835909', 'product_name': 'Yeo Valley Organic Cheddar Mature 300G', 'product_price': '£ 3.50', 'product_additionals': '£11.67/kg'}]


x[{'shop': 'tesco', 'url': 'https://www.tesco.com/groceries/en-GB/products/253846631', 'product_name': 'Tesco Finest 4 All Butter & Cheddar Scones', 'product_price': '£ 1.50', 'product_additionals': '£0.38/each'}, {'shop': 'tesco', 'url': 'https://www.tesco.com/groceries/en-GB/products/255420953', 'product_name': 'Tesco Ham & Cheddar Sub', 'product_price': '£ 2.50', 'product_additionals': '£2.50/each'}, {'shop': 'tesco', 'url': 'https://www.tesco.com/groceries/en-GB/products/254279217', 'product_name': 'Tesco Smoked Ham & Cheddar Sandwich', 'product_price': '£ 2.30', 'product_additionals': '£2.30/each'}, {'shop': 'tesco', 'url': 'https://www.tesco.com/groceries/en-GB/products/307338540', 'product_name': 'Pukka Just For Two Vintage Cheddar & Leek Pie', 'product_price': '£ 3.00', 'product_additionals': '£3.00/each'}, {'shop': 'tesco', 'url': 'https://www.tesco.com/groceries/en-GB/products/299982617', 'product_name': 'Tesco Cheddar Mash 450G', 'product_price': '£ 1.50', 'product_additionals': '£3.34/kg'}, {'shop': 'tesco', 'url': 'https://www.tesco.com/groceries/en-GB/products/305977270', 'product_name': 'Tesco Mature Cheddar 400G', 'product_price': '£ 2.00', 'product_additionals': '£5.00/kg'}, {'shop': 'tesco', 'url': 'https://www.tesco.com/groceries/en-GB/products/305951277', 'product_name': 'Tesco Medium Cheddar 400G', 'product_price': '£ 2.00', 'product_additionals': '£5.00/kg'}, {'shop': 'tesco', 'url': 'https://www.tesco.com/groceries/en-GB/products/302676567', 'product_name': 'Creamfields Mild White Cheddar 400G', 'product_price': '£ 1.79', 'product_additionals': '£4.48/kg'}, {'shop': 'tesco', 'url': 'https://www.tesco.com/groceries/en-GB/products/300066676', 'product_name': 'Creamfields Grated Cheddar 450G', 'product_price': '£ 2.24', 'product_additionals': '£4.98/kg'}, {'shop': 'tesco', 'url': 'https://www.tesco.com/groceries/en-GB/products/301511183', 'product_name': 'Creamfields Mild White Cheddar Large', 'product_price': '£ 4.43', 'product_additionals': '£4.43/kg'}, {'shop': 'tesco', 'url': 'https://www.tesco.com/groceries/en-GB/products/302676607', 'product_name': 'Creamfields Mature White Cheddar 400G', 'product_price': '£ 1.79', 'product_additionals': '£4.48/kg'}, {'shop': 'tesco', 'url': 'https://www.tesco.com/groceries/en-GB/products/302676589', 'product_name': 'Creamfields Medium White Cheddar 400G', 'product_price': '£ 1.79', 'product_additionals': '£4.48/kg'}, {'shop': 'tesco', 'url': 'https://www.tesco.com/groceries/en-GB/products/301511281', 'product_name': 'Creamfields Mature White Cheddar Large', 'product_price': '£ 3.99', 'product_additionals': '£4.43/kg'}, {'shop': 'tesco', 'url': 'https://www.tesco.com/groceries/en-GB/products/305973280', 'product_name': 'Tesco British Mild Cheddar Cheese 400G', 'product_price': '£ 2.00', 'product_additionals': '£5.00/kg'}, {'shop': 'tesco', 'url': 'https://www.tesco.com/groceries/en-GB/products/306665741', 'product_name': 'Tesco Extra Mature Cheddar Cheese 400G', 'product_price': '£ 2.00', 'product_additionals': '£5.00/kg'}, {'shop': 'tesco', 'url': 'https://www.tesco.com/groceries/en-GB/products/300066653', 'product_name': 'Creamfields Mild Cheddar 10 Slices 200G', 'product_price': '£ 0.99', 'product_additionals': '£4.95/kg'}, {'shop': 'tesco', 'url': 'https://www.tesco.com/groceries/en-GB/products/303806049', 'product_name': 'Creamfields Grated Mature Cheddar 250G', 'product_price': '£ 1.49', 'product_additionals': '£5.96/kg'}, {'shop': 'tesco', 'url': 'https://www.tesco.com/groceries/en-GB/products/253704206', 'product_name': 'Tesco Mature Grated Cheddar 250G', 'product_price': '£ 1.75', 'product_additionals': '£7.00/kg'}, {'shop': 'tesco', 'url': 'https://www.tesco.com/groceries/en-GB/products/264156296', 'product_name': 'Tesco Mild 10 Cheddar Slices 250G', 'product_price': '£ 1.75', 'product_additionals': '£7.00/kg'}, {'shop': 'tesco', 'url': 'https://www.tesco.com/groceries/en-GB/products/288986181', 'product_name': 'Cathedral City Mild Cheddar 550G', 'product_price': '£ 4.00', 'product_additionals': '£7.28/kg'}, {'shop': 'tesco', 'url': 'https://www.tesco.com/groceries/en-GB/products/293257410', 'product_name': 'Pilgrims Choice Mature Cheddar 550G', 'product_price': '£ 3.75', 'product_additionals': '£6.82/kg'}, {'shop': 'tesco', 'url': 'https://www.tesco.com/groceries/en-GB/products/264156267', 'product_name': 'Tesco 10 Medium Cheddar Slices 250G', 'product_price': '£ 1.75', 'product_additionals': '£7.00/kg'}, {'shop': 'tesco', 'url': 'https://www.tesco.com/groceries/en-GB/products/264156169', 'product_name': 'Tesco Mature 10 Cheddar Slices 250G', 'product_price': '£ 1.75', 'product_additionals': '£7.00/kg'}, {'shop': 'tesco', 'url': 'https://www.tesco.com/groceries/en-GB/products/277925449', 'product_name': 'Cathedral City Mature Cheddar 550G', 'product_price': '£ 4.00', 'product_additionals': '£7.28/kg'}, {'shop': 'tesco', 'url': 'https://www.tesco.com/groceries/en-GB/products/268768873', 'product_name': 'Cathedral City Mature Cheddar 350G', 'product_price': '£ 2.59', 'product_additionals': '£7.40/kg'}, {'shop': 'tesco', 'url': 'https://www.tesco.com/groceries/en-GB/products/267308648', 'product_name': 'Cathedral City Lighter Cheddar 350G', 'product_price': '£ 2.59', 'product_additionals': '£7.40/kg'}, {'shop': 'tesco', 'url': 'https://www.tesco.com/groceries/en-GB/products/268900953', 'product_name': 'Pilgrims Choice Mature Cheddar 350G', 'product_price': '£ 2.59', 'product_additionals': '£7.40/kg'}, {'shop': 'tesco', 'url': 'https://www.tesco.com/groceries/en-GB/products/264886952', 'product_name': 'Tesco British Mild Grated Cheddar 250G', 'product_price': '£ 1.75', 'product_additionals': '£7.00/kg'}, {'shop': 'tesco', 'url': 'https://www.tesco.com/groceries/en-GB/products/256344327', 'product_name': 'Tesco Extra Mature Grated Cheddar 250G', 'product_price': '£ 1.75', 'product_additionals': '£7.00/kg'}, {'shop': 'tesco', 'url': 'https://www.tesco.com/groceries/en-GB/products/300257018', 'product_name': 'Tesco British Mild Cheddar Cheese 220G', 'product_price': '£ 1.55', 'product_additionals': '£7.05/kg'}, {'shop': 'tesco', 'url': 'https://www.tesco.com/groceries/en-GB/products/305948529', 'product_name': 'Tesco Organic Mature Cheddar 400G', 'product_price': '£ 3.20', 'product_additionals': '£8.00/kg'}, {'shop': 'tesco', 'url': 'https://www.tesco.com/groceries/en-GB/products/254925467', 'product_name': 'Jacobs Baked Cheddar Biscuits Cheese 150G', 'product_price': '£ 1.00', 'product_additionals': '£0.67/100g'}, {'shop': 'tesco', 'url': 'https://www.tesco.com/groceries/en-GB/products/296447560', 'product_name': 'Tesco Finest West Country Cheddar Coleslaw 250G', 'product_price': '£ 1.50', 'product_additionals': '£0.60/100g'}, {'shop': 'tesco', 'url': 'https://www.tesco.com/groceries/en-GB/products/300935339', 'product_name': 'Pilgrims Choice Extra Mature Cheddar 550G', 'product_price': '£ 3.75', 'product_additionals': '£6.82/kg'}, {'shop': 'tesco', 'url': 'https://www.tesco.com/groceries/en-GB/products/253704097', 'product_name': 'Tesco British Medium Grated Cheddar 250G', 'product_price': '£ 1.75', 'product_additionals': '£7.00/kg'}, {'shop': 'tesco', 'url': 'https://www.tesco.com/groceries/en-GB/products/272490780', 'product_name': 'Tesco Finest 4 Vintage Cheddar Burgers 454G', 'product_price': '£ 3.00', 'product_additionals': '£6.61/kg'}, {'shop': 'tesco', 'url': 'https://www.tesco.com/groceries/en-GB/products/300257744', 'product_name': 'Tesco British Mature Cheddar Cheese 220G', 'product_price': '£ 1.55', 'product_additionals': '£7.05/kg'}, {'shop': 'tesco', 'url': 'https://www.tesco.com/groceries/en-GB/products/300257410', 'product_name': 'Tesco British Medium Cheddar Cheese 220G', 'product_price': '£ 1.55', 'product_additionals': '£7.05/kg'}, {'shop': 'tesco', 'url': 'https://www.tesco.com/groceries/en-GB/products/264156434', 'product_name': 'Tesco 10 Extra Mature Cheddar Slices 250G', 'product_price': '£ 1.75', 'product_additionals': '£7.00/kg'}, {'shop': 'tesco', 'url': 'https://www.tesco.com/groceries/en-GB/products/251228859', 'product_name': 'Jacobs Mini Cheddars 12X25g', 'product_price': '£ 3.00', 'product_additionals': '£1.00/100g'}, {'shop': 'tesco', 'url': 'https://www.tesco.com/groceries/en-GB/products/276902311', 'product_name': "Tesco Cheddar With Chilli's 200G", 'product_price': '£ 1.75', 'product_additionals': '£8.75/kg'}, {'shop': 'tesco', 'url': 'https://www.tesco.com/groceries/en-GB/products/288986209', 'product_name': 'Cathedral City Extra Mature Cheddar 550G', 'product_price': '£ 4.00', 'product_additionals': '£7.28/kg'}, {'shop': 'tesco', 'url': 'https://www.tesco.com/groceries/en-GB/products/268903247', 'product_name': 'Pilgrims Choice Extra Mature Cheddar 350G', 'product_price': '£ 2.59', 'product_additionals': '£7.40/kg'}, {'shop': 'tesco', 'url': 'https://www.tesco.com/groceries/en-GB/products/287972469', 'product_name': 'Lactofree Grated Cheddar 200G', 'product_price': '£ 2.00', 'product_additionals': '£10.00/kg'}, {'shop': 'tesco', 'url': 'https://www.tesco.com/groceries/en-GB/products/255160730', 'product_name': 'Tesco Finest Mature Cheddar & Onion Crisps 150G', 'product_price': '£ 1.00', 'product_additionals': '£0.67/100g'}, {'shop': 'tesco', 'url': 'https://www.tesco.com/groceries/en-GB/products/300257767', 'product_name': 'Tesco British Extra Mature Cheddar Cheese 220G', 'product_price': '£ 1.55', 'product_additionals': '£7.05/kg'}, {'shop': 'tesco', 'url': 'https://www.tesco.com/groceries/en-GB/products/299980798', 'product_name': 'Tesco Organic Medium Cheddar Cheese 220G', 'product_price': '£ 1.80', 'product_additionals': '£8.19/kg'}, {'shop': 'tesco', 'url': 'https://www.tesco.com/groceries/en-GB/products/283788008', 'product_name': 'Lactofree Mature Cheddar Cheese 200G', 'product_price': '£ 1.80', 'product_additionals': '£9.00/kg'}, {'shop': 'tesco', 'url': 'https://www.tesco.com/groceries/en-GB/products/294174009', 'product_name': 'Tesco Finest Viintage Cheddar 300G', 'product_price': '£ 3.00', 'product_additionals': '£10.00/kg'}, {'shop': 'tesco', 'url': 'https://www.tesco.com/groceries/en-GB/products/296492107', 'product_name': 'Higgidy Bacon & Cheddar Quiche 400G', 'product_price': '£ 4.00', 'product_additionals': '£1.00/100g'}, {'shop': 'tesco', 'url': 'https://www.tesco.com/groceries/en-GB/products/301063919', 'product_name': 'Jacobs Mini Cheddars Original 6X25g', 'product_price': '£ 1.50', 'product_additionals': '£1.00/100g'}, {'shop': 'tesco', 'url': 'https://www.tesco.com/groceries/en-GB/products/304371711', 'product_name': 'Tesco Cheddar Pastry Pork Pies 100G', 'product_price': '£ 1.00', 'product_additionals': '£1.00/100g'}, {'shop': 'tesco', 'url': 'https://www.tesco.com/groceries/en-GB/products/268111124', 'product_name': 'Pilgrims Choice Lighter Mature Cheddar Cheese 350G', 'product_price': '£ 2.59', 'product_additionals': '£7.40/kg'}, {'shop': 'tesco', 'url': 'https://www.tesco.com/groceries/en-GB/products/284556063', 'product_name': 'Tesco Free From 2 Ham Hock & Cheddar Crisp Bakes 270G', 'product_price': '£ 2.00', 'product_additionals': '£7.41/kg'}, {'shop': 'tesco', 'url': 'https://www.tesco.com/groceries/en-GB/products/294173984', 'product_name': 'Tesco Finest Extra Mature English Cheddar 350G', 'product_price': '£ 3.00', 'product_additionals': '£8.58/kg'}, {'shop': 'tesco', 'url': 'https://www.tesco.com/groceries/en-GB/products/273196994', 'product_name': 'Cheestrings 8 Pack Cheddar 160G', 'product_price': '£ 1.95', 'product_additionals': '£12.19/kg'}, {'shop': 'tesco', 'url': 'https://www.tesco.com/groceries/en-GB/products/301063891', 'product_name': 'Jacobs Mini Cheddars Red Leicester 6X25g', 'product_price': '£ 1.50', 'product_additionals': '£1.00/100g'}, {'shop': 'tesco', 'url': 'https://www.tesco.com/groceries/en-GB/products/299576603', 'product_name': 'Jacobs Mini Cheddars Red Leicester 12X25g', 'product_price': '£ 3.00', 'product_additionals': '£1.00/100g'}, {'shop': 'tesco', 'url': 'https://www.tesco.com/groceries/en-GB/products/286266161', 'product_name': 'Tesco Finest Cheddar Red Onion Mini Flatbreads 295G', 'product_price': '£ 2.45', 'product_additionals': '£0.83/100g'}, {'shop': 'tesco', 'url': 'https://www.tesco.com/groceries/en-GB/products/303485250', 'product_name': "Mccoy's Cheddar & Onion Crisps 6X25g", 'product_price': '£ 1.70', 'product_additionals': '£1.14/100g'}, {'shop': 'tesco', 'url': 'https://www.tesco.com/groceries/en-GB/products/287787562', 'product_name': 'Tesco Mixed Olives With Cheddar 220G', 'product_price': '£ 2.50', 'product_additionals': '£1.14/100g'}, {'shop': 'tesco', 'url': 'https://www.tesco.com/groceries/en-GB/products/304383207', 'product_name': 'Tesco Finest Coastal Bite Cheddar 200G', 'product_price': '£ 2.20', 'product_additionals': '£11.00/kg'}, {'shop': 'tesco', 'url': 'https://www.tesco.com/groceries/en-GB/products/302292462', 'product_name': 'Tesco Cheddar With Garlic & Herb 190G', 'product_price': '£ 2.20', 'product_additionals': '£1.16/100g'}, {'shop': 'tesco', 'url': 'https://www.tesco.com/groceries/en-GB/products/294375929', 'product_name': 'Tesco Finest Maple Bacon & Extra Mature Cheddar Quiche 400G', 'product_price': '£ 3.10', 'product_additionals': '£0.78/100g'}, {'shop': 'tesco', 'url': 'https://www.tesco.com/groceries/en-GB/products/273163417', 'product_name': 'Tesco Finest Vintage Cheddar & Caramelised Onion Quiche400g', 'product_price': '£ 3.10', 'product_additionals': '£0.78/100g'}, {'shop': 'tesco', 'url': 'https://www.tesco.com/groceries/en-GB/products/277759611', 'product_name': 'Davidstow Mature Cornish Classic Cheddar 350G', 'product_price': '£ 3.50', 'product_additionals': '£10.00/kg'}, {'shop': 'tesco', 'url': 'https://www.tesco.com/groceries/en-GB/products/264014086', 'product_name': 'Ilchester Applewood Smoked Cheddar 185G', 'product_price': '£ 2.10', 'product_additionals': '£11.36/kg'}, {'shop': 'tesco', 'url': 'https://www.tesco.com/groceries/en-GB/products/302277360', 'product_name': 'Counter Pilgrims Choice Mature Cheddar Cheese 240G', 'product_price': '£ 2.20', 'product_additionals': '£9.17/kg'}, {'shop': 'tesco', 'url': 'https://www.tesco.com/groceries/en-GB/products/303851911', 'product_name': 'Seriously Cheese Vintage Cheddar Spreadable 125G', 'product_price': '£ 1.19', 'product_additionals': '£9.52/kg'}, {'shop': 'tesco', 'url': 'https://www.tesco.com/groceries/en-GB/products/305835909', 'product_name': 'Yeo Valley Organic Cheddar Mature 300G', 'product_price': '£ 3.50', 'product_additionals': '£11.67/kg'}, {'shop': 'tesco', 'url': 'https://www.tesco.com/groceries/en-GB/products/256645904', 'product_name': 'Chevington Grated Mild Cheddar Cheese 400G', 'product_price': '£ 4.30', 'product_additionals': '£10.75/kg'}, {'shop': 'tesco', 'url': 'https://www.tesco.com/groceries/en-GB/products/305738323', 'product_name': 'Jacobs Mini Cheddars Lime & Chilli 6 Pack 150G', 'product_price': '£ 1.50', 'product_additionals': '£1.00/100g'}, {'shop': 'tesco', 'url': 'https://www.tesco.com/groceries/en-GB/products/293062790', 'product_name': 'Mexicana Original Hot Cheddar With Chilli 200G', 'product_price': '£ 2.00', 'product_additionals': '£10.00/kg'}, {'shop': 'tesco', 'url': 'https://www.tesco.com/groceries/en-GB/products/304404432', 'product_name': 'Tesco Finest Vintage Cheddar 200G', 'product_price': '£ 2.75', 'product_additionals': '£1.38/100g'}, {'shop': 'tesco', 'url': 'https://www.tesco.com/groceries/en-GB/products/305729305', 'product_name': "Jacob's Mini Cheddars Nacho Cheese & Jalapeno 6X25g", 'product_price': '£ 1.50', 'product_additionals': '£1.00/100g'}, {'shop': 'tesco', 'url': 'https://www.tesco.com/groceries/en-GB/products/288589680', 'product_name': 'Tickler White Extra Mature White Cheddar 350G', 'product_price': '£ 4.00', 'product_additionals': '£11.43/kg'}, {'shop': 'tesco', 'url': 'https://www.tesco.com/groceries/en-GB/products/302275857', 'product_name': 'Ilchester Applewood Smoked Cheddar 170G', 'product_price': '£ 2.20', 'product_additionals': '£12.95/kg'}, {'shop': 'tesco', 'url': 'https://www.tesco.com/groceries/en-GB/products/302219551', 'product_name': 'Cathedral City Lactose Free Mature Cheddar 200G', 'product_price': '£ 2.25', 'product_additionals': '£1.13/100g'}, {'shop': 'tesco', 'url': 'https://www.tesco.com/groceries/en-GB/products/308106698', 'product_name': "Jacob's Mini Chedders Sticks Cheddar 150G", 'product_price': '£ 1.99', 'product_additionals': '£1.33/100g'}, {'shop': 'tesco', 'url': 'https://www.tesco.com/groceries/en-GB/products/308107000', 'product_name': 'Jacobs Mini Cheddars, Cheddar & Steak 150G', 'product_price': '£ 1.99', 'product_additionals': '£1.33/100g'}, {'shop': 'tesco', 'url': 'https://www.tesco.com/groceries/en-GB/products/302287601', 'product_name': 'Ilchester Mexicana Original Hot Cheddar 170G', 'product_price': '£ 2.20', 'product_additionals': '£12.95/kg'}, {'shop': 'tesco', 'url': 'https://www.tesco.com/groceries/en-GB/products/308117627', 'product_name': 'Violife Smoky Cheddar Flavour Slices 200G', 'product_price': '£ 2.80', 'product_additionals': '£14.00/kg'}, {'shop': 'tesco', 'url': 'https://www.tesco.com/groceries/en-GB/products/300000069', 'product_name': 'Tesco British Mature Cheddar Snack Sticks 5X20g', 'product_price': '£ 1.25', 'product_additionals': '£12.50/kg'}, {'shop': 'tesco', 'url': 'https://www.tesco.com/groceries/en-GB/products/259610296', 'product_name': 'Kettle Chips Mature Cheddar & Red Onion 150G', 'product_price': '£ 1.99', 'product_additionals': '£1.33/100g'}, {'shop': 'tesco', 'url': 'https://www.tesco.com/groceries/en-GB/products/274051099', 'product_name': "Amy's Kitchen Cheddar Rice & Bean Burrito 156G", 'product_price': '£ 2.00', 'product_additionals': '£12.83/kg'}, {'shop': 'tesco', 'url': 'https://www.tesco.com/groceries/en-GB/products/295348530', 'product_name': 'Tesco Free From Coconut Oil Alternative To Mature Cheddar 200G', 'product_price': '£ 2.00', 'product_additionals': '£10.00/kg'}, {'shop': 'tesco', 'url': 'https://www.tesco.com/groceries/en-GB/products/273197498', 'product_name': 'Cheestrings Cheddar 4 Pack 80G', 'product_price': '£ 1.50', 'product_additionals': '£18.75/kg'}, {'shop': 'tesco', 'url': 'https://www.tesco.com/groceries/en-GB/products/300961808', 'product_name': "Counter Holly's Food Emporium Cheddar Oat Biscuits 144G", 'product_price': '£ 1.60', 'product_additionals': '£1.12/100g'}, {'shop': 'tesco', 'url': 'https://www.tesco.com/groceries/en-GB/products/254881713', 'product_name': "Colman's Cheddar Cheese Sauce Mix 40G", 'product_price': '£ 0.65', 'product_additionals': '£1.63/100g'}, {'shop': 'tesco', 'url': 'https://www.tesco.com/groceries/en-GB/products/305844548', 'product_name': 'Walkers Max Double Crunch Cheddar Onion 140G', 'product_price': '£ 1.99', 'product_additionals': '£14.22/kg'}, {'shop': 'tesco', 'url': 'https://www.tesco.com/groceries/en-GB/products/297519360', 'product_name': 'Eat Real Quinoa Puff White Cheddar 113G', 'product_price': '£ 1.80', 'product_additionals': '£15.93/kg'}, {'shop': 'tesco', 'url': 'https://www.tesco.com/groceries/en-GB/products/292010864', 'product_name': 'Mccoys Cheddar & Onion Crisps 47.5G', 'product_price': '£ 0.85', 'product_additionals': '£1.79/100g'}, {'shop': 'tesco', 'url': 'https://www.tesco.com/groceries/en-GB/products/305987880', 'product_name': 'Tesco Olives With Cheddar & Tomatoes 160G', 'product_price': '£ 2.50', 'product_additionals': '£1.57/100g'}, {'shop': 'tesco', 'url': 'https://www.tesco.com/groceries/en-GB/products/302301597', 'product_name': 'Tesco Cheddar With Oak Smoked Jalapeno & Red Pepper 180G', 'product_price': '£ 2.20', 'product_additionals': '£0.12/10g'}, {'shop': 'tesco', 'url': 'https://www.tesco.com/groceries/en-GB/products/306655649', 'product_name': 'Castello Cheddar Cheese Slices With Red Onion 150G', 'product_price': '£ 2.00', 'product_additionals': '£13.34/kg'}, {'shop': 'tesco', 'url': 'https://www.tesco.com/groceries/en-GB/products/258376695', 'product_name': 'Jacobs Mini Cheddar Original Snack 50G', 'product_price': '£ 0.85', 'product_additionals': '£1.70/100g'}, {'shop': 'tesco', 'url': 'https://www.tesco.com/groceries/en-GB/products/271208951', 'product_name': 'Tyrrells Crisps Mature Cheddar & Chive 150G', 'product_price': '£ 2.29', 'product_additionals': '£1.53/100g'}, {'shop': 'tesco', 'url': 'https://www.tesco.com/groceries/en-GB/products/303853022', 'product_name': 'Higgidy Cheddar & Onion Veggie Rolls 160G', 'product_price': '£ 2.60', 'product_additionals': '£1.63/100g'}, {'shop': 'tesco', 'url': 'https://www.tesco.com/groceries/en-GB/products/252176935', 'product_name': 'Schwartz Mix For Cheddar Cheese Sauce 40G', 'product_price': '£ 0.65', 'product_additionals': '£1.63/100g'}, {'shop': 'tesco', 'url': 'https://www.tesco.com/groceries/en-GB/products/306494659', 'product_name': 'Tesco Finest 4 Vintage Cheddar & Caramelised Onion Rolls 188G', 'product_price': '£ 2.30', 'product_additionals': '£1.23/100g'}, {'shop': 'tesco', 'url': 'https://www.tesco.com/groceries/en-GB/products/302301551', 'product_name': 'Walkers Sensations Hickory Smoked Cheddar Crispy Bacon150g', 'product_price': '£ 1.99', 'product_additionals': '£1.33/100g'}, {'shop': 'tesco', 'url': 'https://www.tesco.com/groceries/en-GB/products/295348575', 'product_name': 'Tesco Free From Coconut Oil Alternative To Jalapeno & Chilli Cheddar 200G', 'product_price': '£ 2.25', 'product_additionals': '£11.25/kg'}, {'shop': 'tesco', 'url': 'https://www.tesco.com/groceries/en-GB/products/306663910', 'product_name': 'Follow Your Heart Medium 10 Cheddar Style Slice 200G', 'product_price': '£ 3.30', 'product_additionals': '£16.50/kg'}, {'shop': 'tesco', 'url': 'https://www.tesco.com/groceries/en-GB/products/290898835', 'product_name': 'Kettle Chips Mature Cheddar & Red Onion 40G', 'product_price': '£ 0.85', 'product_additionals': '£2.13/100g'}, {'shop': 'tesco', 'url': 'https://www.tesco.com/groceries/en-GB/products/302285338', 'product_name': 'Counter Quickes Traditional Mature Cheddar Cheese 150G', 'product_price': '£ 2.75', 'product_additionals': '£18.34/kg'}, {'shop': 'tesco', 'url': 'https://www.tesco.com/groceries/en-GB/products/302838394', 'product_name': 'Cathedral City Snackbar Mature Cheddar 24G', 'product_price': '£ 0.65', 'product_additionals': '£2.71/100g'}, {'shop': 'tesco', 'url': 'https://www.tesco.com/groceries/en-GB/products/305959999', 'product_name': 'Peperami Snack Box Mini Chorizo & Cheddar Cheese 50G', 'product_price': '£ 1.50', 'product_additionals': '£3.00/100g'}]


bestFromShops[[], [], [{'shop': 'tesco', 'url': 'https://www.tesco.com/groceries/en-GB/products/253846631', 'product_name': 'Tesco Finest 4 All Butter & Cheddar Scones', 'product_price': '£ 1.50', 'product_additionals': '£0.38/each'}], [], []]


