Cheddar

Prod_checked
[{'shop': 'tesco', 'url': 'https://www.tesco.com/groceries/en-GB/products/274051099', 'product_name': "Amy's Kitchen Cheddar Rice & Bean Burrito 156G", 'product_price': '£ 2.00', 'product_additionals': '£12.83/kg'}, {'shop': 'aldi', 'url': 'https://www.aldi.co.uk/british-mature-grated-cheddar/p/051748004429600', 'product_name': 'British Mature Grated Cheddar', 'product_price': '1.49', 'product_additionals': '£5.96 per kg'}, {'shop': 'aldi', 'url': 'https://www.aldi.co.uk/british-medium-cheddar/p/079452177618600', 'product_name': 'British Medium Cheddar', 'product_price': '1.79', 'product_additionals': '£4.48 per kg'}, {'shop': 'tesco', 'url': 'https://www.tesco.com/groceries/en-GB/products/306655649', 'product_name': 'Castello Cheddar Cheese Slices With Red Onion 150G', 'product_price': '£ 2.00', 'product_additionals': '£13.34/kg'}, {'shop': 'tesco', 'url': 'https://www.tesco.com/groceries/en-GB/products/288986209', 'product_name': 'Cathedral City Extra Mature Cheddar 550G', 'product_price': '£ 4.00', 'product_additionals': '£7.28/kg'}, {'shop': 'tesco', 'url': 'https://www.tesco.com/groceries/en-GB/products/302219551', 'product_name': 'Cathedral City Lactose Free Mature Cheddar 200G', 'product_price': '£ 2.25', 'product_additionals': '£1.13/100g'}, {'shop': 'tesco', 'url': 'https://www.tesco.com/groceries/en-GB/products/267308648', 'product_name': 'Cathedral City Lighter Cheddar 350G', 'product_price': '£ 2.59', 'product_additionals': '£7.40/kg'}, {'shop': 'tesco', 'url': 'https://www.tesco.com/groceries/en-GB/products/268768873', 'product_name': 'Cathedral City Mature Cheddar 350G', 'product_price': '£ 2.59', 'product_additionals': '£7.40/kg'}, {'shop': 'tesco', 'url': 'https://www.tesco.com/groceries/en-GB/products/277925449', 'product_name': 'Cathedral City Mature Cheddar 550G', 'product_price': '£ 4.00', 'product_additionals': '£7.28/kg'}, {'shop': 'tesco', 'url': 'https://www.tesco.com/groceries/en-GB/products/288986181', 'product_name': 'Cathedral City Mild Cheddar 550G', 'product_price': '£ 4.00', 'product_additionals': '£7.28/kg'}, {'shop': 'tesco', 'url': 'https://www.tesco.com/groceries/en-GB/products/302838394', 'product_name': 'Cathedral City Snackbar Mature Cheddar 24G', 'product_price': '£ 0.65', 'product_additionals': '£2.71/100g'}, {'shop': 'aldi', 'url': 'https://www.aldi.co.uk/cheddar-%26-onion-potato-crisps/p/010770306272801', 'product_name': 'Cheddar & Onion Potato Crisps', 'product_price': '0.89', 'product_additionals': '59.3p per 100g'}, {'shop': 'aldi', 'url': 'https://www.aldi.co.uk/cheddar-cheese-%26-red-onion-flatbread/p/701013314550000', 'product_name': 'Cheddar Cheese & Red Onion Flatbread', 'product_price': '1.69', 'product_additionals': '£6.76 per kg'}, {'shop': 'aldi', 'url': 'https://www.aldi.co.uk/cheddar-cheese-with-fruity-pickle/p/018588410190002', 'product_name': 'Cheddar Cheese with Fruity Pickle', 'product_price': '1.59', 'product_additionals': ''}, {'shop': 'tesco', 'url': 'https://www.tesco.com/groceries/en-GB/products/273196994', 'product_name': 'Cheestrings 8 Pack Cheddar 160G', 'product_price': '£ 1.95', 'product_additionals': '£12.19/kg'}, {'shop': 'tesco', 'url': 'https://www.tesco.com/groceries/en-GB/products/273197498', 'product_name': 'Cheestrings Cheddar 4 Pack 80G', 'product_price': '£ 1.50', 'product_additionals': '£18.75/kg'}, {'shop': 'tesco', 'url': 'https://www.tesco.com/groceries/en-GB/products/256645904', 'product_name': 'Chevington Grated Mild Cheddar Cheese 400G', 'product_price': '£ 4.30', 'product_additionals': '£10.75/kg'}, {'shop': 'tesco', 'url': 'https://www.tesco.com/groceries/en-GB/products/254881713', 'product_name': "Colman's Cheddar Cheese Sauce Mix 40G", 'product_price': '£ 0.65', 'product_additionals': '£1.63/100g'}, {'shop': 'tesco', 'url': 'https://www.tesco.com/groceries/en-GB/products/300961808', 'product_name': "Counter Holly's Food Emporium Cheddar Oat Biscuits 144G", 'product_price': '£ 1.60', 'product_additionals': '£1.12/100g'}, {'shop': 'tesco', 'url': 'https://www.tesco.com/groceries/en-GB/products/302277360', 'product_name': 'Counter Pilgrims Choice Mature Cheddar Cheese 240G', 'product_price': '£ 2.20', 'product_additionals': '£9.17/kg'}, {'shop': 'tesco', 'url': 'https://www.tesco.com/groceries/en-GB/products/302285338', 'product_name': 'Counter Quickes Traditional Mature Cheddar Cheese 150G', 'product_price': '£ 2.75', 'product_additionals': '£18.34/kg'}, {'shop': 'tesco', 'url': 'https://www.tesco.com/groceries/en-GB/products/300066676', 'product_name': 'Creamfields Grated Cheddar 450G', 'product_price': '£ 2.24', 'product_additionals': '£4.98/kg'}, {'shop': 'tesco', 'url': 'https://www.tesco.com/groceries/en-GB/products/303806049', 'product_name': 'Creamfields Grated Mature Cheddar 250G', 'product_price': '£ 1.49', 'product_additionals': '£5.96/kg'}, {'shop': 'tesco', 'url': 'https://www.tesco.com/groceries/en-GB/products/302676607', 'product_name': 'Creamfields Mature White Cheddar 400G', 'product_price': '£ 1.79', 'product_additionals': '£4.48/kg'}, {'shop': 'tesco', 'url': 'https://www.tesco.com/groceries/en-GB/products/301511281', 'product_name': 'Creamfields Mature White Cheddar Large', 'product_price': '£ 3.99', 'product_additionals': '£4.43/kg'}, {'shop': 'tesco', 'url': 'https://www.tesco.com/groceries/en-GB/products/302676589', 'product_name': 'Creamfields Medium White Cheddar 400G', 'product_price': '£ 1.79', 'product_additionals': '£4.48/kg'}, {'shop': 'tesco', 'url': 'https://www.tesco.com/groceries/en-GB/products/300066653', 'product_name': 'Creamfields Mild Cheddar 10 Slices 200G', 'product_price': '£ 0.99', 'product_additionals': '£4.95/kg'}, {'shop': 'tesco', 'url': 'https://www.tesco.com/groceries/en-GB/products/302676567', 'product_name': 'Creamfields Mild White Cheddar 400G', 'product_price': '£ 1.79', 'product_additionals': '£4.48/kg'}, {'shop': 'tesco', 'url': 'https://www.tesco.com/groceries/en-GB/products/301511183', 'product_name': 'Creamfields Mild White Cheddar Large', 'product_price': '£ 4.43', 'product_additionals': '£4.43/kg'}, {'shop': 'tesco', 'url': 'https://www.tesco.com/groceries/en-GB/products/277759611', 'product_name': 'Davidstow Mature Cornish Classic Cheddar 350G', 'product_price': '£ 3.50', 'product_additionals': '£10.00/kg'}, {'shop': 'tesco', 'url': 'https://www.tesco.com/groceries/en-GB/products/297519360', 'product_name': 'Eat Real Quinoa Puff White Cheddar 113G', 'product_price': '£ 1.80', 'product_additionals': '£15.93/kg'}, {'shop': 'tesco', 'url': 'https://www.tesco.com/groceries/en-GB/products/306663910', 'product_name': 'Follow Your Heart Medium 10 Cheddar Style Slice 200G', 'product_price': '£ 3.30', 'product_additionals': '£16.50/kg'}, {'shop': 'tesco', 'url': 'https://www.tesco.com/groceries/en-GB/products/296492107', 'product_name': 'Higgidy Bacon & Cheddar Quiche 400G', 'product_price': '£ 4.00', 'product_additionals': '£1.00/100g'}, {'shop': 'tesco', 'url': 'https://www.tesco.com/groceries/en-GB/products/303853022', 'product_name': 'Higgidy Cheddar & Onion Veggie Rolls 160G', 'product_price': '£ 2.60', 'product_additionals': '£1.63/100g'}, {'shop': 'tesco', 'url': 'https://www.tesco.com/groceries/en-GB/products/302275857', 'product_name': 'Ilchester Applewood Smoked Cheddar 170G', 'product_price': '£ 2.20', 'product_additionals': '£12.95/kg'}, {'shop': 'tesco', 'url': 'https://www.tesco.com/groceries/en-GB/products/264014086', 'product_name': 'Ilchester Applewood Smoked Cheddar 185G', 'product_price': '£ 2.10', 'product_additionals': '£11.36/kg'}, {'shop': 'tesco', 'url': 'https://www.tesco.com/groceries/en-GB/products/302287601', 'product_name': 'Ilchester Mexicana Original Hot Cheddar 170G', 'product_price': '£ 2.20', 'product_additionals': '£12.95/kg'}, {'shop': 'tesco', 'url': 'https://www.tesco.com/groceries/en-GB/products/305729305', 'product_name': "Jacob's Mini Cheddars Nacho Cheese & Jalapeno 6X25g", 'product_price': '£ 1.50', 'product_additionals': '£1.00/100g'}, {'shop': 'tesco', 'url': 'https://www.tesco.com/groceries/en-GB/products/308106698', 'product_name': "Jacob's Mini Chedders Sticks Cheddar 150G", 'product_price': '£ 1.99', 'product_additionals': '£1.33/100g'}, {'shop': 'tesco', 'url': 'https://www.tesco.com/groceries/en-GB/products/254925467', 'product_name': 'Jacobs Baked Cheddar Biscuits Cheese 150G', 'product_price': '£ 1.00', 'product_additionals': '£0.67/100g'}, {'shop': 'tesco', 'url': 'https://www.tesco.com/groceries/en-GB/products/258376695', 'product_name': 'Jacobs Mini Cheddar Original Snack 50G', 'product_price': '£ 0.85', 'product_additionals': '£1.70/100g'}, {'shop': 'tesco', 'url': 'https://www.tesco.com/groceries/en-GB/products/251228859', 'product_name': 'Jacobs Mini Cheddars 12X25g', 'product_price': '£ 3.00', 'product_additionals': '£1.00/100g'}, {'shop': 'tesco', 'url': 'https://www.tesco.com/groceries/en-GB/products/305738323', 'product_name': 'Jacobs Mini Cheddars Lime & Chilli 6 Pack 150G', 'product_price': '£ 1.50', 'product_additionals': '£1.00/100g'}, {'shop': 'tesco', 'url': 'https://www.tesco.com/groceries/en-GB/products/301063919', 'product_name': 'Jacobs Mini Cheddars Original 6X25g', 'product_price': '£ 1.50', 'product_additionals': '£1.00/100g'}, {'shop': 'tesco', 'url': 'https://www.tesco.com/groceries/en-GB/products/299576603', 'product_name': 'Jacobs Mini Cheddars Red Leicester 12X25g', 'product_price': '£ 3.00', 'product_additionals': '£1.00/100g'}, {'shop': 'tesco', 'url': 'https://www.tesco.com/groceries/en-GB/products/301063891', 'product_name': 'Jacobs Mini Cheddars Red Leicester 6X25g', 'product_price': '£ 1.50', 'product_additionals': '£1.00/100g'}, {'shop': 'tesco', 'url': 'https://www.tesco.com/groceries/en-GB/products/308107000', 'product_name': 'Jacobs Mini Cheddars, Cheddar & Steak 150G', 'product_price': '£ 1.99', 'product_additionals': '£1.33/100g'}, {'shop': 'tesco', 'url': 'https://www.tesco.com/groceries/en-GB/products/259610296', 'product_name': 'Kettle Chips Mature Cheddar & Red Onion 150G', 'product_price': '£ 1.99', 'product_additionals': '£1.33/100g'}, {'shop': 'tesco', 'url': 'https://www.tesco.com/groceries/en-GB/products/290898835', 'product_name': 'Kettle Chips Mature Cheddar & Red Onion 40G', 'product_price': '£ 0.85', 'product_additionals': '£2.13/100g'}, {'shop': 'tesco', 'url': 'https://www.tesco.com/groceries/en-GB/products/287972469', 'product_name': 'Lactofree Grated Cheddar 200G', 'product_price': '£ 2.00', 'product_additionals': '£10.00/kg'}, {'shop': 'tesco', 'url': 'https://www.tesco.com/groceries/en-GB/products/283788008', 'product_name': 'Lactofree Mature Cheddar Cheese 200G', 'product_price': '£ 1.80', 'product_additionals': '£9.00/kg'}, {'shop': 'aldi', 'url': 'https://www.aldi.co.uk/lockerbie-extra-mature-cheddar/p/071764056100800', 'product_name': 'Lockerbie Extra Mature Cheddar', 'product_price': '1.19', 'product_additionals': '£5.95 per kg'}, {'shop': 'aldi', 'url': 'https://www.aldi.co.uk/mature-white-cheddar/p/017623280982600', 'product_name': 'Mature White Cheddar', 'product_price': '3.99', 'product_additionals': '£4.43 per kg'}, {'shop': 'tesco', 'url': 'https://www.tesco.com/groceries/en-GB/products/303485250', 'product_name': "Mccoy's Cheddar & Onion Crisps 6X25g", 'product_price': '£ 1.70', 'product_additionals': '£1.14/100g'}, {'shop': 'tesco', 'url': 'https://www.tesco.com/groceries/en-GB/products/292010864', 'product_name': 'Mccoys Cheddar & Onion Crisps 47.5G', 'product_price': '£ 0.85', 'product_additionals': '£1.79/100g'}, {'shop': 'tesco', 'url': 'https://www.tesco.com/groceries/en-GB/products/293062790', 'product_name': 'Mexicana Original Hot Cheddar With Chilli 200G', 'product_price': '£ 2.00', 'product_additionals': '£10.00/kg'}, {'shop': 'tesco', 'url': 'https://www.tesco.com/groceries/en-GB/products/305959999', 'product_name': 'Peperami Snack Box Mini Chorizo & Cheddar Cheese 50G', 'product_price': '£ 1.50', 'product_additionals': '£3.00/100g'}, {'shop': 'tesco', 'url': 'https://www.tesco.com/groceries/en-GB/products/268903247', 'product_name': 'Pilgrims Choice Extra Mature Cheddar 350G', 'product_price': '£ 2.59', 'product_additionals': '£7.40/kg'}, {'shop': 'tesco', 'url': 'https://www.tesco.com/groceries/en-GB/products/300935339', 'product_name': 'Pilgrims Choice Extra Mature Cheddar 550G', 'product_price': '£ 3.75', 'product_additionals': '£6.82/kg'}, {'shop': 'tesco', 'url': 'https://www.tesco.com/groceries/en-GB/products/268111124', 'product_name': 'Pilgrims Choice Lighter Mature Cheddar Cheese 350G', 'product_price': '£ 2.59', 'product_additionals': '£7.40/kg'}, {'shop': 'tesco', 'url': 'https://www.tesco.com/groceries/en-GB/products/268900953', 'product_name': 'Pilgrims Choice Mature Cheddar 350G', 'product_price': '£ 2.59', 'product_additionals': '£7.40/kg'}, {'shop': 'tesco', 'url': 'https://www.tesco.com/groceries/en-GB/products/293257410', 'product_name': 'Pilgrims Choice Mature Cheddar 550G', 'product_price': '£ 3.75', 'product_additionals': '£6.82/kg'}, {'shop': 'tesco', 'url': 'https://www.tesco.com/groceries/en-GB/products/307338540', 'product_name': 'Pukka Just For Two Vintage Cheddar & Leek Pie', 'product_price': '£ 3.00', 'product_additionals': '£3.00/each'}, {'shop': 'tesco', 'url': 'https://www.tesco.com/groceries/en-GB/products/252176935', 'product_name': 'Schwartz Mix For Cheddar Cheese Sauce 40G', 'product_price': '£ 0.65', 'product_additionals': '£1.63/100g'}, {'shop': 'tesco', 'url': 'https://www.tesco.com/groceries/en-GB/products/303851911', 'product_name': 'Seriously Cheese Vintage Cheddar Spreadable 125G', 'product_price': '£ 1.19', 'product_additionals': '£9.52/kg'}, {'shop': 'aldi', 'url': 'https://www.aldi.co.uk/sliced-medium-coloured-cheddar/p/068266007550800', 'product_name': 'Sliced Medium Coloured Cheddar', 'product_price': '1.49', 'product_additionals': '£5.96 per kg'}, {'shop': 'aldi', 'url': 'https://www.aldi.co.uk/sliced-mild-coloured-cheddar/p/068266306644201', 'product_name': 'Sliced Mild Coloured Cheddar', 'product_price': '1.49', 'product_additionals': '£5.96 per kg'}, {'shop': 'aldi', 'url': 'https://www.aldi.co.uk/spicy-cheddar-with-chilli/p/072358299968804', 'product_name': 'Spicy Cheddar with Chilli', 'product_price': '1.49', 'product_additionals': '£7.45 per kg'}, {'shop': 'tesco', 'url': 'https://www.tesco.com/groceries/en-GB/products/264156434', 'product_name': 'Tesco 10 Extra Mature Cheddar Slices 250G', 'product_price': '£ 1.75', 'product_additionals': '£7.00/kg'}, {'shop': 'tesco', 'url': 'https://www.tesco.com/groceries/en-GB/products/264156267', 'product_name': 'Tesco 10 Medium Cheddar Slices 250G', 'product_price': '£ 1.75', 'product_additionals': '£7.00/kg'}, {'shop': 'tesco', 'url': 'https://www.tesco.com/groceries/en-GB/products/300257767', 'product_name': 'Tesco British Extra Mature Cheddar Cheese 220G', 'product_price': '£ 1.55', 'product_additionals': '£7.05/kg'}, {'shop': 'tesco', 'url': 'https://www.tesco.com/groceries/en-GB/products/300257744', 'product_name': 'Tesco British Mature Cheddar Cheese 220G', 'product_price': '£ 1.55', 'product_additionals': '£7.05/kg'}, {'shop': 'tesco', 'url': 'https://www.tesco.com/groceries/en-GB/products/300000069', 'product_name': 'Tesco British Mature Cheddar Snack Sticks 5X20g', 'product_price': '£ 1.25', 'product_additionals': '£12.50/kg'}, {'shop': 'tesco', 'url': 'https://www.tesco.com/groceries/en-GB/products/300257410', 'product_name': 'Tesco British Medium Cheddar Cheese 220G', 'product_price': '£ 1.55', 'product_additionals': '£7.05/kg'}, {'shop': 'tesco', 'url': 'https://www.tesco.com/groceries/en-GB/products/253704097', 'product_name': 'Tesco British Medium Grated Cheddar 250G', 'product_price': '£ 1.75', 'product_additionals': '£7.00/kg'}, {'shop': 'tesco', 'url': 'https://www.tesco.com/groceries/en-GB/products/300257018', 'product_name': 'Tesco British Mild Cheddar Cheese 220G', 'product_price': '£ 1.55', 'product_additionals': '£7.05/kg'}, {'shop': 'tesco', 'url': 'https://www.tesco.com/groceries/en-GB/products/305973280', 'product_name': 'Tesco British Mild Cheddar Cheese 400G', 'product_price': '£ 2.00', 'product_additionals': '£5.00/kg'}, {'shop': 'tesco', 'url': 'https://www.tesco.com/groceries/en-GB/products/264886952', 'product_name': 'Tesco British Mild Grated Cheddar 250G', 'product_price': '£ 1.75', 'product_additionals': '£7.00/kg'}, {'shop': 'tesco', 'url': 'https://www.tesco.com/groceries/en-GB/products/299982617', 'product_name': 'Tesco Cheddar Mash 450G', 'product_price': '£ 1.50', 'product_additionals': '£3.34/kg'}, {'shop': 'tesco', 'url': 'https://www.tesco.com/groceries/en-GB/products/304371711', 'product_name': 'Tesco Cheddar Pastry Pork Pies 100G', 'product_price': '£ 1.00', 'product_additionals': '£1.00/100g'}, {'shop': 'tesco', 'url': 'https://www.tesco.com/groceries/en-GB/products/276902311', 'product_name': "Tesco Cheddar With Chilli's 200G", 'product_price': '£ 1.75', 'product_additionals': '£8.75/kg'}, {'shop': 'tesco', 'url': 'https://www.tesco.com/groceries/en-GB/products/302292462', 'product_name': 'Tesco Cheddar With Garlic & Herb 190G', 'product_price': '£ 2.20', 'product_additionals': '£1.16/100g'}, {'shop': 'tesco', 'url': 'https://www.tesco.com/groceries/en-GB/products/302301597', 'product_name': 'Tesco Cheddar With Oak Smoked Jalapeno & Red Pepper 180G', 'product_price': '£ 2.20', 'product_additionals': '£0.12/10g'}, {'shop': 'tesco', 'url': 'https://www.tesco.com/groceries/en-GB/products/306665741', 'product_name': 'Tesco Extra Mature Cheddar Cheese 400G', 'product_price': '£ 2.00', 'product_additionals': '£5.00/kg'}, {'shop': 'tesco', 'url': 'https://www.tesco.com/groceries/en-GB/products/256344327', 'product_name': 'Tesco Extra Mature Grated Cheddar 250G', 'product_price': '£ 1.75', 'product_additionals': '£7.00/kg'}, {'shop': 'tesco', 'url': 'https://www.tesco.com/groceries/en-GB/products/253846631', 'product_name': 'Tesco Finest 4 All Butter & Cheddar Scones', 'product_price': '£ 1.50', 'product_additionals': '£0.38/each'}, {'shop': 'tesco', 'url': 'https://www.tesco.com/groceries/en-GB/products/306494659', 'product_name': 'Tesco Finest 4 Vintage Cheddar & Caramelised Onion Rolls 188G', 'product_price': '£ 2.30', 'product_additionals': '£1.23/100g'}, {'shop': 'tesco', 'url': 'https://www.tesco.com/groceries/en-GB/products/272490780', 'product_name': 'Tesco Finest 4 Vintage Cheddar Burgers 454G', 'product_price': '£ 3.00', 'product_additionals': '£6.61/kg'}, {'shop': 'tesco', 'url': 'https://www.tesco.com/groceries/en-GB/products/286266161', 'product_name': 'Tesco Finest Cheddar Red Onion Mini Flatbreads 295G', 'product_price': '£ 2.45', 'product_additionals': '£0.83/100g'}, {'shop': 'tesco', 'url': 'https://www.tesco.com/groceries/en-GB/products/304383207', 'product_name': 'Tesco Finest Coastal Bite Cheddar 200G', 'product_price': '£ 2.20', 'product_additionals': '£11.00/kg'}, {'shop': 'tesco', 'url': 'https://www.tesco.com/groceries/en-GB/products/294173984', 'product_name': 'Tesco Finest Extra Mature English Cheddar 350G', 'product_price': '£ 3.00', 'product_additionals': '£8.58/kg'}, {'shop': 'tesco', 'url': 'https://www.tesco.com/groceries/en-GB/products/294375929', 'product_name': 'Tesco Finest Maple Bacon & Extra Mature Cheddar Quiche 400G', 'product_price': '£ 3.10', 'product_additionals': '£0.78/100g'}, {'shop': 'tesco', 'url': 'https://www.tesco.com/groceries/en-GB/products/255160730', 'product_name': 'Tesco Finest Mature Cheddar & Onion Crisps 150G', 'product_price': '£ 1.00', 'product_additionals': '£0.67/100g'}, {'shop': 'tesco', 'url': 'https://www.tesco.com/groceries/en-GB/products/294174009', 'product_name': 'Tesco Finest Viintage Cheddar 300G', 'product_price': '£ 3.00', 'product_additionals': '£10.00/kg'}, {'shop': 'tesco', 'url': 'https://www.tesco.com/groceries/en-GB/products/273163417', 'product_name': 'Tesco Finest Vintage Cheddar & Caramelised Onion Quiche400g', 'product_price': '£ 3.10', 'product_additionals': '£0.78/100g'}, {'shop': 'tesco', 'url': 'https://www.tesco.com/groceries/en-GB/products/304404432', 'product_name': 'Tesco Finest Vintage Cheddar 200G', 'product_price': '£ 2.75', 'product_additionals': '£1.38/100g'}, {'shop': 'tesco', 'url': 'https://www.tesco.com/groceries/en-GB/products/296447560', 'product_name': 'Tesco Finest West Country Cheddar Coleslaw 250G', 'product_price': '£ 1.50', 'product_additionals': '£0.60/100g'}, {'shop': 'tesco', 'url': 'https://www.tesco.com/groceries/en-GB/products/284556063', 'product_name': 'Tesco Free From 2 Ham Hock & Cheddar Crisp Bakes 270G', 'product_price': '£ 2.00', 'product_additionals': '£7.41/kg'}, {'shop': 'tesco', 'url': 'https://www.tesco.com/groceries/en-GB/products/295348575', 'product_name': 'Tesco Free From Coconut Oil Alternative To Jalapeno & Chilli Cheddar 200G', 'product_price': '£ 2.25', 'product_additionals': '£11.25/kg'}, {'shop': 'tesco', 'url': 'https://www.tesco.com/groceries/en-GB/products/295348530', 'product_name': 'Tesco Free From Coconut Oil Alternative To Mature Cheddar 200G', 'product_price': '£ 2.00', 'product_additionals': '£10.00/kg'}, {'shop': 'tesco', 'url': 'https://www.tesco.com/groceries/en-GB/products/255420953', 'product_name': 'Tesco Ham & Cheddar Sub', 'product_price': '£ 2.50', 'product_additionals': '£2.50/each'}, {'shop': 'tesco', 'url': 'https://www.tesco.com/groceries/en-GB/products/264156169', 'product_name': 'Tesco Mature 10 Cheddar Slices 250G', 'product_price': '£ 1.75', 'product_additionals': '£7.00/kg'}, {'shop': 'tesco', 'url': 'https://www.tesco.com/groceries/en-GB/products/305977270', 'product_name': 'Tesco Mature Cheddar 400G', 'product_price': '£ 2.00', 'product_additionals': '£5.00/kg'}, {'shop': 'tesco', 'url': 'https://www.tesco.com/groceries/en-GB/products/253704206', 'product_name': 'Tesco Mature Grated Cheddar 250G', 'product_price': '£ 1.75', 'product_additionals': '£7.00/kg'}, {'shop': 'tesco', 'url': 'https://www.tesco.com/groceries/en-GB/products/305951277', 'product_name': 'Tesco Medium Cheddar 400G', 'product_price': '£ 2.00', 'product_additionals': '£5.00/kg'}, {'shop': 'tesco', 'url': 'https://www.tesco.com/groceries/en-GB/products/264156296', 'product_name': 'Tesco Mild 10 Cheddar Slices 250G', 'product_price': '£ 1.75', 'product_additionals': '£7.00/kg'}, {'shop': 'tesco', 'url': 'https://www.tesco.com/groceries/en-GB/products/287787562', 'product_name': 'Tesco Mixed Olives With Cheddar 220G', 'product_price': '£ 2.50', 'product_additionals': '£1.14/100g'}, {'shop': 'tesco', 'url': 'https://www.tesco.com/groceries/en-GB/products/305987880', 'product_name': 'Tesco Olives With Cheddar & Tomatoes 160G', 'product_price': '£ 2.50', 'product_additionals': '£1.57/100g'}, {'shop': 'tesco', 'url': 'https://www.tesco.com/groceries/en-GB/products/305948529', 'product_name': 'Tesco Organic Mature Cheddar 400G', 'product_price': '£ 3.20', 'product_additionals': '£8.00/kg'}, {'shop': 'tesco', 'url': 'https://www.tesco.com/groceries/en-GB/products/299980798', 'product_name': 'Tesco Organic Medium Cheddar Cheese 220G', 'product_price': '£ 1.80', 'product_additionals': '£8.19/kg'}, {'shop': 'tesco', 'url': 'https://www.tesco.com/groceries/en-GB/products/254279217', 'product_name': 'Tesco Smoked Ham & Cheddar Sandwich', 'product_price': '£ 2.30', 'product_additionals': '£2.30/each'}, {'shop': 'tesco', 'url': 'https://www.tesco.com/groceries/en-GB/products/288589680', 'product_name': 'Tickler White Extra Mature White Cheddar 350G', 'product_price': '£ 4.00', 'product_additionals': '£11.43/kg'}, {'shop': 'tesco', 'url': 'https://www.tesco.com/groceries/en-GB/products/271208951', 'product_name': 'Tyrrells Crisps Mature Cheddar & Chive 150G', 'product_price': '£ 2.29', 'product_additionals': '£1.53/100g'}, {'shop': 'tesco', 'url': 'https://www.tesco.com/groceries/en-GB/products/308117627', 'product_name': 'Violife Smoky Cheddar Flavour Slices 200G', 'product_price': '£ 2.80', 'product_additionals': '£14.00/kg'}, {'shop': 'tesco', 'url': 'https://www.tesco.com/groceries/en-GB/products/305972822', 'product_name': 'Violife Vegan Epic Mature Cheddar Flavoured Block 200G', 'product_price': '£ 1.99', 'product_additionals': '£NaN/null'}, {'shop': 'tesco', 'url': 'https://www.tesco.com/groceries/en-GB/products/305844548', 'product_name': 'Walkers Max Double Crunch Cheddar Onion 140G', 'product_price': '£ 1.99', 'product_additionals': '£14.22/kg'}, {'shop': 'tesco', 'url': 'https://www.tesco.com/groceries/en-GB/products/302301551', 'product_name': 'Walkers Sensations Hickory Smoked Cheddar Crispy Bacon150g', 'product_price': '£ 1.99', 'product_additionals': '£1.33/100g'}, {'shop': 'aldi', 'url': 'https://www.aldi.co.uk/west-country-extra-mature-cheddar/p/704328360428500', 'product_name': 'West Country Extra Mature Cheddar', 'product_price': '2.49', 'product_additionals': '£6.23 per kg'}, {'shop': 'tesco', 'url': 'https://www.tesco.com/groceries/en-GB/products/305835909', 'product_name': 'Yeo Valley Organic Cheddar Mature 300G', 'product_price': '£ 3.50', 'product_additionals': '£11.67/kg'}]

grouped
([({'shop': 'tesco', 'url': 'https://www.tesco.com/groceries/en-GB/products/307338540', 'product_name': 'Pukka Just For Two Vintage Cheddar & Leek Pie', 'product_price': '£ 3.00', 'product_additionals': '£3.00/each'}, 11.142857142857146, 0.26923076923076916), ({'shop': 'tesco', 'url': 'https://www.tesco.com/groceries/en-GB/products/253846631', 'product_name': 'Tesco Finest 4 All Butter & Cheddar Scones', 'product_price': '£ 1.50', 'product_additionals': '£0.38/each'}, 1.33, 0.2857142857142857), ({'shop': 'tesco', 'url': 'https://www.tesco.com/groceries/en-GB/products/255420953', 'product_name': 'Tesco Ham & Cheddar Sub', 'product_price': '£ 2.50', 'product_additionals': '£2.50/each'}, 5.357142857142857, 0.4666666666666667), ({'shop': 'tesco', 'url': 'https://www.tesco.com/groceries/en-GB/products/254279217', 'product_name': 'Tesco Smoked Ham & Cheddar Sandwich', 'product_price': '£ 2.30', 'product_additionals': '£2.30/each'}, 6.900000000000001, 0.33333333333333326)], [({'shop': 'tesco', 'url': 'https://www.tesco.com/groceries/en-GB/products/274051099', 'product_name': "Amy's Kitchen Cheddar Rice & Bean Burrito 156G", 'product_price': '£ 2.00', 'product_additionals': '£12.83/kg'}, 48.570714285714295, 0.26415094339622636), ({'shop': 'tesco', 'url': 'https://www.tesco.com/groceries/en-GB/products/306655649', 'product_name': 'Castello Cheddar Cheese Slices With Red Onion 150G', 'product_price': '£ 2.00', 'product_additionals': '£13.34/kg'}, 54.31285714285715, 0.24561403508771928), ({'shop': 'tesco', 'url': 'https://www.tesco.com/groceries/en-GB/products/288986209', 'product_name': 'Cathedral City Extra Mature Cheddar 550G', 'product_price': '£ 4.00', 'product_additionals': '£7.28/kg'}, 24.44, 0.2978723404255319), ({'shop': 'tesco', 'url': 'https://www.tesco.com/groceries/en-GB/products/302219551', 'product_name': 'Cathedral City Lactose Free Mature Cheddar 200G', 'product_price': '£ 2.25', 'product_additionals': '£1.13/100g'}, 43.58571428571428, 0.2592592592592593), ({'shop': 'tesco', 'url': 'https://www.tesco.com/groceries/en-GB/products/267308648', 'product_name': 'Cathedral City Lighter Cheddar 350G', 'product_price': '£ 2.59', 'product_additionals': '£7.40/kg'}, 22.200000000000006, 0.33333333333333326), ({'shop': 'tesco', 'url': 'https://www.tesco.com/groceries/en-GB/products/268768873', 'product_name': 'Cathedral City Mature Cheddar 350G', 'product_price': '£ 2.59', 'product_additionals': '£7.40/kg'}, 21.671428571428567, 0.3414634146341464), ({'shop': 'tesco', 'url': 'https://www.tesco.com/groceries/en-GB/products/277925449', 'product_name': 'Cathedral City Mature Cheddar 550G', 'product_price': '£ 4.00', 'product_additionals': '£7.28/kg'}, 21.319999999999997, 0.3414634146341464), ({'shop': 'tesco', 'url': 'https://www.tesco.com/groceries/en-GB/products/288986181', 'product_name': 'Cathedral City Mild Cheddar 550G', 'product_price': '£ 4.00', 'product_additionals': '£7.28/kg'}, 20.279999999999998, 0.35897435897435903), ({'shop': 'tesco', 'url': 'https://www.tesco.com/groceries/en-GB/products/302838394', 'product_name': 'Cathedral City Snackbar Mature Cheddar 24G', 'product_price': '£ 0.65', 'product_additionals': '£2.71/100g'}, 94.85000000000001, 0.2857142857142857), ({'shop': 'tesco', 'url': 'https://www.tesco.com/groceries/en-GB/products/273196994', 'product_name': 'Cheestrings 8 Pack Cheddar 160G', 'product_price': '£ 1.95', 'product_additionals': '£12.19/kg'}, 33.08714285714285, 0.368421052631579), ({'shop': 'tesco', 'url': 'https://www.tesco.com/groceries/en-GB/products/273197498', 'product_name': 'Cheestrings Cheddar 4 Pack 80G', 'product_price': '£ 1.50', 'product_additionals': '£18.75/kg'}, 49.55357142857142, 0.3783783783783784), ({'shop': 'tesco', 'url': 'https://www.tesco.com/groceries/en-GB/products/256645904', 'product_name': 'Chevington Grated Mild Cheddar Cheese 400G', 'product_price': '£ 4.30', 'product_additionals': '£10.75/kg'}, 37.625, 0.2857142857142857), ({'shop': 'tesco', 'url': 'https://www.tesco.com/groceries/en-GB/products/254881713', 'product_name': "Colman's Cheddar Cheese Sauce Mix 40G", 'product_price': '£ 0.65', 'product_additionals': '£1.63/100g'}, 51.22857142857144, 0.3181818181818181), ({'shop': 'tesco', 'url': 'https://www.tesco.com/groceries/en-GB/products/300961808', 'product_name': "Counter Holly's Food Emporium Cheddar Oat Biscuits 144G", 'product_price': '£ 1.60', 'product_additionals': '£1.12/100g'}, 49.599999999999994, 0.22580645161290325), ({'shop': 'tesco', 'url': 'https://www.tesco.com/groceries/en-GB/products/302277360', 'product_name': 'Counter Pilgrims Choice Mature Cheddar Cheese 240G', 'product_price': '£ 2.20', 'product_additionals': '£9.17/kg'}, 37.335, 0.24561403508771928), ({'shop': 'tesco', 'url': 'https://www.tesco.com/groceries/en-GB/products/302285338', 'product_name': 'Counter Quickes Traditional Mature Cheddar Cheese 150G', 'product_price': '£ 2.75', 'product_additionals': '£18.34/kg'}, 79.90999999999998, 0.2295081967213115), ({'shop': 'tesco', 'url': 'https://www.tesco.com/groceries/en-GB/products/300066676', 'product_name': 'Creamfields Grated Cheddar 450G', 'product_price': '£ 2.24', 'product_additionals': '£4.98/kg'}, 13.517142857142858, 0.368421052631579), ({'shop': 'tesco', 'url': 'https://www.tesco.com/groceries/en-GB/products/303806049', 'product_name': 'Creamfields Grated Mature Cheddar 250G', 'product_price': '£ 1.49', 'product_additionals': '£5.96/kg'}, 19.15714285714286, 0.3111111111111111), ({'shop': 'tesco', 'url': 'https://www.tesco.com/groceries/en-GB/products/302676607', 'product_name': 'Creamfields Mature White Cheddar 400G', 'product_price': '£ 1.79', 'product_additionals': '£4.48/kg'}, 14.080000000000004, 0.3181818181818181), ({'shop': 'tesco', 'url': 'https://www.tesco.com/groceries/en-GB/products/301511281', 'product_name': 'Creamfields Mature White Cheddar Large', 'product_price': '£ 3.99', 'product_additionals': '£4.43/kg'}, 14.239285714285714, 0.3111111111111111), ({'shop': 'tesco', 'url': 'https://www.tesco.com/groceries/en-GB/products/302676589', 'product_name': 'Creamfields Medium White Cheddar 400G', 'product_price': '£ 1.79', 'product_additionals': '£4.48/kg'}, 14.080000000000004, 0.3181818181818181), ({'shop': 'tesco', 'url': 'https://www.tesco.com/groceries/en-GB/products/300066653', 'product_name': 'Creamfields Mild Cheddar 10 Slices 200G', 'product_price': '£ 0.99', 'product_additionals': '£4.95/kg'}, 16.264285714285712, 0.30434782608695654), ({'shop': 'tesco', 'url': 'https://www.tesco.com/groceries/en-GB/products/302676567', 'product_name': 'Creamfields Mild White Cheddar 400G', 'product_price': '£ 1.79', 'product_additionals': '£4.48/kg'}, 13.440000000000005, 0.33333333333333326), ({'shop': 'tesco', 'url': 'https://www.tesco.com/groceries/en-GB/products/301511183', 'product_name': 'Creamfields Mild White Cheddar Large', 'product_price': '£ 4.43', 'product_additionals': '£4.43/kg'}, 13.60642857142857, 0.32558139534883723), ({'shop': 'tesco', 'url': 'https://www.tesco.com/groceries/en-GB/products/277759611', 'product_name': 'Davidstow Mature Cornish Classic Cheddar 350G', 'product_price': '£ 3.50', 'product_additionals': '£10.00/kg'}, 37.14285714285715, 0.26923076923076916), ({'shop': 'tesco', 'url': 'https://www.tesco.com/groceries/en-GB/products/297519360', 'product_name': 'Eat Real Quinoa Puff White Cheddar 113G', 'product_price': '£ 1.80', 'product_additionals': '£15.93/kg'}, 52.341428571428565, 0.30434782608695654), ({'shop': 'tesco', 'url': 'https://www.tesco.com/groceries/en-GB/products/306663910', 'product_name': 'Follow Your Heart Medium 10 Cheddar Style Slice 200G', 'product_price': '£ 3.30', 'product_additionals': '£16.50/kg'}, 69.53571428571428, 0.23728813559322037), ({'shop': 'tesco', 'url': 'https://www.tesco.com/groceries/en-GB/products/296492107', 'product_name': 'Higgidy Bacon & Cheddar Quiche 400G', 'product_price': '£ 4.00', 'product_additionals': '£1.00/100g'}, 30.000000000000007, 0.33333333333333326), ({'shop': 'tesco', 'url': 'https://www.tesco.com/groceries/en-GB/products/303853022', 'product_name': 'Higgidy Cheddar & Onion Veggie Rolls 160G', 'product_price': '£ 2.60', 'product_additionals': '£1.63/100g'}, 55.88571428571427, 0.29166666666666674), ({'shop': 'tesco', 'url': 'https://www.tesco.com/groceries/en-GB/products/302275857', 'product_name': 'Ilchester Applewood Smoked Cheddar 170G', 'product_price': '£ 2.20', 'product_additionals': '£12.95/kg'}, 42.55, 0.30434782608695654), ({'shop': 'tesco', 'url': 'https://www.tesco.com/groceries/en-GB/products/264014086', 'product_name': 'Ilchester Applewood Smoked Cheddar 185G', 'product_price': '£ 2.10', 'product_additionals': '£11.36/kg'}, 37.325714285714284, 0.30434782608695654), ({'shop': 'tesco', 'url': 'https://www.tesco.com/groceries/en-GB/products/302287601', 'product_name': 'Ilchester Mexicana Original Hot Cheddar 170G', 'product_price': '£ 2.20', 'product_additionals': '£12.95/kg'}, 47.17499999999999, 0.27450980392156865), ({'shop': 'tesco', 'url': 'https://www.tesco.com/groceries/en-GB/products/305729305', 'product_name': "Jacob's Mini Cheddars Nacho Cheese & Jalapeno 6X25g", 'product_price': '£ 1.50', 'product_additionals': '£1.00/100g'}, 41.42857142857142, 0.24137931034482762), ({'shop': 'tesco', 'url': 'https://www.tesco.com/groceries/en-GB/products/308106698', 'product_name': "Jacob's Mini Chedders Sticks Cheddar 150G", 'product_price': '£ 1.99', 'product_additionals': '£1.33/100g'}, 45.599999999999994, 0.29166666666666674), ({'shop': 'tesco', 'url': 'https://www.tesco.com/groceries/en-GB/products/254925467', 'product_name': 'Jacobs Baked Cheddar Biscuits Cheese 150G', 'product_price': '£ 1.00', 'product_additionals': '£0.67/100g'}, 22.971428571428568, 0.29166666666666674), ({'shop': 'tesco', 'url': 'https://www.tesco.com/groceries/en-GB/products/258376695', 'product_name': 'Jacobs Mini Cheddar Original Snack 50G', 'product_price': '£ 0.85', 'product_additionals': '£1.70/100g'}, 54.64285714285714, 0.3111111111111111), ({'shop': 'tesco', 'url': 'https://www.tesco.com/groceries/en-GB/products/251228859', 'product_name': 'Jacobs Mini Cheddars 12X25g', 'product_price': '£ 3.00', 'product_additionals': '£1.00/100g'}, 24.28571428571429, 0.4117647058823529), ({'shop': 'tesco', 'url': 'https://www.tesco.com/groceries/en-GB/products/305738323', 'product_name': 'Jacobs Mini Cheddars Lime & Chilli 6 Pack 150G', 'product_price': '£ 1.50', 'product_additionals': '£1.00/100g'}, 37.85714285714287, 0.26415094339622636), ({'shop': 'tesco', 'url': 'https://www.tesco.com/groceries/en-GB/products/301063919', 'product_name': 'Jacobs Mini Cheddars Original 6X25g', 'product_price': '£ 1.50', 'product_additionals': '£1.00/100g'}, 30.000000000000007, 0.33333333333333326), ({'shop': 'tesco', 'url': 'https://www.tesco.com/groceries/en-GB/products/299576603', 'product_name': 'Jacobs Mini Cheddars Red Leicester 12X25g', 'product_price': '£ 3.00', 'product_additionals': '£1.00/100g'}, 34.28571428571428, 0.29166666666666674), ({'shop': 'tesco', 'url': 'https://www.tesco.com/groceries/en-GB/products/301063891', 'product_name': 'Jacobs Mini Cheddars Red Leicester 6X25g', 'product_price': '£ 1.50', 'product_additionals': '£1.00/100g'}, 33.57142857142858, 0.2978723404255319), ({'shop': 'tesco', 'url': 'https://www.tesco.com/groceries/en-GB/products/308107000', 'product_name': 'Jacobs Mini Cheddars, Cheddar & Steak 150G', 'product_price': '£ 1.99', 'product_additionals': '£1.33/100g'}, 46.550000000000004, 0.2857142857142857), ({'shop': 'tesco', 'url': 'https://www.tesco.com/groceries/en-GB/products/259610296', 'product_name': 'Kettle Chips Mature Cheddar & Red Onion 150G', 'product_price': '£ 1.99', 'product_additionals': '£1.33/100g'}, 48.449999999999996, 0.27450980392156865), ({'shop': 'tesco', 'url': 'https://www.tesco.com/groceries/en-GB/products/290898835', 'product_name': 'Kettle Chips Mature Cheddar & Red Onion 40G', 'product_price': '£ 0.85', 'product_additionals': '£2.13/100g'}, 76.07142857142857, 0.28), ({'shop': 'tesco', 'url': 'https://www.tesco.com/groceries/en-GB/products/287972469', 'product_name': 'Lactofree Grated Cheddar 200G', 'product_price': '£ 2.00', 'product_additionals': '£10.00/kg'}, 25.71428571428572, 0.38888888888888884), ({'shop': 'tesco', 'url': 'https://www.tesco.com/groceries/en-GB/products/283788008', 'product_name': 'Lactofree Mature Cheddar Cheese 200G', 'product_price': '£ 1.80', 'product_additionals': '£9.00/kg'}, 27.642857142857142, 0.32558139534883723), ({'shop': 'tesco', 'url': 'https://www.tesco.com/groceries/en-GB/products/303485250', 'product_name': "Mccoy's Cheddar & Onion Crisps 6X25g", 'product_price': '£ 1.70', 'product_additionals': '£1.14/100g'}, 35.01428571428571, 0.32558139534883723), ({'shop': 'tesco', 'url': 'https://www.tesco.com/groceries/en-GB/products/292010864', 'product_name': 'Mccoys Cheddar & Onion Crisps 47.5G', 'product_price': '£ 0.85', 'product_additionals': '£1.79/100g'}, 53.70000000000001, 0.33333333333333326), ({'shop': 'tesco', 'url': 'https://www.tesco.com/groceries/en-GB/products/293062790', 'product_name': 'Mexicana Original Hot Cheddar With Chilli 200G', 'product_price': '£ 2.00', 'product_additionals': '£10.00/kg'}, 37.85714285714287, 0.26415094339622636), ({'shop': 'tesco', 'url': 'https://www.tesco.com/groceries/en-GB/products/305959999', 'product_name': 'Peperami Snack Box Mini Chorizo & Cheddar Cheese 50G', 'product_price': '£ 1.50', 'product_additionals': '£3.00/100g'}, 126.42857142857142, 0.23728813559322037), ({'shop': 'tesco', 'url': 'https://www.tesco.com/groceries/en-GB/products/268903247', 'product_name': 'Pilgrims Choice Extra Mature Cheddar 350G', 'product_price': '£ 2.59', 'product_additionals': '£7.40/kg'}, 25.371428571428567, 0.29166666666666674), ({'shop': 'tesco', 'url': 'https://www.tesco.com/groceries/en-GB/products/300935339', 'product_name': 'Pilgrims Choice Extra Mature Cheddar 550G', 'product_price': '£ 3.75', 'product_additionals': '£6.82/kg'}, 23.382857142857137, 0.29166666666666674), ({'shop': 'tesco', 'url': 'https://www.tesco.com/groceries/en-GB/products/268111124', 'product_name': 'Pilgrims Choice Lighter Mature Cheddar Cheese 350G', 'product_price': '£ 2.59', 'product_additionals': '£7.40/kg'}, 30.128571428571433, 0.24561403508771928), ({'shop': 'tesco', 'url': 'https://www.tesco.com/groceries/en-GB/products/268900953', 'product_name': 'Pilgrims Choice Mature Cheddar 350G', 'product_price': '£ 2.59', 'product_additionals': '£7.40/kg'}, 22.200000000000006, 0.33333333333333326), ({'shop': 'tesco', 'url': 'https://www.tesco.com/groceries/en-GB/products/293257410', 'product_name': 'Pilgrims Choice Mature Cheddar 550G', 'product_price': '£ 3.75', 'product_additionals': '£6.82/kg'}, 20.460000000000004, 0.33333333333333326), ({'shop': 'tesco', 'url': 'https://www.tesco.com/groceries/en-GB/products/252176935', 'product_name': 'Schwartz Mix For Cheddar Cheese Sauce 40G', 'product_price': '£ 0.65', 'product_additionals': '£1.63/100g'}, 55.88571428571427, 0.29166666666666674), ({'shop': 'tesco', 'url': 'https://www.tesco.com/groceries/en-GB/products/303851911', 'product_name': 'Seriously Cheese Vintage Cheddar Spreadable 125G', 'product_price': '£ 1.19', 'product_additionals': '£9.52/kg'}, 37.400000000000006, 0.2545454545454545), ({'shop': 'tesco', 'url': 'https://www.tesco.com/groceries/en-GB/products/264156434', 'product_name': 'Tesco 10 Extra Mature Cheddar Slices 250G', 'product_price': '£ 1.75', 'product_additionals': '£7.00/kg'}, 23.999999999999993, 0.29166666666666674), ({'shop': 'tesco', 'url': 'https://www.tesco.com/groceries/en-GB/products/264156267', 'product_name': 'Tesco 10 Medium Cheddar Slices 250G', 'product_price': '£ 1.75', 'product_additionals': '£7.00/kg'}, 21.000000000000004, 0.33333333333333326), ({'shop': 'tesco', 'url': 'https://www.tesco.com/groceries/en-GB/products/300257767', 'product_name': 'Tesco British Extra Mature Cheddar Cheese 220G', 'product_price': '£ 1.55', 'product_additionals': '£7.05/kg'}, 26.68928571428572, 0.26415094339622636), ({'shop': 'tesco', 'url': 'https://www.tesco.com/groceries/en-GB/products/300257744', 'product_name': 'Tesco British Mature Cheddar Cheese 220G', 'product_price': '£ 1.55', 'product_additionals': '£7.05/kg'}, 23.667857142857144, 0.2978723404255319), ({'shop': 'tesco', 'url': 'https://www.tesco.com/groceries/en-GB/products/300000069', 'product_name': 'Tesco British Mature Cheddar Snack Sticks 5X20g', 'product_price': '£ 1.25', 'product_additionals': '£12.50/kg'}, 48.21428571428571, 0.2592592592592593), ({'shop': 'tesco', 'url': 'https://www.tesco.com/groceries/en-GB/products/300257410', 'product_name': 'Tesco British Medium Cheddar Cheese 220G', 'product_price': '£ 1.55', 'product_additionals': '£7.05/kg'}, 23.667857142857144, 0.2978723404255319), ({'shop': 'tesco', 'url': 'https://www.tesco.com/groceries/en-GB/products/253704097', 'product_name': 'Tesco British Medium Grated Cheddar 250G', 'product_price': '£ 1.75', 'product_additionals': '£7.00/kg'}, 23.5, 0.2978723404255319), ({'shop': 'tesco', 'url': 'https://www.tesco.com/groceries/en-GB/products/300257018', 'product_name': 'Tesco British Mild Cheddar Cheese 220G', 'product_price': '£ 1.55', 'product_additionals': '£7.05/kg'}, 22.660714285714285, 0.3111111111111111), ({'shop': 'tesco', 'url': 'https://www.tesco.com/groceries/en-GB/products/305973280', 'product_name': 'Tesco British Mild Cheddar Cheese 400G', 'product_price': '£ 2.00', 'product_additionals': '£5.00/kg'}, 16.07142857142857, 0.3111111111111111), ({'shop': 'tesco', 'url': 'https://www.tesco.com/groceries/en-GB/products/264886952', 'product_name': 'Tesco British Mild Grated Cheddar 250G', 'product_price': '£ 1.75', 'product_additionals': '£7.00/kg'}, 22.5, 0.3111111111111111), ({'shop': 'tesco', 'url': 'https://www.tesco.com/groceries/en-GB/products/299982617', 'product_name': 'Tesco Cheddar Mash 450G', 'product_price': '£ 1.50', 'product_additionals': '£3.34/kg'}, 7.157142857142857, 0.4666666666666667), ({'shop': 'tesco', 'url': 'https://www.tesco.com/groceries/en-GB/products/304371711', 'product_name': 'Tesco Cheddar Pastry Pork Pies 100G', 'product_price': '£ 1.00', 'product_additionals': '£1.00/100g'}, 30.000000000000007, 0.33333333333333326), ({'shop': 'tesco', 'url': 'https://www.tesco.com/groceries/en-GB/products/276902311', 'product_name': "Tesco Cheddar With Chilli's 200G", 'product_price': '£ 1.75', 'product_additionals': '£8.75/kg'}, 24.374999999999996, 0.35897435897435903), ({'shop': 'tesco', 'url': 'https://www.tesco.com/groceries/en-GB/products/302292462', 'product_name': 'Tesco Cheddar With Garlic & Herb 190G', 'product_price': '£ 2.20', 'product_additionals': '£1.16/100g'}, 36.45714285714286, 0.3181818181818181), ({'shop': 'tesco', 'url': 'https://www.tesco.com/groceries/en-GB/products/302301597', 'product_name': 'Tesco Cheddar With Oak Smoked Jalapeno & Red Pepper 180G', 'product_price': '£ 2.20', 'product_additionals': '£0.12/10g'}, 54.0, 0.2222222222222222), ({'shop': 'tesco', 'url': 'https://www.tesco.com/groceries/en-GB/products/306665741', 'product_name': 'Tesco Extra Mature Cheddar Cheese 400G', 'product_price': '£ 2.00', 'product_additionals': '£5.00/kg'}, 16.07142857142857, 0.3111111111111111), ({'shop': 'tesco', 'url': 'https://www.tesco.com/groceries/en-GB/products/256344327', 'product_name': 'Tesco Extra Mature Grated Cheddar 250G', 'product_price': '£ 1.75', 'product_additionals': '£7.00/kg'}, 22.5, 0.3111111111111111), ({'shop': 'tesco', 'url': 'https://www.tesco.com/groceries/en-GB/products/306494659', 'product_name': 'Tesco Finest 4 Vintage Cheddar & Caramelised Onion Rolls 188G', 'product_price': '£ 2.30', 'product_additionals': '£1.23/100g'}, 59.74285714285717, 0.2058823529411764), ({'shop': 'tesco', 'url': 'https://www.tesco.com/groceries/en-GB/products/272490780', 'product_name': 'Tesco Finest 4 Vintage Cheddar Burgers 454G', 'product_price': '£ 3.00', 'product_additionals': '£6.61/kg'}, 23.607142857142858, 0.28), ({'shop': 'tesco', 'url': 'https://www.tesco.com/groceries/en-GB/products/286266161', 'product_name': 'Tesco Finest Cheddar Red Onion Mini Flatbreads 295G', 'product_price': '£ 2.45', 'product_additionals': '£0.83/100g'}, 34.385714285714286, 0.24137931034482762), ({'shop': 'tesco', 'url': 'https://www.tesco.com/groceries/en-GB/products/304383207', 'product_name': 'Tesco Finest Coastal Bite Cheddar 200G', 'product_price': '£ 2.20', 'product_additionals': '£11.00/kg'}, 35.357142857142854, 0.3111111111111111), ({'shop': 'tesco', 'url': 'https://www.tesco.com/groceries/en-GB/products/294173984', 'product_name': 'Tesco Finest Extra Mature English Cheddar 350G', 'product_price': '£ 3.00', 'product_additionals': '£8.58/kg'}, 32.48142857142858, 0.26415094339622636), ({'shop': 'tesco', 'url': 'https://www.tesco.com/groceries/en-GB/products/294375929', 'product_name': 'Tesco Finest Maple Bacon & Extra Mature Cheddar Quiche 400G', 'product_price': '£ 3.10', 'product_additionals': '£0.78/100g'}, 36.771428571428565, 0.21212121212121215), ({'shop': 'tesco', 'url': 'https://www.tesco.com/groceries/en-GB/products/255160730', 'product_name': 'Tesco Finest Mature Cheddar & Onion Crisps 150G', 'product_price': '£ 1.00', 'product_additionals': '£0.67/100g'}, 25.842857142857138, 0.2592592592592593), ({'shop': 'tesco', 'url': 'https://www.tesco.com/groceries/en-GB/products/294174009', 'product_name': 'Tesco Finest Viintage Cheddar 300G', 'product_price': '£ 3.00', 'product_additionals': '£10.00/kg'}, 29.285714285714278, 0.3414634146341464), ({'shop': 'tesco', 'url': 'https://www.tesco.com/groceries/en-GB/products/273163417', 'product_name': 'Tesco Finest Vintage Cheddar & Caramelised Onion Quiche400g', 'product_price': '£ 3.10', 'product_additionals': '£0.78/100g'}, 36.771428571428565, 0.21212121212121215), ({'shop': 'tesco', 'url': 'https://www.tesco.com/groceries/en-GB/products/304404432', 'product_name': 'Tesco Finest Vintage Cheddar 200G', 'product_price': '£ 2.75', 'product_additionals': '£1.38/100g'}, 39.42857142857143, 0.35), ({'shop': 'tesco', 'url': 'https://www.tesco.com/groceries/en-GB/products/296447560', 'product_name': 'Tesco Finest West Country Cheddar Coleslaw 250G', 'product_price': '£ 1.50', 'product_additionals': '£0.60/100g'}, 23.14285714285714, 0.2592592592592593), ({'shop': 'tesco', 'url': 'https://www.tesco.com/groceries/en-GB/products/284556063', 'product_name': 'Tesco Free From 2 Ham Hock & Cheddar Crisp Bakes 270G', 'product_price': '£ 2.00', 'product_additionals': '£7.41/kg'}, 31.75714285714285, 0.2333333333333334), ({'shop': 'tesco', 'url': 'https://www.tesco.com/groceries/en-GB/products/295348575', 'product_name': 'Tesco Free From Coconut Oil Alternative To Jalapeno & Chilli Cheddar 200G', 'product_price': '£ 2.25', 'product_additionals': '£11.25/kg'}, 64.28571428571426, 0.17500000000000004), ({'shop': 'tesco', 'url': 'https://www.tesco.com/groceries/en-GB/products/295348530', 'product_name': 'Tesco Free From Coconut Oil Alternative To Mature Cheddar 200G', 'product_price': '£ 2.00', 'product_additionals': '£10.00/kg'}, 49.285714285714285, 0.2028985507246377), ({'shop': 'tesco', 'url': 'https://www.tesco.com/groceries/en-GB/products/264156169', 'product_name': 'Tesco Mature 10 Cheddar Slices 250G', 'product_price': '£ 1.75', 'product_additionals': '£7.00/kg'}, 21.000000000000004, 0.33333333333333326), ({'shop': 'tesco', 'url': 'https://www.tesco.com/groceries/en-GB/products/305977270', 'product_name': 'Tesco Mature Cheddar 400G', 'product_price': '£ 2.00', 'product_additionals': '£5.00/kg'}, 11.428571428571429, 0.4375), ({'shop': 'tesco', 'url': 'https://www.tesco.com/groceries/en-GB/products/253704206', 'product_name': 'Tesco Mature Grated Cheddar 250G', 'product_price': '£ 1.75', 'product_additionals': '£7.00/kg'}, 19.499999999999996, 0.35897435897435903), ({'shop': 'tesco', 'url': 'https://www.tesco.com/groceries/en-GB/products/305951277', 'product_name': 'Tesco Medium Cheddar 400G', 'product_price': '£ 2.00', 'product_additionals': '£5.00/kg'}, 11.428571428571429, 0.4375), ({'shop': 'tesco', 'url': 'https://www.tesco.com/groceries/en-GB/products/264156296', 'product_name': 'Tesco Mild 10 Cheddar Slices 250G', 'product_price': '£ 1.75', 'product_additionals': '£7.00/kg'}, 20.0, 0.35), ({'shop': 'tesco', 'url': 'https://www.tesco.com/groceries/en-GB/products/287787562', 'product_name': 'Tesco Mixed Olives With Cheddar 220G', 'product_price': '£ 2.50', 'product_additionals': '£1.14/100g'}, 35.01428571428571, 0.32558139534883723), ({'shop': 'tesco', 'url': 'https://www.tesco.com/groceries/en-GB/products/305987880', 'product_name': 'Tesco Olives With Cheddar & Tomatoes 160G', 'product_price': '£ 2.50', 'product_additionals': '£1.57/100g'}, 53.828571428571415, 0.29166666666666674), ({'shop': 'tesco', 'url': 'https://www.tesco.com/groceries/en-GB/products/305948529', 'product_name': 'Tesco Organic Mature Cheddar 400G', 'product_price': '£ 3.20', 'product_additionals': '£8.00/kg'}, 22.857142857142858, 0.35), ({'shop': 'tesco', 'url': 'https://www.tesco.com/groceries/en-GB/products/299980798', 'product_name': 'Tesco Organic Medium Cheddar Cheese 220G', 'product_price': '£ 1.80', 'product_additionals': '£8.19/kg'}, 27.495, 0.2978723404255319), ({'shop': 'tesco', 'url': 'https://www.tesco.com/groceries/en-GB/products/288589680', 'product_name': 'Tickler White Extra Mature White Cheddar 350G', 'product_price': '£ 4.00', 'product_additionals': '£11.43/kg'}, 42.454285714285724, 0.26923076923076916), ({'shop': 'tesco', 'url': 'https://www.tesco.com/groceries/en-GB/products/271208951', 'product_name': 'Tyrrells Crisps Mature Cheddar & Chive 150G', 'product_price': '£ 2.29', 'product_additionals': '£1.53/100g'}, 54.64285714285714, 0.28), ({'shop': 'tesco', 'url': 'https://www.tesco.com/groceries/en-GB/products/308117627', 'product_name': 'Violife Smoky Cheddar Flavour Slices 200G', 'product_price': '£ 2.80', 'product_additionals': '£14.00/kg'}, 47.999999999999986, 0.29166666666666674), ({'shop': 'tesco', 'url': 'https://www.tesco.com/groceries/en-GB/products/305844548', 'product_name': 'Walkers Max Double Crunch Cheddar Onion 140G', 'product_price': '£ 1.99', 'product_additionals': '£14.22/kg'}, 51.801428571428566, 0.27450980392156865), ({'shop': 'tesco', 'url': 'https://www.tesco.com/groceries/en-GB/products/302301551', 'product_name': 'Walkers Sensations Hickory Smoked Cheddar Crispy Bacon150g', 'product_price': '£ 1.99', 'product_additionals': '£1.33/100g'}, 61.75, 0.2153846153846154), ({'shop': 'tesco', 'url': 'https://www.tesco.com/groceries/en-GB/products/305835909', 'product_name': 'Yeo Valley Organic Cheddar Mature 300G', 'product_price': '£ 3.50', 'product_additionals': '£11.67/kg'}, 37.510714285714286, 0.3111111111111111)], [])

final
[{'shop': 'tesco', 'url': 'https://www.tesco.com/groceries/en-GB/products/253846631', 'product_name': 'Tesco Finest 4 All Butter & Cheddar Scones', 'product_price': '£ 1.50', 'product_additionals': '£0.38/each'}, {'shop': 'tesco', 'url': 'https://www.tesco.com/groceries/en-GB/products/255420953', 'product_name': 'Tesco Ham & Cheddar Sub', 'product_price': '£ 2.50', 'product_additionals': '£2.50/each'}, {'shop': 'tesco', 'url': 'https://www.tesco.com/groceries/en-GB/products/254279217', 'product_name': 'Tesco Smoked Ham & Cheddar Sandwich', 'product_price': '£ 2.30', 'product_additionals': '£2.30/each'}, {'shop': 'tesco', 'url': 'https://www.tesco.com/groceries/en-GB/products/307338540', 'product_name': 'Pukka Just For Two Vintage Cheddar & Leek Pie', 'product_price': '£ 3.00', 'product_additionals': '£3.00/each'}, {'shop': 'tesco', 'url': 'https://www.tesco.com/groceries/en-GB/products/299982617', 'product_name': 'Tesco Cheddar Mash 450G', 'product_price': '£ 1.50', 'product_additionals': '£3.34/kg'}, {'shop': 'tesco', 'url': 'https://www.tesco.com/groceries/en-GB/products/305977270', 'product_name': 'Tesco Mature Cheddar 400G', 'product_price': '£ 2.00', 'product_additionals': '£5.00/kg'}, {'shop': 'tesco', 'url': 'https://www.tesco.com/groceries/en-GB/products/305951277', 'product_name': 'Tesco Medium Cheddar 400G', 'product_price': '£ 2.00', 'product_additionals': '£5.00/kg'}, {'shop': 'tesco', 'url': 'https://www.tesco.com/groceries/en-GB/products/302676567', 'product_name': 'Creamfields Mild White Cheddar 400G', 'product_price': '£ 1.79', 'product_additionals': '£4.48/kg'}, {'shop': 'tesco', 'url': 'https://www.tesco.com/groceries/en-GB/products/300066676', 'product_name': 'Creamfields Grated Cheddar 450G', 'product_price': '£ 2.24', 'product_additionals': '£4.98/kg'}, {'shop': 'tesco', 'url': 'https://www.tesco.com/groceries/en-GB/products/301511183', 'product_name': 'Creamfields Mild White Cheddar Large', 'product_price': '£ 4.43', 'product_additionals': '£4.43/kg'}, {'shop': 'tesco', 'url': 'https://www.tesco.com/groceries/en-GB/products/302676607', 'product_name': 'Creamfields Mature White Cheddar 400G', 'product_price': '£ 1.79', 'product_additionals': '£4.48/kg'}, {'shop': 'tesco', 'url': 'https://www.tesco.com/groceries/en-GB/products/302676589', 'product_name': 'Creamfields Medium White Cheddar 400G', 'product_price': '£ 1.79', 'product_additionals': '£4.48/kg'}, {'shop': 'tesco', 'url': 'https://www.tesco.com/groceries/en-GB/products/301511281', 'product_name': 'Creamfields Mature White Cheddar Large', 'product_price': '£ 3.99', 'product_additionals': '£4.43/kg'}, {'shop': 'tesco', 'url': 'https://www.tesco.com/groceries/en-GB/products/305973280', 'product_name': 'Tesco British Mild Cheddar Cheese 400G', 'product_price': '£ 2.00', 'product_additionals': '£5.00/kg'}, {'shop': 'tesco', 'url': 'https://www.tesco.com/groceries/en-GB/products/306665741', 'product_name': 'Tesco Extra Mature Cheddar Cheese 400G', 'product_price': '£ 2.00', 'product_additionals': '£5.00/kg'}, {'shop': 'tesco', 'url': 'https://www.tesco.com/groceries/en-GB/products/300066653', 'product_name': 'Creamfields Mild Cheddar 10 Slices 200G', 'product_price': '£ 0.99', 'product_additionals': '£4.95/kg'}, {'shop': 'tesco', 'url': 'https://www.tesco.com/groceries/en-GB/products/303806049', 'product_name': 'Creamfields Grated Mature Cheddar 250G', 'product_price': '£ 1.49', 'product_additionals': '£5.96/kg'}, {'shop': 'tesco', 'url': 'https://www.tesco.com/groceries/en-GB/products/253704206', 'product_name': 'Tesco Mature Grated Cheddar 250G', 'product_price': '£ 1.75', 'product_additionals': '£7.00/kg'}, {'shop': 'tesco', 'url': 'https://www.tesco.com/groceries/en-GB/products/264156296', 'product_name': 'Tesco Mild 10 Cheddar Slices 250G', 'product_price': '£ 1.75', 'product_additionals': '£7.00/kg'}, {'shop': 'tesco', 'url': 'https://www.tesco.com/groceries/en-GB/products/288986181', 'product_name': 'Cathedral City Mild Cheddar 550G', 'product_price': '£ 4.00', 'product_additionals': '£7.28/kg'}, {'shop': 'tesco', 'url': 'https://www.tesco.com/groceries/en-GB/products/293257410', 'product_name': 'Pilgrims Choice Mature Cheddar 550G', 'product_price': '£ 3.75', 'product_additionals': '£6.82/kg'}, {'shop': 'tesco', 'url': 'https://www.tesco.com/groceries/en-GB/products/264156267', 'product_name': 'Tesco 10 Medium Cheddar Slices 250G', 'product_price': '£ 1.75', 'product_additionals': '£7.00/kg'}, {'shop': 'tesco', 'url': 'https://www.tesco.com/groceries/en-GB/products/264156169', 'product_name': 'Tesco Mature 10 Cheddar Slices 250G', 'product_price': '£ 1.75', 'product_additionals': '£7.00/kg'}, {'shop': 'tesco', 'url': 'https://www.tesco.com/groceries/en-GB/products/277925449', 'product_name': 'Cathedral City Mature Cheddar 550G', 'product_price': '£ 4.00', 'product_additionals': '£7.28/kg'}, {'shop': 'tesco', 'url': 'https://www.tesco.com/groceries/en-GB/products/268768873', 'product_name': 'Cathedral City Mature Cheddar 350G', 'product_price': '£ 2.59', 'product_additionals': '£7.40/kg'}, {'shop': 'tesco', 'url': 'https://www.tesco.com/groceries/en-GB/products/267308648', 'product_name': 'Cathedral City Lighter Cheddar 350G', 'product_price': '£ 2.59', 'product_additionals': '£7.40/kg'}, {'shop': 'tesco', 'url': 'https://www.tesco.com/groceries/en-GB/products/268900953', 'product_name': 'Pilgrims Choice Mature Cheddar 350G', 'product_price': '£ 2.59', 'product_additionals': '£7.40/kg'}, {'shop': 'tesco', 'url': 'https://www.tesco.com/groceries/en-GB/products/264886952', 'product_name': 'Tesco British Mild Grated Cheddar 250G', 'product_price': '£ 1.75', 'product_additionals': '£7.00/kg'}, {'shop': 'tesco', 'url': 'https://www.tesco.com/groceries/en-GB/products/256344327', 'product_name': 'Tesco Extra Mature Grated Cheddar 250G', 'product_price': '£ 1.75', 'product_additionals': '£7.00/kg'}, {'shop': 'tesco', 'url': 'https://www.tesco.com/groceries/en-GB/products/300257018', 'product_name': 'Tesco British Mild Cheddar Cheese 220G', 'product_price': '£ 1.55', 'product_additionals': '£7.05/kg'}, {'shop': 'tesco', 'url': 'https://www.tesco.com/groceries/en-GB/products/305948529', 'product_name': 'Tesco Organic Mature Cheddar 400G', 'product_price': '£ 3.20', 'product_additionals': '£8.00/kg'}, {'shop': 'tesco', 'url': 'https://www.tesco.com/groceries/en-GB/products/254925467', 'product_name': 'Jacobs Baked Cheddar Biscuits Cheese 150G', 'product_price': '£ 1.00', 'product_additionals': '£0.67/100g'}, {'shop': 'tesco', 'url': 'https://www.tesco.com/groceries/en-GB/products/296447560', 'product_name': 'Tesco Finest West Country Cheddar Coleslaw 250G', 'product_price': '£ 1.50', 'product_additionals': '£0.60/100g'}, {'shop': 'tesco', 'url': 'https://www.tesco.com/groceries/en-GB/products/300935339', 'product_name': 'Pilgrims Choice Extra Mature Cheddar 550G', 'product_price': '£ 3.75', 'product_additionals': '£6.82/kg'}, {'shop': 'tesco', 'url': 'https://www.tesco.com/groceries/en-GB/products/253704097', 'product_name': 'Tesco British Medium Grated Cheddar 250G', 'product_price': '£ 1.75', 'product_additionals': '£7.00/kg'}, {'shop': 'tesco', 'url': 'https://www.tesco.com/groceries/en-GB/products/272490780', 'product_name': 'Tesco Finest 4 Vintage Cheddar Burgers 454G', 'product_price': '£ 3.00', 'product_additionals': '£6.61/kg'}, {'shop': 'tesco', 'url': 'https://www.tesco.com/groceries/en-GB/products/300257744', 'product_name': 'Tesco British Mature Cheddar Cheese 220G', 'product_price': '£ 1.55', 'product_additionals': '£7.05/kg'}, {'shop': 'tesco', 'url': 'https://www.tesco.com/groceries/en-GB/products/300257410', 'product_name': 'Tesco British Medium Cheddar Cheese 220G', 'product_price': '£ 1.55', 'product_additionals': '£7.05/kg'}, {'shop': 'tesco', 'url': 'https://www.tesco.com/groceries/en-GB/products/264156434', 'product_name': 'Tesco 10 Extra Mature Cheddar Slices 250G', 'product_price': '£ 1.75', 'product_additionals': '£7.00/kg'}, {'shop': 'tesco', 'url': 'https://www.tesco.com/groceries/en-GB/products/251228859', 'product_name': 'Jacobs Mini Cheddars 12X25g', 'product_price': '£ 3.00', 'product_additionals': '£1.00/100g'}, {'shop': 'tesco', 'url': 'https://www.tesco.com/groceries/en-GB/products/276902311', 'product_name': "Tesco Cheddar With Chilli's 200G", 'product_price': '£ 1.75', 'product_additionals': '£8.75/kg'}, {'shop': 'tesco', 'url': 'https://www.tesco.com/groceries/en-GB/products/288986209', 'product_name': 'Cathedral City Extra Mature Cheddar 550G', 'product_price': '£ 4.00', 'product_additionals': '£7.28/kg'}, {'shop': 'tesco', 'url': 'https://www.tesco.com/groceries/en-GB/products/268903247', 'product_name': 'Pilgrims Choice Extra Mature Cheddar 350G', 'product_price': '£ 2.59', 'product_additionals': '£7.40/kg'}, {'shop': 'tesco', 'url': 'https://www.tesco.com/groceries/en-GB/products/287972469', 'product_name': 'Lactofree Grated Cheddar 200G', 'product_price': '£ 2.00', 'product_additionals': '£10.00/kg'}, {'shop': 'tesco', 'url': 'https://www.tesco.com/groceries/en-GB/products/255160730', 'product_name': 'Tesco Finest Mature Cheddar & Onion Crisps 150G', 'product_price': '£ 1.00', 'product_additionals': '£0.67/100g'}, {'shop': 'tesco', 'url': 'https://www.tesco.com/groceries/en-GB/products/300257767', 'product_name': 'Tesco British Extra Mature Cheddar Cheese 220G', 'product_price': '£ 1.55', 'product_additionals': '£7.05/kg'}, {'shop': 'tesco', 'url': 'https://www.tesco.com/groceries/en-GB/products/299980798', 'product_name': 'Tesco Organic Medium Cheddar Cheese 220G', 'product_price': '£ 1.80', 'product_additionals': '£8.19/kg'}, {'shop': 'tesco', 'url': 'https://www.tesco.com/groceries/en-GB/products/283788008', 'product_name': 'Lactofree Mature Cheddar Cheese 200G', 'product_price': '£ 1.80', 'product_additionals': '£9.00/kg'}, {'shop': 'tesco', 'url': 'https://www.tesco.com/groceries/en-GB/products/294174009', 'product_name': 'Tesco Finest Viintage Cheddar 300G', 'product_price': '£ 3.00', 'product_additionals': '£10.00/kg'}, {'shop': 'tesco', 'url': 'https://www.tesco.com/groceries/en-GB/products/296492107', 'product_name': 'Higgidy Bacon & Cheddar Quiche 400G', 'product_price': '£ 4.00', 'product_additionals': '£1.00/100g'}, {'shop': 'tesco', 'url': 'https://www.tesco.com/groceries/en-GB/products/301063919', 'product_name': 'Jacobs Mini Cheddars Original 6X25g', 'product_price': '£ 1.50', 'product_additionals': '£1.00/100g'}, {'shop': 'tesco', 'url': 'https://www.tesco.com/groceries/en-GB/products/304371711', 'product_name': 'Tesco Cheddar Pastry Pork Pies 100G', 'product_price': '£ 1.00', 'product_additionals': '£1.00/100g'}, {'shop': 'tesco', 'url': 'https://www.tesco.com/groceries/en-GB/products/268111124', 'product_name': 'Pilgrims Choice Lighter Mature Cheddar Cheese 350G', 'product_price': '£ 2.59', 'product_additionals': '£7.40/kg'}, {'shop': 'tesco', 'url': 'https://www.tesco.com/groceries/en-GB/products/284556063', 'product_name': 'Tesco Free From 2 Ham Hock & Cheddar Crisp Bakes 270G', 'product_price': '£ 2.00', 'product_additionals': '£7.41/kg'}, {'shop': 'tesco', 'url': 'https://www.tesco.com/groceries/en-GB/products/294173984', 'product_name': 'Tesco Finest Extra Mature English Cheddar 350G', 'product_price': '£ 3.00', 'product_additionals': '£8.58/kg'}, {'shop': 'tesco', 'url': 'https://www.tesco.com/groceries/en-GB/products/273196994', 'product_name': 'Cheestrings 8 Pack Cheddar 160G', 'product_price': '£ 1.95', 'product_additionals': '£12.19/kg'}, {'shop': 'tesco', 'url': 'https://www.tesco.com/groceries/en-GB/products/301063891', 'product_name': 'Jacobs Mini Cheddars Red Leicester 6X25g', 'product_price': '£ 1.50', 'product_additionals': '£1.00/100g'}, {'shop': 'tesco', 'url': 'https://www.tesco.com/groceries/en-GB/products/299576603', 'product_name': 'Jacobs Mini Cheddars Red Leicester 12X25g', 'product_price': '£ 3.00', 'product_additionals': '£1.00/100g'}, {'shop': 'tesco', 'url': 'https://www.tesco.com/groceries/en-GB/products/286266161', 'product_name': 'Tesco Finest Cheddar Red Onion Mini Flatbreads 295G', 'product_price': '£ 2.45', 'product_additionals': '£0.83/100g'}, {'shop': 'tesco', 'url': 'https://www.tesco.com/groceries/en-GB/products/303485250', 'product_name': "Mccoy's Cheddar & Onion Crisps 6X25g", 'product_price': '£ 1.70', 'product_additionals': '£1.14/100g'}, {'shop': 'tesco', 'url': 'https://www.tesco.com/groceries/en-GB/products/287787562', 'product_name': 'Tesco Mixed Olives With Cheddar 220G', 'product_price': '£ 2.50', 'product_additionals': '£1.14/100g'}, {'shop': 'tesco', 'url': 'https://www.tesco.com/groceries/en-GB/products/304383207', 'product_name': 'Tesco Finest Coastal Bite Cheddar 200G', 'product_price': '£ 2.20', 'product_additionals': '£11.00/kg'}, {'shop': 'tesco', 'url': 'https://www.tesco.com/groceries/en-GB/products/302292462', 'product_name': 'Tesco Cheddar With Garlic & Herb 190G', 'product_price': '£ 2.20', 'product_additionals': '£1.16/100g'}, {'shop': 'tesco', 'url': 'https://www.tesco.com/groceries/en-GB/products/294375929', 'product_name': 'Tesco Finest Maple Bacon & Extra Mature Cheddar Quiche 400G', 'product_price': '£ 3.10', 'product_additionals': '£0.78/100g'}, {'shop': 'tesco', 'url': 'https://www.tesco.com/groceries/en-GB/products/273163417', 'product_name': 'Tesco Finest Vintage Cheddar & Caramelised Onion Quiche400g', 'product_price': '£ 3.10', 'product_additionals': '£0.78/100g'}, {'shop': 'tesco', 'url': 'https://www.tesco.com/groceries/en-GB/products/277759611', 'product_name': 'Davidstow Mature Cornish Classic Cheddar 350G', 'product_price': '£ 3.50', 'product_additionals': '£10.00/kg'}, {'shop': 'tesco', 'url': 'https://www.tesco.com/groceries/en-GB/products/264014086', 'product_name': 'Ilchester Applewood Smoked Cheddar 185G', 'product_price': '£ 2.10', 'product_additionals': '£11.36/kg'}, {'shop': 'tesco', 'url': 'https://www.tesco.com/groceries/en-GB/products/302277360', 'product_name': 'Counter Pilgrims Choice Mature Cheddar Cheese 240G', 'product_price': '£ 2.20', 'product_additionals': '£9.17/kg'}, {'shop': 'tesco', 'url': 'https://www.tesco.com/groceries/en-GB/products/303851911', 'product_name': 'Seriously Cheese Vintage Cheddar Spreadable 125G', 'product_price': '£ 1.19', 'product_additionals': '£9.52/kg'}, {'shop': 'tesco', 'url': 'https://www.tesco.com/groceries/en-GB/products/305835909', 'product_name': 'Yeo Valley Organic Cheddar Mature 300G', 'product_price': '£ 3.50', 'product_additionals': '£11.67/kg'}, {'shop': 'tesco', 'url': 'https://www.tesco.com/groceries/en-GB/products/256645904', 'product_name': 'Chevington Grated Mild Cheddar Cheese 400G', 'product_price': '£ 4.30', 'product_additionals': '£10.75/kg'}, {'shop': 'tesco', 'url': 'https://www.tesco.com/groceries/en-GB/products/305738323', 'product_name': 'Jacobs Mini Cheddars Lime & Chilli 6 Pack 150G', 'product_price': '£ 1.50', 'product_additionals': '£1.00/100g'}, {'shop': 'tesco', 'url': 'https://www.tesco.com/groceries/en-GB/products/293062790', 'product_name': 'Mexicana Original Hot Cheddar With Chilli 200G', 'product_price': '£ 2.00', 'product_additionals': '£10.00/kg'}, {'shop': 'tesco', 'url': 'https://www.tesco.com/groceries/en-GB/products/304404432', 'product_name': 'Tesco Finest Vintage Cheddar 200G', 'product_price': '£ 2.75', 'product_additionals': '£1.38/100g'}, {'shop': 'tesco', 'url': 'https://www.tesco.com/groceries/en-GB/products/305729305', 'product_name': "Jacob's Mini Cheddars Nacho Cheese & Jalapeno 6X25g", 'product_price': '£ 1.50', 'product_additionals': '£1.00/100g'}, {'shop': 'tesco', 'url': 'https://www.tesco.com/groceries/en-GB/products/288589680', 'product_name': 'Tickler White Extra Mature White Cheddar 350G', 'product_price': '£ 4.00', 'product_additionals': '£11.43/kg'}, {'shop': 'tesco', 'url': 'https://www.tesco.com/groceries/en-GB/products/302275857', 'product_name': 'Ilchester Applewood Smoked Cheddar 170G', 'product_price': '£ 2.20', 'product_additionals': '£12.95/kg'}, {'shop': 'tesco', 'url': 'https://www.tesco.com/groceries/en-GB/products/302219551', 'product_name': 'Cathedral City Lactose Free Mature Cheddar 200G', 'product_price': '£ 2.25', 'product_additionals': '£1.13/100g'}, {'shop': 'tesco', 'url': 'https://www.tesco.com/groceries/en-GB/products/308106698', 'product_name': "Jacob's Mini Chedders Sticks Cheddar 150G", 'product_price': '£ 1.99', 'product_additionals': '£1.33/100g'}, {'shop': 'tesco', 'url': 'https://www.tesco.com/groceries/en-GB/products/308107000', 'product_name': 'Jacobs Mini Cheddars, Cheddar & Steak 150G', 'product_price': '£ 1.99', 'product_additionals': '£1.33/100g'}, {'shop': 'tesco', 'url': 'https://www.tesco.com/groceries/en-GB/products/302287601', 'product_name': 'Ilchester Mexicana Original Hot Cheddar 170G', 'product_price': '£ 2.20', 'product_additionals': '£12.95/kg'}, {'shop': 'tesco', 'url': 'https://www.tesco.com/groceries/en-GB/products/308117627', 'product_name': 'Violife Smoky Cheddar Flavour Slices 200G', 'product_price': '£ 2.80', 'product_additionals': '£14.00/kg'}, {'shop': 'tesco', 'url': 'https://www.tesco.com/groceries/en-GB/products/300000069', 'product_name': 'Tesco British Mature Cheddar Snack Sticks 5X20g', 'product_price': '£ 1.25', 'product_additionals': '£12.50/kg'}, {'shop': 'tesco', 'url': 'https://www.tesco.com/groceries/en-GB/products/259610296', 'product_name': 'Kettle Chips Mature Cheddar & Red Onion 150G', 'product_price': '£ 1.99', 'product_additionals': '£1.33/100g'}, {'shop': 'tesco', 'url': 'https://www.tesco.com/groceries/en-GB/products/274051099', 'product_name': "Amy's Kitchen Cheddar Rice & Bean Burrito 156G", 'product_price': '£ 2.00', 'product_additionals': '£12.83/kg'}, {'shop': 'tesco', 'url': 'https://www.tesco.com/groceries/en-GB/products/295348530', 'product_name': 'Tesco Free From Coconut Oil Alternative To Mature Cheddar 200G', 'product_price': '£ 2.00', 'product_additionals': '£10.00/kg'}, {'shop': 'tesco', 'url': 'https://www.tesco.com/groceries/en-GB/products/273197498', 'product_name': 'Cheestrings Cheddar 4 Pack 80G', 'product_price': '£ 1.50', 'product_additionals': '£18.75/kg'}, {'shop': 'tesco', 'url': 'https://www.tesco.com/groceries/en-GB/products/300961808', 'product_name': "Counter Holly's Food Emporium Cheddar Oat Biscuits 144G", 'product_price': '£ 1.60', 'product_additionals': '£1.12/100g'}, {'shop': 'tesco', 'url': 'https://www.tesco.com/groceries/en-GB/products/254881713', 'product_name': "Colman's Cheddar Cheese Sauce Mix 40G", 'product_price': '£ 0.65', 'product_additionals': '£1.63/100g'}, {'shop': 'tesco', 'url': 'https://www.tesco.com/groceries/en-GB/products/305844548', 'product_name': 'Walkers Max Double Crunch Cheddar Onion 140G', 'product_price': '£ 1.99', 'product_additionals': '£14.22/kg'}, {'shop': 'tesco', 'url': 'https://www.tesco.com/groceries/en-GB/products/297519360', 'product_name': 'Eat Real Quinoa Puff White Cheddar 113G', 'product_price': '£ 1.80', 'product_additionals': '£15.93/kg'}, {'shop': 'tesco', 'url': 'https://www.tesco.com/groceries/en-GB/products/292010864', 'product_name': 'Mccoys Cheddar & Onion Crisps 47.5G', 'product_price': '£ 0.85', 'product_additionals': '£1.79/100g'}, {'shop': 'tesco', 'url': 'https://www.tesco.com/groceries/en-GB/products/305987880', 'product_name': 'Tesco Olives With Cheddar & Tomatoes 160G', 'product_price': '£ 2.50', 'product_additionals': '£1.57/100g'}, {'shop': 'tesco', 'url': 'https://www.tesco.com/groceries/en-GB/products/302301597', 'product_name': 'Tesco Cheddar With Oak Smoked Jalapeno & Red Pepper 180G', 'product_price': '£ 2.20', 'product_additionals': '£0.12/10g'}, {'shop': 'tesco', 'url': 'https://www.tesco.com/groceries/en-GB/products/306655649', 'product_name': 'Castello Cheddar Cheese Slices With Red Onion 150G', 'product_price': '£ 2.00', 'product_additionals': '£13.34/kg'}, {'shop': 'tesco', 'url': 'https://www.tesco.com/groceries/en-GB/products/258376695', 'product_name': 'Jacobs Mini Cheddar Original Snack 50G', 'product_price': '£ 0.85', 'product_additionals': '£1.70/100g'}, {'shop': 'tesco', 'url': 'https://www.tesco.com/groceries/en-GB/products/271208951', 'product_name': 'Tyrrells Crisps Mature Cheddar & Chive 150G', 'product_price': '£ 2.29', 'product_additionals': '£1.53/100g'}, {'shop': 'tesco', 'url': 'https://www.tesco.com/groceries/en-GB/products/303853022', 'product_name': 'Higgidy Cheddar & Onion Veggie Rolls 160G', 'product_price': '£ 2.60', 'product_additionals': '£1.63/100g'}, {'shop': 'tesco', 'url': 'https://www.tesco.com/groceries/en-GB/products/252176935', 'product_name': 'Schwartz Mix For Cheddar Cheese Sauce 40G', 'product_price': '£ 0.65', 'product_additionals': '£1.63/100g'}, {'shop': 'tesco', 'url': 'https://www.tesco.com/groceries/en-GB/products/306494659', 'product_name': 'Tesco Finest 4 Vintage Cheddar & Caramelised Onion Rolls 188G', 'product_price': '£ 2.30', 'product_additionals': '£1.23/100g'}, {'shop': 'tesco', 'url': 'https://www.tesco.com/groceries/en-GB/products/302301551', 'product_name': 'Walkers Sensations Hickory Smoked Cheddar Crispy Bacon150g', 'product_price': '£ 1.99', 'product_additionals': '£1.33/100g'}, {'shop': 'tesco', 'url': 'https://www.tesco.com/groceries/en-GB/products/295348575', 'product_name': 'Tesco Free From Coconut Oil Alternative To Jalapeno & Chilli Cheddar 200G', 'product_price': '£ 2.25', 'product_additionals': '£11.25/kg'}, {'shop': 'tesco', 'url': 'https://www.tesco.com/groceries/en-GB/products/306663910', 'product_name': 'Follow Your Heart Medium 10 Cheddar Style Slice 200G', 'product_price': '£ 3.30', 'product_additionals': '£16.50/kg'}, {'shop': 'tesco', 'url': 'https://www.tesco.com/groceries/en-GB/products/290898835', 'product_name': 'Kettle Chips Mature Cheddar & Red Onion 40G', 'product_price': '£ 0.85', 'product_additionals': '£2.13/100g'}, {'shop': 'tesco', 'url': 'https://www.tesco.com/groceries/en-GB/products/302285338', 'product_name': 'Counter Quickes Traditional Mature Cheddar Cheese 150G', 'product_price': '£ 2.75', 'product_additionals': '£18.34/kg'}, {'shop': 'tesco', 'url': 'https://www.tesco.com/groceries/en-GB/products/302838394', 'product_name': 'Cathedral City Snackbar Mature Cheddar 24G', 'product_price': '£ 0.65', 'product_additionals': '£2.71/100g'}, {'shop': 'tesco', 'url': 'https://www.tesco.com/groceries/en-GB/products/305959999', 'product_name': 'Peperami Snack Box Mini Chorizo & Cheddar Cheese 50G', 'product_price': '£ 1.50', 'product_additionals': '£3.00/100g'}]

