rv[('aldi', 'https://www.aldi.co.uk/12-medium-british-free-range-eggs/p/700084331092600', '12 Medium British Free Range Eggs', '1.29', '10.75p each'), ('aldi', 'https://www.aldi.co.uk/6-golden-yolk-eggs/p/014731280421800', '6 Golden Yolk Eggs', '1.49', '24.8p each'), ('aldi', 'https://www.aldi.co.uk/6-large-british-free-range-eggs/p/044407226809700', '6 Large British Free Range Eggs', '0.85', '14.16p'), ('aldi', 'https://www.aldi.co.uk/6-mixed-weight-organic-eggs/p/065396257641500', '6 Mixed Weight Organic Eggs', '1.49', '24.8p each'), ('tesco', 'https://www.tesco.com/groceries/en-GB/products/305548254', 'Aero Bubble Peppermint Chocolate Giant Egg 270G', '£ 5.00', '£1.86/100g'), ('tesco', 'https://www.tesco.com/groceries/en-GB/products/307747879', 'Aero Bubbles Milk Chocolate Easter Egg 121G', '£ 1.00', '£0.83/100g'), ('sains', 'https://www.sainsburys.co.uk/shop/gb/groceries/product/details/easter-special-offers/aero-bubbles-milk-chocolate-medium-easter-egg-121g', 'Aero Bubbles Milk Chocolate Medium Easter Egg 121g', '£1.25', '£1.03 / 100g'), ('tesco', 'https://www.tesco.com/groceries/en-GB/products/305547825', 'Aero Milk Chocolate Mini Eggs Bag 70G', '£ 1.00', '£1.43/100g'), ('sains', 'https://www.sainsburys.co.uk/shop/gb/groceries/product/details/easter-special-offers/aero-milk-chocolate-mini-eggs-pouch-70g', 'Aero Milk Chocolate Mini Eggs Pouch 70g', '£1.00', '£1.43 / 100g'), ('sains', 'https://www.sainsburys.co.uk/shop/gb/groceries/product/details/all-easter-/aero-milk-chocolate-mini-eggs-pouch-70g', 'Aero Milk Chocolate Mini Eggs Pouch 70g', '£1.00', '£1.43 / 100g'), ('tesco', 'https://www.tesco.com/groceries/en-GB/products/305548346', 'Aero Peppemint Milk Chocolate Mini Eggs 70G', '£ 1.00', '£1.43/100g'), ('tesco', 'https://www.tesco.com/groceries/en-GB/products/305554004', 'Aero Peppermint Milk Chocolate Large Easter Egg 252G', '£ 3.00', '£1.20/100g'), ('sains', 'https://www.sainsburys.co.uk/shop/gb/groceries/product/details/easter-giant/aero-peppermint-mini-eggs-giant-egg-270g', 'Aero Peppermint Mini Eggs Giant Egg 270g', '£5.00', '£1.85 / 100g'), ('sains', 'https://www.sainsburys.co.uk/shop/gb/groceries/product/details/easter-special-offers/aero-peppermint-mini-eggs-giant-egg-270g', 'Aero Peppermint Mini Eggs Giant Egg 270g', '£5.00', '£1.85 / 100g'), ('sains', 'https://www.sainsburys.co.uk/shop/gb/groceries/product/details/easter-giant/after-eight-dark-mint-chocolate-premium-easter-egg-400g', 'After Eight Dark Mint Chocolate Premium Easter Egg 400g', '£8.00', '£2.00 / 100g'), ('tesco', 'https://www.tesco.com/groceries/en-GB/products/307961014', 'After Eight Mint Dark Chocolate Easter Egg 400G', '£ 8.00', '£2.00/100g'), ('asda', 'https://groceries.asda.com/product/1000227127218', 'Alien Invasion Alien Birth Egg (3+ Years)', '£1.00', '(£1.00/each)'), ('asda', 'https://groceries.asda.com/product/910002689160', "Amy's Kitchen Gluten Free 4 Manhattan Veggie Burgers", '£3.69', 'No weight data'), ('sains', 'https://www.sainsburys.co.uk/shop/gb/groceries/product/details/new-trending-special-offers/amys-kitchen-gluten-free-chinese-noodles-veggies-in-a-cashew-cream-sauce-270g', "Amy's Kitchen Gluten Free Chinese Noodles & Veggies in a Cashew Cream Sauce 270g", '£3.50', '£1.30 / 100g'), ('sains', 'https://www.sainsburys.co.uk/shop/gb/groceries/product/details/gluten-free-frozen-foods/amys-kitchen-gluten-free-chinese-noodles-veggies-in-a-cashew-cream-sauce-270g', "Amy's Kitchen Gluten Free Chinese Noodles & Veggies in a Cashew Cream Sauce 270g", '£3.50', '£1.30 / 100g'), ('sains', 'https://www.sainsburys.co.uk/shop/gb/groceries/product/details/frozen-milk-free/amys-kitchen-gluten-free-chinese-noodles-veggies-in-a-cashew-cream-sauce-270g', "Amy's Kitchen Gluten Free Chinese Noodles & Veggies in a Cashew Cream Sauce 270g", '£3.50', '£1.30 / 100g'), ('asda', 'https://groceries.asda.com/product/37519', 'ASDA 12 Large Free Range Eggs', '£1.79', 'No weight data'), ('asda', 'https://groceries.asda.com/product/1049683', 'ASDA 12 Medium Free Range Eggs', '£1.35', 'No weight data'), ('asda', 'https://groceries.asda.com/product/910001068170', 'ASDA 12 Mini Pork Savoury Eggs', '£1.19', 'No weight data'), ('asda', 'https://groceries.asda.com/product/910003011021', 'ASDA 14 Pork & Egg Slices', '£1.40', '(66.7p/100g)'), ('asda', 'https://groceries.asda.com/product/1000213879392', 'ASDA 16 Savoury Pork Mini Eggs', '£2.00', 'No weight data'), ('asda', 'https://groceries.asda.com/product/910000425110', 'ASDA 2 Cumberland Scotch Eggs', '£1.25', '(55.3p/100g)'), ('asda', 'https://groceries.asda.com/product/28050486', 'ASDA 2 Gala Pork & Egg Slices', '£1.90', '(76.0p/100g)'), ('asda', 'https://groceries.asda.com/product/910001812989', 'ASDA 2 Ploughmans Scotch Eggs', '£1.25', '(55.3p/100g)'), ('asda', 'https://groceries.asda.com/product/910000425131', 'ASDA 2 Pork Scotch Eggs', '£1.00', '(44.2p/100g)'), ('asda', 'https://groceries.asda.com/product/910000425172', 'ASDA 4 Pork Scotch Eggs', '£1.84', '(40.7p/100g)'), ('asda', 'https://groceries.asda.com/product/1000083677380', 'ASDA 4 Steam Bags Egg Fried Rice with Peas', '£2.35', 'No weight data'), ('asda', 'https://groceries.asda.com/product/20510', 'ASDA 6 Large Free Range Eggs', '£0.99', 'No weight data'), ('asda', 'https://groceries.asda.com/product/20511', 'ASDA 6 Medium Free Range Eggs', '£0.79', 'No weight data'), ('asda', 'https://groceries.asda.com/product/404198', "ASDA Chef's Value 30 Medium Eggs", '£4.00', '(13.3p/each)'), ('asda', 'https://groceries.asda.com/product/1000182764159', 'ASDA Chicken Curry with Egg Fried Rice', '£2.00', 'No weight data'), ('asda', 'https://groceries.asda.com/product/910002366220', 'ASDA Chinese Sweet & Sour Chicken with Egg Fried Rice', '£1.50', 'No weight data'), ('asda', 'https://groceries.asda.com/product/1000001430967', 'ASDA Egg & Bacon Mayonnaise', '£1.40', '(56.0p/100g)'), ('asda', 'https://groceries.asda.com/product/1000001546253', 'ASDA Egg & Cress Sandwich', '£1.10', '(£1.10/each)'), ('asda', 'https://groceries.asda.com/product/910003033511', 'ASDA Egg Custard Tarts', '£0.95', '(23.8p/each)'), ('asda', 'https://groceries.asda.com/product/910003033909', 'ASDA Egg Custards', '£0.80', '(40.0p/each)'), ('asda', 'https://groceries.asda.com/product/910002524751', 'ASDA Egg Fried Micro Rice', '£0.49', '(£1.96/kg)'), ('asda', 'https://groceries.asda.com/product/910002615952', 'ASDA Egg Fried Rice', '£1.20', 'No weight data'), ('asda', 'https://groceries.asda.com/product/910002250162', 'ASDA Egg Mayonnaise', '£1.75', '(42.7p/100g)'), ('asda', 'https://groceries.asda.com/product/1000001431002', 'ASDA Egg Mayonnaise', '£1.40', '(56.0p/100g)'), ('asda', 'https://groceries.asda.com/product/910002208697', 'ASDA Egg Noodles', '£0.75', '(30.0p/100g)'), ('asda', 'https://groceries.asda.com/product/910002615793', 'ASDA Egg Noodles', '£1.00', 'No weight data'), ('asda', 'https://groceries.asda.com/product/910002725763', 'ASDA Extra Special Golden Yolk 6 Mixed Weight Free Range Eggs', '£1.80', 'No weight data'), ('asda', 'https://groceries.asda.com/product/910001801491', 'ASDA Extra Special Parmigiano Reggiano', '£2.30', 'No weight data'), ('asda', 'https://groceries.asda.com/product/910002725740', 'ASDA Extra Special Taleggio D.O.P', '£2.20', 'No weight data'), ('asda', 'https://groceries.asda.com/product/48537460', 'ASDA Fresh Egg Fusilli', '£1.35', 'No weight data'), ('asda', 'https://groceries.asda.com/product/48537458', 'ASDA Fresh Egg Penne', '£1.35', 'No weight data'), ('asda', 'https://groceries.asda.com/product/48537459', 'ASDA Fresh Egg Tagliatelle', '£1.35', 'No weight data'), ('asda', 'https://groceries.asda.com/product/1000236571315', 'ASDA Gala Pie Pork & Egg', '£2.05', '(69.5p/100g)'), ('asda', 'https://groceries.asda.com/product/910001895201', 'ASDA Good & Balanced Baby Potato & Free Range Egg Salad', '£1.75', '(64.8p/100g)'), ('asda', 'https://groceries.asda.com/product/1000085878524', 'ASDA Good & Balanced Ham & Free Range Egg Salad', '£1.75', '(70.0p/100g)'), ('asda', 'https://groceries.asda.com/product/1000219746243', 'ASDA Italian Fresh Egg Lasagne Sheets', '£1.35', '(£4.50/kg)'), ('asda', 'https://groceries.asda.com/product/1000246055190', 'ASDA Large Woodfired Very Veggie Supreme', '£4.50', 'No weight data'), ('asda', 'https://groceries.asda.com/product/1000246055198', 'ASDA Medium Woodfired Very Veggie Supreme', '£3.50', 'No weight data'), ('asda', 'https://groceries.asda.com/product/910000053377', 'ASDA Organic 6 Mixed Weight Eggs', '£1.80', 'No weight data'), ('asda', 'https://groceries.asda.com/product/1000066228140', 'ASDA Plant Based Veggie Gnocchi', '£2.50', 'No weight data'), ('asda', 'https://groceries.asda.com/product/1000229562763', 'ASDA Plant Based Veggie Rice', '£1.40', 'No weight data'), ('asda', 'https://groceries.asda.com/product/22006', 'ASDA Smart Price 15 Eggs', '£1.18', '(7.9p/each)'), ('asda', 'https://groceries.asda.com/product/1000182764200', 'ASDA Sweet & Sour Chicken with Egg Fried Rice', '£2.10', 'No weight data'), ('asda', 'https://groceries.asda.com/product/1000136816474', 'Baxters Baxters Veggie Goodness Sweet Potato & Chipotle Soup', '£1.15', '(28.7p/100g)'), ('tesco', 'https://www.tesco.com/groceries/en-GB/products/306934262', 'Big & Free Large White Free Range Eggs 10 Pack', '£ 2.00', '£0.20/each'), ('asda', 'https://groceries.asda.com/product/910001228389', 'Big & Fresh 10 Eggs', '£1.74', '(17.4p/each)'), ('tesco', 'https://www.tesco.com/groceries/en-GB/products/305950860', 'Big & Fresh Jumbo 6 Eggs', '£ 1.45', '£0.24/each'), ('tesco', 'https://www.tesco.com/groceries/en-GB/products/251744530', 'Big & Fresh Mixed Sized Eggs 10 Pack', '£ 1.75', '£0.18/each'), ('tesco', 'https://www.tesco.com/groceries/en-GB/products/253270171', 'Big & Fresh Mixed Sized Eggs 6 Pack', '£ 1.15', '£0.19/each'), ('sains', 'https://www.sainsburys.co.uk/shop/gb/groceries/product/details/easter-special-offers/sainsburys-billionaire-egg-210g', 'Billionaires Milk Chocolate Egg 210g', '£4.00', '£1.90 / 100g'), ('sains', 'https://www.sainsburys.co.uk/shop/gb/groceries/product/details/all-easter-eggs-and-chocolate-/sainsburys-billionaire-egg-210g', 'Billionaires Milk Chocolate Egg 210g', '£4.00', '£1.90 / 100g'), ('asda', 'https://groceries.asda.com/product/1000129843725', 'Birds Eye 10 Green Cuisine Veggie Fingers', '£0.75', 'No weight data'), ('tesco', 'https://www.tesco.com/groceries/en-GB/products/307345829', 'Birds Eye Green Cuisine 2 Veggie Burgers 250G', '£ 1.50', '£6.00/kg'), ('asda', 'https://groceries.asda.com/product/1000000986503', 'Blue Dragon Fine Egg Noodles', '£1.00', '(£3.33/kg)'), ('tesco', 'https://www.tesco.com/groceries/en-GB/products/272854241', 'Blue Dragon Fine Egg Noodles 300G', '£ 1.00', '£3.34/kg'), ('asda', 'https://groceries.asda.com/product/910000782454', 'Blue Dragon Medium Egg Noodles', '£1.00', '(£3.33/kg)'), ('tesco', 'https://www.tesco.com/groceries/en-GB/products/272854385', 'Blue Dragon Medium Egg Noodles 300G', '£ 1.00', '£3.34/kg'), ('asda', 'https://groceries.asda.com/product/1000218525335', 'BOSH! Smoky BBQ Roast Veggie Spice Rub', '£2.49', '(£3.83/100g)'), ('asda', 'https://groceries.asda.com/product/1000218525332', 'BOSH! Smoky Paprika Roast Veggie Spice Rub', '£2.49', '(£3.83/100g)'), ('tesco', 'https://www.tesco.com/groceries/en-GB/products/304389823', 'Bounty Milk Chocolate Egg With 3 Fun Size Bars 263G', '£ 3.00', '£1.15/100g'), ('sains', 'https://www.sainsburys.co.uk/shop/gb/groceries/product/details/fresh-eggs/brakes-british-free-range-medium-eggs-x18', 'Brakes British Free Range Medium Eggs x18', '£2.50', '14p / ea'), ('tesco', 'https://www.tesco.com/groceries/en-GB/products/307750206', 'Buttermilk Dairy Free Salted Caramel Crunch Easter Egg 165G', '£ 6.00', '£3.64/100g'), ('tesco', 'https://www.tesco.com/groceries/en-GB/products/307736282', 'Buttermilk Dairy Free Zingy Orange Egg Chocolate Bar 165G', '£ 6.00', '£3.64/100g'), ('sains', 'https://www.sainsburys.co.uk/shop/gb/groceries/product/details/new-355373-44/buttermilk-salted-caramel-crunch-chocolate-egg-soldier-165g', 'Buttermilk Salted Caramel Crunch Choccy Egg 165g', '£6.00', '£2.68 / 100g'), ('sains', 'https://www.sainsburys.co.uk/shop/gb/groceries/product/details/easter-special-offers/buttermilk-salted-caramel-crunch-chocolate-egg-soldier-165g', 'Buttermilk Salted Caramel Crunch Choccy Egg 165g', '£6.00', '£2.68 / 100g'), ('sains', 'https://www.sainsburys.co.uk/shop/gb/groceries/product/details/all-easter-/buttermilk-salted-caramel-crunch-chocolate-egg-soldier-165g', 'Buttermilk Salted Caramel Crunch Choccy Egg 165g', '£6.00', '£2.68 / 100g'), ('sains', 'https://www.sainsburys.co.uk/shop/gb/groceries/product/details/small-and-medium/buttermilk-zingy-orange-crisp-chocolate-egg-soldier-165g', 'Buttermilk Zingy Orange Crisp Choccy Egg 165g', '£6.00', '£2.68 / 100g'), ('sains', 'https://www.sainsburys.co.uk/shop/gb/groceries/product/details/new-355373-44/buttermilk-zingy-orange-crisp-chocolate-egg-soldier-165g', 'Buttermilk Zingy Orange Crisp Choccy Egg 165g', '£6.00', '£2.68 / 100g'), ('sains', 'https://www.sainsburys.co.uk/shop/gb/groceries/product/details/easter-special-offers/buttermilk-zingy-orange-crisp-chocolate-egg-soldier-165g', 'Buttermilk Zingy Orange Crisp Choccy Egg 165g', '£6.00', '£2.68 / 100g'), ('sains', 'https://www.sainsburys.co.uk/shop/gb/groceries/product/details/all-easter-/buttermilk-zingy-orange-crisp-chocolate-egg-soldier-165g', 'Buttermilk Zingy Orange Crisp Choccy Egg 165g', '£6.00', '£2.68 / 100g'), ('tesco', 'https://www.tesco.com/groceries/en-GB/products/299773970', 'Cadbury 4 Mini Egg Nest Cakes', '£ 2.00', '£0.50/each'), ('tesco', 'https://www.tesco.com/groceries/en-GB/products/257169389', 'Cadbury 6 Mini Eggs Easter Cakes', '£ 2.00', '£0.33/each'), ('sains', 'https://www.sainsburys.co.uk/shop/gb/groceries/product/details/new-355373-44/cadbury-bournville-dark-orange-chocolate-bar-with-large-easter-egg-255g', 'Cadbury Bournville Dark Orange Chocolate Bar with Large Easter Egg 255g', '£6.00', '£2.67 / 100g'), ('sains', 'https://www.sainsburys.co.uk/shop/gb/groceries/product/details/easter-special-offers/cadbury-bournville-dark-orange-chocolate-bar-with-large-easter-egg-255g', 'Cadbury Bournville Dark Orange Chocolate Bar with Large Easter Egg 255g', '£6.00', '£2.67 / 100g'), ('sains', 'https://www.sainsburys.co.uk/shop/gb/groceries/product/details/easter-special-offers/cadburys-bourneville-heritage-egg-155g', 'Cadbury Bournville Easter Egg with Chocolate Bar 155g', '20p', '13p / 100g'), ('tesco', 'https://www.tesco.com/groceries/en-GB/products/254332425', 'Cadbury Caramel Egg 40G', '£ 0.50', '£0.12/10g'), ('sains', 'https://www.sainsburys.co.uk/shop/gb/groceries/product/details/miniandtreat-size/cadbury-caramel-egg-single-40g', 'Cadbury Caramel Egg Single 40g', '50p', '50p / ea'), ('tesco', 'https://www.tesco.com/groceries/en-GB/products/305253389', 'Cadbury Caramel Medium Egg 139G', '£ 1.00', '£0.72/100g'), ('sains', 'https://www.sainsburys.co.uk/shop/gb/groceries/product/details/miniandtreat-size/cadbury-chocolate-mini-eggs-clip-strip-80g', 'Cadbury Chocolate Mini Eggs Clip Strip 80g', '£1.00', '£1.25 / 100g'), ('sains', 'https://www.sainsburys.co.uk/shop/gb/groceries/product/details/easter-special-offers/cabury-mini-eggs-tin-319g', 'Cadbury Chocolate Mini Eggs Tub 319g', '£5.00', '£1.57 / 100g'), ('tesco', 'https://www.tesco.com/groceries/en-GB/products/307133125', 'Cadbury Creme Egg 10 X 40G', '£ 3.95', '£0.99/100g'), ('tesco', 'https://www.tesco.com/groceries/en-GB/products/250237084', 'Cadbury Creme Egg 40G', '£ 0.50', '£0.12/10g'), ('tesco', 'https://www.tesco.com/groceries/en-GB/products/287062141', 'Cadbury Creme Egg 5 X 40G Pack', '£ 2.00', '£1.02/100g'), ('sains', 'https://www.sainsburys.co.uk/shop/gb/groceries/product/details/easter-special-offers/cadbury-creme-egg-chocolate-box-400g', 'Cadbury Creme Egg Chocolate Box 400g', '£4.00', '£1.00 / 100g'), ('tesco', 'https://www.tesco.com/groceries/en-GB/products/305527636', 'Cadbury Creme Egg Chocolate Cake 6Pack', '£ 2.00', '£0.33/each'), ('sains', 'https://www.sainsburys.co.uk/shop/gb/groceries/product/details/all-easter-/cadburys-creme-egg-cakes-x6', 'Cadbury Creme Egg Chocolate Cakes x6', '£2.00', '33p / ea'), ('sains', 'https://www.sainsburys.co.uk/shop/gb/groceries/product/details/miniandtreat-size/cadburys-creme-egg-tin-409g', 'Cadbury Creme Egg Chocolate Tub 409g', '£5.00', '£1.22 / 100g'), ('tesco', 'https://www.tesco.com/groceries/en-GB/products/264356514', 'Cadbury Creme Egg Egg & Mug 197G', '£ 3.00', '£1.53/100g'), ('tesco', 'https://www.tesco.com/groceries/en-GB/products/255135070', 'Cadbury Creme Egg Medium Easter Egg 138G', '£ 1.00', '£0.72/100g'), ('sains', 'https://www.sainsburys.co.uk/shop/gb/groceries/product/details/miniandtreat-size/cadbury-creme-egg-single-40g', 'Cadbury Creme Egg Single 40g', '35p', '35p / ea'), ('tesco', 'https://www.tesco.com/groceries/en-GB/products/304793769', 'Cadbury Creme Egg Tin 409G', '£ 5.00', '£1.23/100g'), ('sains', 'https://www.sainsburys.co.uk/shop/gb/groceries/product/details/all-easter-/cadbury-creme-egg-large-easter-egg-258g-check-your-local-store-for-available-range-', 'Cadbury Creme Egg with Large Easter Egg 233g', '£3.00', '£1.29 / 100g'), ('sains', 'https://www.sainsburys.co.uk/shop/gb/groceries/product/details/miniandtreat-size/cadbury-creme-egg-x5-197g', 'Cadbury Creme Egg x5 197g', '£2.00', '£1.02 / 100g'), ('sains', 'https://www.sainsburys.co.uk/shop/gb/groceries/product/details/all-easter-eggs-and-chocolate-/cadbury-crunchie-large-easter-egg-233g', 'Cadbury Crunchie Large Easter Egg 233g', '£3.00', '£1.29 / 100g'), ('sains', 'https://www.sainsburys.co.uk/shop/gb/groceries/product/details/small-and-medium/cadbury-dairy-milk-buttons-medium-easter-egg-128g', 'Cadbury Dairy Milk Buttons Easter Egg & Chocolate Bag 74g', '£1.00', '£1.35 / 100g'), ('tesco', 'https://www.tesco.com/groceries/en-GB/products/264315195', 'Cadbury Dairy Milk Buttons Medium Easter Egg 128G', '£ 1.00', '£0.78/100g'), ('tesco', 'https://www.tesco.com/groceries/en-GB/products/307343245', 'Cadbury Dairy Milk Caramel Easter Egg 286G', '£ 5.00', '£1.75/100g'), ('sains', 'https://www.sainsburys.co.uk/shop/gb/groceries/product/details/all-easter-eggs-and-chocolate-/cadbury-dairy-milk-caramel-gift-boxed-easter-egg-331g-check-your-local-store-for-available-range-', 'Cadbury Dairy Milk Caramel Gift Boxed Egg 286g', '£6.00', '£2.10 / 100g'), ('sains', 'https://www.sainsburys.co.uk/shop/gb/groceries/product/details/easter-special-offers/cadburys-dairy-milk-chunk-egg-71g', 'Cadbury Dairy Milk Chocolate Chunk & Easter Egg 71g', '£1.00', '£1.41 / 100g'), ('sains', 'https://www.sainsburys.co.uk/shop/gb/groceries/product/details/all-easter-/cadburys-dairy-milk-chunk-egg-71g', 'Cadbury Dairy Milk Chocolate Chunk & Easter Egg 71g', '£1.00', '£1.41 / 100g'), ('sains', 'https://www.sainsburys.co.uk/shop/gb/groceries/product/details/small-and-medium/cadbury-creme-egg-medium-easter-egg-138g', 'Cadbury Dairy Milk Creme Egg Medium Easter Egg 138g', '£1.25', '91p / 100g'), ('sains', 'https://www.sainsburys.co.uk/shop/gb/groceries/product/details/easter-giant/cadbury-dairy-milk-creme-egg-with-large-easter-egg-460g', 'Cadbury Dairy Milk Creme Egg with Large Easter Egg 497g', '£10.00', '£2.17 / 100g'), ('sains', 'https://www.sainsburys.co.uk/shop/gb/groceries/product/details/all-easter-eggs-and-chocolate-/cadbury-dairy-milk-creme-egg-with-large-easter-egg-460g', 'Cadbury Dairy Milk Creme Egg with Large Easter Egg 497g', '£10.00', '£2.17 / 100g'), ('tesco', 'https://www.tesco.com/groceries/en-GB/products/307362631', 'Cadbury Dairy Milk Daim Mini Eggs 77G', '£ 1.00', '£1.30/100g'), ('tesco', 'https://www.tesco.com/groceries/en-GB/products/307352833', 'Cadbury Dairy Milk Easter Egg 286G', '£ 5.00', '£1.75/100g'), ('tesco', 'https://www.tesco.com/groceries/en-GB/products/307353262', 'Cadbury Dairy Milk Easter Egg Marvellous Creations 246G', '£ 3.00', '£1.22/100g'), ('tesco', 'https://www.tesco.com/groceries/en-GB/products/307339019', 'Cadbury Dairy Milk Egg & Spoon Oreo 128G', '£ 2.00', '£1.57/100g'), ('sains', 'https://www.sainsburys.co.uk/shop/gb/groceries/product/details/all-easter-/cadbury-dairy-milk-egg-n-spoon-chocolate-mousse-eggs-x4-136g', "Cadbury Dairy Milk Egg 'n' Spoon Chocolate 136g", '£2.00', '£1.47 / 100g'), ('sains', 'https://www.sainsburys.co.uk/shop/gb/groceries/product/details/miniandtreat-size/cadbury-dairy-milk-egg-n-spoon-with-oreo-136g', "Cadbury Dairy Milk Egg 'n' Spoon with Oreo 128g", '£2.00', '£1.56 / 100g'), ('tesco', 'https://www.tesco.com/groceries/en-GB/products/263070686', 'Cadbury Dairy Milk Egg Heads Easter Egg 77G', '£ 1.00', '£1.30/100g'), ('tesco', 'https://www.tesco.com/groceries/en-GB/products/265923654', 'Cadbury Dairy Milk Extra Large Easter Egg 515G', '£ 10.00', '£1.95/100g'), ('tesco', 'https://www.tesco.com/groceries/en-GB/products/291244675', 'Cadbury Dairy Milk Freddo Faces Medium Easter Egg 122G', '£ 1.00', '£0.82/100g'), ('tesco', 'https://www.tesco.com/groceries/en-GB/products/307136116', 'Cadbury Dairy Milk Fruit & Nut Easter Egg 302G', '£ 5.00', '£1.66/100g'), ('sains', 'https://www.sainsburys.co.uk/shop/gb/groceries/product/details/all-easter-/cadbury-dairy-milk-fruit-and-nut-chocolate-egg-302g', 'Cadbury Dairy Milk Fruit and Nut Chocolate Egg 302g', '£6.00', '£1.99 / 100g'), ('sains', 'https://www.sainsburys.co.uk/shop/gb/groceries/product/details/easter-special-offers/cadbury-dairy-milk-fruit-and-nut-chocolate-egg-302g', 'Cadbury Dairy Milk Fruit and Nut Chocolate Egg 302g', '£6.00', '£1.99 / 100g'), ('sains', 'https://www.sainsburys.co.uk/shop/gb/groceries/product/details/new-355373-44/cadbury-dairy-milk-fruit-and-nut-chocolate-egg-302g', 'Cadbury Dairy Milk Fruit and Nut Chocolate Egg 302g', '£6.00', '£1.99 / 100g'), ('sains', 'https://www.sainsburys.co.uk/shop/gb/groceries/product/details/all-easter-eggs-and-chocolate-/cadbury-dairy-milk-fruit-and-nut-ultimate-chocolate-egg-532g', 'Cadbury Dairy Milk Fruit and Nut Ultimate Chocolate Egg 532g', '£12.00', '£2.26 / 100g'), ('sains', 'https://www.sainsburys.co.uk/shop/gb/groceries/product/details/easter-giant/cadbury-dairy-milk-fruit-and-nut-ultimate-chocolate-egg-532g', 'Cadbury Dairy Milk Fruit and Nut Ultimate Chocolate Egg 532g', '£12.00', '£2.26 / 100g'), ('sains', 'https://www.sainsburys.co.uk/shop/gb/groceries/product/details/easter-giant/cadbury-dairy-milk-giant-buttons-easter-egg-419g', 'Cadbury Dairy Milk Giant Buttons Easter Egg 419g', '£10.00', '£2.39 / 100g'), ('sains', 'https://www.sainsburys.co.uk/shop/gb/groceries/product/details/easter-special-offers/cadbury-dairy-milk-giant-buttons-easter-egg-419g', 'Cadbury Dairy Milk Giant Buttons Easter Egg 419g', '£10.00', '£2.39 / 100g'), ('sains', 'https://www.sainsburys.co.uk/shop/gb/groceries/product/details/new-355373-44/cadbury-dairy-milk-giant-buttons-easter-egg-419g', 'Cadbury Dairy Milk Giant Buttons Easter Egg 419g', '£10.00', '£2.39 / 100g'), ('sains', 'https://www.sainsburys.co.uk/shop/gb/groceries/product/details/easter-giant/cadbury-dairy-milk-giant-easter-egg-515g', 'Cadbury Dairy Milk Giant Easter Egg 515g', '£10.00', '£1.94 / 100g'), ('sains', 'https://www.sainsburys.co.uk/shop/gb/groceries/product/details/all-easter-eggs-and-chocolate-/cadbury-dairy-milk-giant-easter-egg-515g', 'Cadbury Dairy Milk Giant Easter Egg 515g', '£10.00', '£1.94 / 100g'), ('tesco', 'https://www.tesco.com/groceries/en-GB/products/307145693', 'Cadbury Dairy Milk Mini Eggs Eggs 77G', '£ 1.00', '£1.30/100g'), ('tesco', 'https://www.tesco.com/groceries/en-GB/products/307339406', 'Cadbury Dairy Milk Orange Giant Buttons Easter Egg 410G', '£ 10.00', '£2.44/100g'), ('tesco', 'https://www.tesco.com/groceries/en-GB/products/307341587', 'Cadbury Dairy Milk Oreo Easter Egg 233G', '£ 3.00', '£1.29/100g'), ('tesco', 'https://www.tesco.com/groceries/en-GB/products/307736656', 'Cadbury Dairy Milk Oreo Mini Eggs 72G', '£ 1.00', '£1.39/100g'), ('tesco', 'https://www.tesco.com/groceries/en-GB/products/307356760', 'Cadbury Dairy Milk Peter Rabbit Easter Egg 100G', '£ 10.00', '£10.00/100g'), ('tesco', 'https://www.tesco.com/groceries/en-GB/products/307342102', 'Cadbury Dairy Milk Peter Rabbit Egg 72G', '£ 6.00', '£8.34/100g'), ('tesco', 'https://www.tesco.com/groceries/en-GB/products/307361528', 'Cadbury Dairy Milk Ultimate Chopped Nut Easter Egg 518G', '£ 12.00', '£2.32/100g'), ('sains', 'https://www.sainsburys.co.uk/shop/gb/groceries/product/details/easter-special-offers/cadburys-dark-milk-egg-265g', 'Cadbury Darkmilk Chocolate Bar with Large Darkmilk Easter Egg 265g', '60p', '23p / 100g'), ('tesco', 'https://www.tesco.com/groceries/en-GB/products/307338217', 'Cadbury Easter Creme Egg 233G', '£ 3.00', '£1.29/100g'), ('sains', 'https://www.sainsburys.co.uk/shop/gb/groceries/product/details/all-easter-/cadbury-easter-egg-hunt-pack-176g', 'Cadbury Easter Egg Hunt Pack 176g', '£3.00', '£1.70 / 100g'), ('tesco', 'https://www.tesco.com/groceries/en-GB/products/276185997', "Cadbury Egg 'N' Spoon Double Chocolate 136G", '£ 2.00', '£1.48/100g'), ('tesco', 'https://www.tesco.com/groceries/en-GB/products/299586827', 'Cadbury Egg Hunt Pack 342.7G', '£ 7.00', '£2.05/100g'), ('tesco', 'https://www.tesco.com/groceries/en-GB/products/307356079', 'Cadbury Fingers Easter Egg 212G', '£ 5.00', '£2.36/100g'), ('tesco', 'https://www.tesco.com/groceries/en-GB/products/307356155', 'Cadbury Flake Easter Egg 249G', '£ 5.00', '£2.01/100g'), ('tesco', 'https://www.tesco.com/groceries/en-GB/products/307356869', 'Cadbury Fruit & Chocolate Egg 532G', '£ 12.00', '£2.26/100g'), ('tesco', 'https://www.tesco.com/groceries/en-GB/products/307358850', 'Cadbury Heroes Easter Egg 236G', '£ 3.00', '£1.28/100g'), ('tesco', 'https://www.tesco.com/groceries/en-GB/products/307340824', 'Cadbury Mini Creme Eggs 78G', '£ 1.00', '£1.29/100g'), ('tesco', 'https://www.tesco.com/groceries/en-GB/products/303004400', 'Cadbury Mini Egg Chocolate Egg 296G', '£ 3.00', '£1.02/100g'), ('tesco', 'https://www.tesco.com/groceries/en-GB/products/307343700', 'Cadbury Mini Egg Easter Egg 231G', '£ 5.00', '£2.17/100g'), ('tesco', 'https://www.tesco.com/groceries/en-GB/products/302809066', 'Cadbury Mini Eggs 96G', '£ 1.50', '£1.57/100g'), ('tesco', 'https://www.tesco.com/groceries/en-GB/products/302809043', 'Cadbury Mini Eggs Bag 80G', '£ 1.00', '£1.25/100g'), ('sains', 'https://www.sainsburys.co.uk/shop/gb/groceries/product/details/miniandtreat-size/cadbury-mini-eggs-bag-90g', 'Cadbury Mini Eggs Bag 80g', '£1.00', '£1.25 / 100g'), ('tesco', 'https://www.tesco.com/groceries/en-GB/products/302809319', 'Cadbury Mini Eggs Carton 38.3G', '£ 0.50', '£1.31/100g'), ('sains', 'https://www.sainsburys.co.uk/shop/gb/groceries/product/details/easter-special-offers/cadbury-mini-eggs-chocolate-bar-110g', 'Cadbury Mini Eggs Chocolate Bar 110g', '£1.00', '91p / 100g'), ('sains', 'https://www.sainsburys.co.uk/shop/gb/groceries/product/details/new-355373-44/cadbury-mini-eggs-chocolate-bar-110g', 'Cadbury Mini Eggs Chocolate Bar 110g', '£1.00', '91p / 100g'), ('tesco', 'https://www.tesco.com/groceries/en-GB/products/302809291', 'Cadbury Mini Eggs Chocolate Egg & Mug 177G', '£ 3.00', '£3.00/each'), ('tesco', 'https://www.tesco.com/groceries/en-GB/products/302819117', 'Cadbury Mini Eggs Chocolate Egg 455G', '£ 10.00', '£2.20/100g'), ('sains', 'https://www.sainsburys.co.uk/shop/gb/groceries/product/details/all-easter-/cadbury-mini-eggs-chocolate-gateau-370g', 'Cadbury Mini Eggs Chocolate Gateau', '£3.00', '£3.00 / ea'), ('sains', 'https://www.sainsburys.co.uk/shop/gb/groceries/product/details/easterlunch/cadbury-mini-eggs-chocolate-gateau-370g', 'Cadbury Mini Eggs Chocolate Gateau', '£3.00', '£3.00 / ea'), ('tesco', 'https://www.tesco.com/groceries/en-GB/products/254949335', 'Cadbury Mini Eggs Chocolate Gateau Each', '£ 3.00', '£3.00/each'), ('tesco', 'https://www.tesco.com/groceries/en-GB/products/307346858', 'Cadbury Mini Eggs Easter Egg 507G', '£ 12.00', '£2.37/100g'), ('sains', 'https://www.sainsburys.co.uk/shop/gb/groceries/product/details/new-355373-44/cadbury-mini-eggs-easter-hunt-super-pack-3427g', 'Cadbury Mini Eggs Easter Hunt Super Pack 342.7g', '£7.00', '£2.04 / 100g'), ('sains', 'https://www.sainsburys.co.uk/shop/gb/groceries/product/details/easterluxury/cadbury-mini-eggs-gift-boxed-easter-egg-286g-check-your-local-store-for-available-range-', 'Cadbury Mini Eggs Giant Easter Egg 231g', '£6.00', '£2.60 / 100g'), ('sains', 'https://www.sainsburys.co.uk/shop/gb/groceries/product/details/easter-giant/cadbury-mini-eggs-giant-easter-egg-455g-check-your-local-store-for-available-range-', 'Cadbury Mini Eggs Giant Easter Egg 455g', '£10.00', '£2.20 / 100g'), ('tesco', 'https://www.tesco.com/groceries/en-GB/products/261674666', 'Cadbury Mini Eggs Medium Easter Egg 130G', '£ 1.00', '£7.70/kg'), ('sains', 'https://www.sainsburys.co.uk/shop/gb/groceries/product/details/small-and-medium/cadbury-mini-eggs-medium-easter-egg-130g', 'Cadbury Mini Eggs Medium Easter Egg 130g', '£1.25', '96p / 100g'), ('sains', 'https://www.sainsburys.co.uk/shop/gb/groceries/product/details/easter-hot-cross-buns-and-cakes/cadbury-easter-mini-eggs-nests-x5', 'Cadbury Mini Eggs Nest Cakes x4', '£2.00', '50p / ea'), ('tesco', 'https://www.tesco.com/groceries/en-GB/products/302819099', 'Cadbury Mini Eggs Pouch 385G', '£ 4.00', '£1.04/100g'), ('tesco', 'https://www.tesco.com/groceries/en-GB/products/304394684', 'Cadbury Mini Eggs Tin 319G', '£ 5.00', '£1.57/100g'), ('tesco', 'https://www.tesco.com/groceries/en-GB/products/307358019', 'Cadbury Minis Mix Eggs 240G', '£ 3.00', '£1.25/100g'), ('sains', 'https://www.sainsburys.co.uk/shop/gb/groceries/product/details/new-355373-44/cadbury-mixed-caramel-creme-egg-400g', 'Cadbury Mixed Caramel & Creme Egg 400g', '£4.00', '£1.00 / 100g'), ('sains', 'https://www.sainsburys.co.uk/shop/gb/groceries/product/details/easter-special-offers/cadbury-mixed-caramel-creme-egg-400g', 'Cadbury Mixed Caramel & Creme Egg 400g', '£4.00', '£1.00 / 100g'), ('tesco', 'https://www.tesco.com/groceries/en-GB/products/307146922', 'Cadbury Mixed Creme Egg & Caramel 10 X 40G', '£ 3.95', '£0.99/100g'), ('tesco', 'https://www.tesco.com/groceries/en-GB/products/302808729', 'Cadbury Oreo Chocolate Egg 31G', '£ 0.50', '£1.62/100g'), ('sains', 'https://www.sainsburys.co.uk/shop/gb/groceries/product/details/miniandtreat-size/cadbury-oreo-easter-egg-31g', 'Cadbury Oreo Easter Egg 31g', '50p', '£1.61 / 100g'), ('tesco', 'https://www.tesco.com/groceries/en-GB/products/307350893', 'Cadbury Roses Easter Egg 255G', '£ 5.00', '£1.97/100g'), ('tesco', 'https://www.tesco.com/groceries/en-GB/products/307366074', 'Cadbury Twirl Easter Egg 237G', '£ 3.00', '£1.27/100g'), ('tesco', 'https://www.tesco.com/groceries/en-GB/products/307358084', 'Cadbury White With Oreo Easter Egg 220G', '£ 3.00', '£1.37/100g'), ('tesco', 'https://www.tesco.com/groceries/en-GB/products/307348009', 'Cadbury Wispa Chocolate Egg 224G', '£ 3.00', '£1.34/100g'), ('tesco', 'https://www.tesco.com/groceries/en-GB/products/307352021', 'Cadbury Wispa Gold Easter Egg 248G', '£ 3.00', '£1.21/100g'), ('sains', 'https://www.sainsburys.co.uk/shop/gb/groceries/product/details/easter-special-offers/cadbury-wispa-gold-large-easter-egg-248g', 'Cadbury Wispa Gold Large Easter Egg 248g', '£3.00', '£1.21 / 100g'), ('sains', 'https://www.sainsburys.co.uk/shop/gb/groceries/product/details/all-easter-/cadbury-wispa-gold-large-easter-egg-248g', 'Cadbury Wispa Gold Large Easter Egg 248g', '£3.00', '£1.21 / 100g'), ('sains', 'https://www.sainsburys.co.uk/shop/gb/groceries/product/details/new-355373-44/cadburys-goo-head-chocolate-cream-egg-minis-bag-89g', "Cadbury's Goo Head Chocolate Cream Egg Minis Bag 89g", '10p', '11p / 100g'), ('coop', 'https://www.coop.co.uk/products/cadburys-creme-egg-ice-cream-tub-480ml', 'Cadburys Creme Egg Ice Cream Tub 480ml', '£3.30', '480ml (68.8p per 100ml)'), ('sains', 'https://www.sainsburys.co.uk/shop/gb/groceries/product/details/dairy-all-cheese/castelli-parmigiano-reggiano-125g', 'Castelli Parmigiano Reggiano 125g', '£3.05', '£24.40 / kg'), ('sains', 'https://www.sainsburys.co.uk/shop/gb/groceries/product/details/speciality-and-continental-cheeses/castelli-parmigiano-reggiano-125g', 'Castelli Parmigiano Reggiano 125g', '£3.05', '£24.40 / kg'), ('asda', 'https://groceries.asda.com/product/1000250547375', 'CD Greatest Ever Reggae', '£6.00', '(£6.00/each)'), ('asda', 'https://groceries.asda.com/product/1000063918733', 'CD Trojan: Ska & Reggae Classics by Various Artists', '£6.00', '(£6.00/each)'), ('sains', 'https://www.sainsburys.co.uk/shop/gb/groceries/product/details/easterluxury/sainsburys-celebration-egg-210g', 'Celebration White Chocolate Egg 210g', '£4.00', '£1.90 / 100g'), ('tesco', 'https://www.tesco.com/groceries/en-GB/products/287230737', 'Celebrations Large Milk Chocolate Easter Egg & Chocolates 248G', '£ 3.00', '£1.21/100g'), ('tesco', 'https://www.tesco.com/groceries/en-GB/products/304793718', 'Celebrations Milk Chocolate Egg With 14 Mini Chocolates 305G', '£ 5.00', '£1.64/100g'), ('tesco', 'https://www.tesco.com/groceries/en-GB/products/301868250', 'Clarence Court Braddock White Duck Free Range Eggs 6 Pack', '£ 2.50', '£0.42/each'), ('tesco', 'https://www.tesco.com/groceries/en-GB/products/301868215', 'Clarence Court Burford Browns Free Range Eggs 6 Pack', '£ 2.50', '£0.42/each'), ('sains', 'https://www.sainsburys.co.uk/shop/gb/groceries/product/details/fresh-eggs/clarence-court-burford-browns-free-range-eggs-x10-500g', 'Clarence Court Burford Browns Free Range Eggs x10 500g', '£3.75', '38p / ea'), ('sains', 'https://www.sainsburys.co.uk/shop/gb/groceries/product/details/special-offers-/mabel-pearmans-burford-brown-eggs-x6', 'Clarence Court Mabel Pearmans Burford Brown Eggs x6', '£2.50', '42p / ea'), ('sains', 'https://www.sainsburys.co.uk/shop/gb/groceries/product/details/fresh-eggs/mabel-pearmans-burford-brown-eggs-x6', 'Clarence Court Mabel Pearmans Burford Brown Eggs x6', '£2.50', '42p / ea'), ('sains', 'https://www.sainsburys.co.uk/shop/gb/groceries/product/details/fresh-eggs/clarence-court-mabel-pearmanss-burford-browns-large-free-range-eggs-x6', "Clarence Court Mabel Pearmans's Burford Browns Large Free Range Eggs x6", '£2.95', '49p / ea'), ('tesco', 'https://www.tesco.com/groceries/en-GB/products/301868238', 'Clarence Court Old Cotswold Free Range Eggs 6 Pack', '£ 2.25', '£0.38/each'), ('sains', 'https://www.sainsburys.co.uk/shop/gb/groceries/product/details/breakfastbrunch/clarence-court-old-cotswold-legbar-eggs-x6', 'Clarence Court Old Cotswold Legbar Eggs x6', '£2.35', '39p / ea'), ('sains', 'https://www.sainsburys.co.uk/shop/gb/groceries/product/details/breakfast-in-bed/clarence-court-old-cotswold-legbar-eggs-x6', 'Clarence Court Old Cotswold Legbar Eggs x6', '£2.35', '39p / ea'), ('sains', 'https://www.sainsburys.co.uk/shop/gb/groceries/product/details/fresh-eggs/clarence-court-old-cotswold-legbar-eggs-x6', 'Clarence Court Old Cotswold Legbar Eggs x6', '£2.35', '39p / ea'), ('sains', 'https://www.sainsburys.co.uk/shop/gb/groceries/product/details/new-355373-44/clarence-court-traditional-leghorn-whites-free-range-eggs-with-pure-white-coloured-shells-x6', 'Clarence Court Traditional Leghorn Whites Free Range Eggs with Pure White Coloured Shells x6', '£2.00', '33p / ea'), ('aldi', 'https://www.aldi.co.uk/classic-egg-fried-rice/p/017550410014901', 'Classic Egg Fried Rice', '0.35', '14p per 100g'), ('sains', 'https://www.sainsburys.co.uk/shop/gb/groceries/product/details/all-ready-meals-/cloughbane-spicy-lentil-vegetable-casserole', 'Cloughbane Veggi Spicy Lentil & Root Vegetable Casserole 400g', '£2.50', '£6.25 / kg'), ('sains', 'https://www.sainsburys.co.uk/shop/gb/groceries/product/details/chilled-vegetarian-ready-meals/cloughbane-three-bean-casserole-w-rice', 'Cloughbane Veggi Three Bean Casserole 380g', '£2.50', '£6.58 / kg'), ('sains', 'https://www.sainsburys.co.uk/shop/gb/groceries/product/details/chilled-ready-meals-for-one/cloughbane-three-bean-casserole-w-rice', 'Cloughbane Veggi Three Bean Casserole 380g', '£2.50', '£6.58 / kg'), ('coop', 'https://www.coop.co.uk/products/co-op-irresistible-egg-lasagne-375g', 'Co-op Irresistible Egg Lasagne 375g', '£1.70', '375g (£4.00 per kg)'), ('sains', 'https://www.sainsburys.co.uk/shop/gb/groceries/product/details/easter-special-offers/cocoa-et-co-beehive-egg-220g', 'Cocoa & Co. Belgian Chocolate Beehive Egg 220g', '£10.00', '£4.55 / 100g'), ('sains', 'https://www.sainsburys.co.uk/shop/gb/groceries/product/details/all-easter-eggs-and-chocolate-/cocoa-et-co-beehive-egg-220g', 'Cocoa & Co. Belgian Chocolate Beehive Egg 220g', '£10.00', '£4.55 / 100g'), ('sains', 'https://www.sainsburys.co.uk/shop/gb/groceries/product/details/all-easter-/cocoa-co-belgian-milk-chocolate-egg-150g', 'Cocoa & Co. Belgian Milk Chocolate Egg 150g', '£5.00', '£3.33 / 100g'), ('sains', 'https://www.sainsburys.co.uk/shop/gb/groceries/product/details/easter-special-offers/cocoa-co-belgian-milk-chocolate-egg-150g', 'Cocoa & Co. Belgian Milk Chocolate Egg 150g', '£5.00', '£3.33 / 100g'), ('sains', 'https://www.sainsburys.co.uk/shop/gb/groceries/product/details/all-easter-eggs-and-chocolate-/cocoa-co-single-origin-dark-chocolate-shimmer-egg-260g', 'Cocoa & Co. Single Origin Dark Chocolate Shimmer Egg 260g', '£10.00', '£3.85 / 100g'), ('sains', 'https://www.sainsburys.co.uk/shop/gb/groceries/product/details/easter-special-offers/cocoa-co-single-origin-dark-chocolate-shimmer-egg-260g', 'Cocoa & Co. Single Origin Dark Chocolate Shimmer Egg 260g', '£10.00', '£3.85 / 100g'), ('sains', 'https://www.sainsburys.co.uk/shop/gb/groceries/product/details/new-355373-44/cocoa-co-single-origin-dark-chocolate-shimmer-egg-260g', 'Cocoa & Co. Single Origin Dark Chocolate Shimmer Egg 260g', '£10.00', '£3.85 / 100g'), ('asda', 'https://groceries.asda.com/product/910002552463', 'Cow & Gate Baby Food Jar Egg Custard 6+ Months', '£0.58', 'No weight data'), ('asda', 'https://groceries.asda.com/product/910002552527', 'Cow & Gate Veggie & Turkey Casserole Baby Food Jar 10+ Months', '£0.75', 'No weight data'), ('asda', 'https://groceries.asda.com/product/910002551863', 'Cow & Gate Veggie & Turkey Risotto Baby Food Jar 10+ Months', '£0.75', 'No weight data'), ('tesco', 'https://www.tesco.com/groceries/en-GB/products/307160173', 'Deliciously Ella Veggie Crackers Salt & Pepper 100G', '£ 1.99', '£1.99/100g'), ('tesco', 'https://www.tesco.com/groceries/en-GB/products/307139764', 'Deliciously Ella Veggie Sweet Potato Crackers 100G', '£ 1.99', '£1.99/100g'), ('tesco', 'https://www.tesco.com/groceries/en-GB/products/307744986', 'Divine Dark Chocolate With Raspberries Easter Egg 90G', '£ 5.00', '£5.56/100g'), ('tesco', 'https://www.tesco.com/groceries/en-GB/products/307750172', 'Divine Dark Hazelnut Praline Easter Egg 90G', '£ 5.00', '£5.56/100g'), ('asda', 'https://groceries.asda.com/product/910001392234', 'Dr. Oetker Free Range Egg White Powder Sachets', '£1.19', '(£4.71/100g)'), ('tesco', 'https://www.tesco.com/groceries/en-GB/products/278837857', 'Dr.Oetker Egg White Powder Multipack Sachet 4X5g', '£ 1.20', '£60.00/kg'), ('tesco', 'https://www.tesco.com/groceries/en-GB/products/299957493', "Eastman's Pork & Egg Roll 5 Slices 125G", '£ 0.86', '£0.69/100g'), ('asda', 'https://groceries.asda.com/product/1000150186066', 'Eat Real Kale, Tomato & Spinach Sharing Veggie Straws', '£1.89', 'No weight data'), ('tesco', 'https://www.tesco.com/groceries/en-GB/products/297591386', 'Eat Real Veggie Straws Kids Multi-Pack 5X20g', '£ 2.00', '£20.00/kg'), ('asda', 'https://groceries.asda.com/product/1000009333665', 'Egg Noodles', '£1.00', 'No weight data'), ('asda', 'https://groceries.asda.com/product/910001968039', 'Egg Noodles', '£1.50', '(£2.50/kg)'), ('tesco', 'https://www.tesco.com/groceries/en-GB/products/301892208', "Ella's Kitchen Chicken Curry With Veggie Rice 190G", '£ 1.80', '£9.48/kg'), ('asda', 'https://groceries.asda.com/product/1000054991248', "Ella's Kitchen Organic Chicken Curry with Veggie Rice Baby Pouch 10+ Months", '£1.70', 'No weight data'), ('asda', 'https://groceries.asda.com/product/910000437888', "Ella's Kitchen Organic Veggie Bean Feast Baby Pouch 7+ Months", '£1.40', 'No weight data'), ('asda', 'https://groceries.asda.com/product/910002075874', "Ella's Kitchen Organic Veggie Cous Cous Baby Pouch 6+ Months", '£1.05', 'No weight data'), ('asda', 'https://groceries.asda.com/product/910001075633', "Ella's Kitchen Organic Veggie Lasagne Baby Pouch 7+ Months", '£1.40', 'No weight data'), ('asda', 'https://groceries.asda.com/product/910001411729', "Ella's Kitchen Organic Veggie Moussaka Baby Pouch 7+ Months", '£1.40', 'No weight data'), ('sains', 'https://www.sainsburys.co.uk/shop/gb/groceries/product/details/price-lock-baby-toddler/ellas-kitchen-cheeky-greek-y-veggie-moussaka-with-red-lentils--7-months-130g', "Ella's Kitchen Organic Veggie Moussaka Baby Pouch 7+ Months 130g", '£1.30', '£1.00 / 100g'), ('asda', 'https://groceries.asda.com/product/910001075978', "Ella's Kitchen Organic Veggie Moussaka Toddler Tray Meal 12+ Months", '£1.70', 'No weight data'), ('asda', 'https://groceries.asda.com/product/910002650003', "Ella's Kitchen Organic Veggie Risotto with Cheese Baby Pouch 7+ Months", '£1.40', 'No weight data'), ('asda', 'https://groceries.asda.com/product/1000243014200', "Ella's Kitchen Veggie Biryani with Mighty Mushrooms from 7+ Months", '£1.40', 'No weight data'), ('tesco', 'https://www.tesco.com/groceries/en-GB/products/295487219', "Ella's Kitchen Veggie Risotto With Cheese 130G", '£ 1.50', '£1.16/100g'), ('sains', 'https://www.sainsburys.co.uk/shop/gb/groceries/product/details/fresh-eggs/ellis-free-range-large-eggs-x-6', 'Ellis Free Range Large Eggs x6', '£2.00', '33p / ea'), ('sains', 'https://www.sainsburys.co.uk/shop/gb/groceries/product/details/fresh-eggs/ellis-free-range-medium-eggs-x-6', 'Ellis Free Range Medium Eggs x6', '£1.80', '30p / ea'), ('sains', 'https://www.sainsburys.co.uk/shop/gb/groceries/product/details/fresh-eggs/ellis-free-range-welsh-large-eggs-x12', 'Ellis Free Range Welsh Large Eggs x12', '£3.30', '28p / ea'), ('asda', 'https://groceries.asda.com/product/910000092773', 'Ellis Large Free Range Eggs', '£1.29', 'No weight data'), ('asda', 'https://groceries.asda.com/product/910000050610', 'Ellis Large Free Range Eggs', '£2.33', 'No weight data'), ('asda', 'https://groceries.asda.com/product/26458900', 'Ellis Medium Free Range Eggs', '£1.90', 'No weight data'), ('asda', 'https://groceries.asda.com/product/49503732', 'Ellis Welsh Very Large Free Range Eggs', '£1.60', 'No weight data'), ('sains', 'https://www.sainsburys.co.uk/shop/gb/groceries/product/details/all-easter-/ferrero-collection-egg-275g', 'Ferrero Collection Fine Milk Chocolate Egg with 6 Specialities Inside 239.8g', '£13.00', '£5.42 / 100g'), ('sains', 'https://www.sainsburys.co.uk/shop/gb/groceries/product/details/easterluxury/ferrero-collection-egg-275g', 'Ferrero Collection Fine Milk Chocolate Egg with 6 Specialities Inside 239.8g', '£13.00', '£5.42 / 100g'), ('tesco', 'https://www.tesco.com/groceries/en-GB/products/304791824', 'Ferrero Collection Milk Chocolate Egg With 6 Specialities 239.8G', '£ 10.00', '£4.18/100g'), ('tesco', 'https://www.tesco.com/groceries/en-GB/products/254633962', 'Ferrero Kinder Surprise Special Edition Egg 100G', '£ 4.00', '£4.00/100g'), ('tesco', 'https://www.tesco.com/groceries/en-GB/products/268319697', 'Ferrero Mini Eggs Cocoa 100G', '£ 2.50', '£2.50/100g'), ('tesco', 'https://www.tesco.com/groceries/en-GB/products/268317590', 'Ferrero Mini Eggs Hazelnut 100G', '£ 2.50', '£2.50/100g'), ('tesco', 'https://www.tesco.com/groceries/en-GB/products/299356795', 'Ferrero Rocher Easter Egg 212G', '£ 6.00', '£2.84/100g'), ('tesco', 'https://www.tesco.com/groceries/en-GB/products/264355256', 'Ferrero Rocher Easter Egg 275G', '£ 10.00', '£3.64/100g'), ('tesco', 'https://www.tesco.com/groceries/en-GB/products/302808643', 'Ferrero Rocher Flame Egg 225G', '£ 8.00', '£3.56/100g'), ('sains', 'https://www.sainsburys.co.uk/shop/gb/groceries/product/details/all-easter-eggs-and-chocolate-/ferrero-rocher-milk-chocolate-hazelnut-egg-with-ferrero-rocher-2125g', 'Ferrero Rocher Milk Chocolate & Hazelnut Egg with Ferrero Rocher 212.5g', '£6.50', '£3.06 / 100g'), ('asda', 'https://groceries.asda.com/product/1000219746339', 'Free and Easy Egg Replacer', '£2.49', 'No weight data'), ('sains', 'https://www.sainsburys.co.uk/shop/gb/groceries/product/details/meat-free-/fridge-raiders-mexican-veggie-bites-70g', 'Fridge Raiders Mexican Heatwave Veggie Snack Bites 70g', '£1.00', '£14.29 / kg'), ('sains', 'https://www.sainsburys.co.uk/shop/gb/groceries/product/details/new-savoury-snacks/fridge-raiders-mexican-veggie-bites-70g', 'Fridge Raiders Mexican Heatwave Veggie Snack Bites 70g', '£1.00', '£14.29 / kg'), ('sains', 'https://www.sainsburys.co.uk/shop/gb/groceries/product/details/new-savoury-snacks/fridge-raiders-simply-seasoned-veggie-bites-70g', 'Fridge Raiders Simply Seasoned Veggie Snack Bites 70g', '£1.00', '£14.29 / kg'), ('sains', 'https://www.sainsburys.co.uk/shop/gb/groceries/product/details/all-easter-/galaxy-caramel-chocolate-easter-mini-eggs-80g', 'Galaxy Caramel Chocolate Easter Mini Eggs 80g', '£1.00', '£1.25 / 100g'), ('sains', 'https://www.sainsburys.co.uk/shop/gb/groceries/product/details/easter-special-offers/galaxy-caramel-chocolate-easter-mini-eggs-80g', 'Galaxy Caramel Chocolate Easter Mini Eggs 80g', '£1.00', '£1.25 / 100g'), ('tesco', 'https://www.tesco.com/groceries/en-GB/products/302743275', 'Galaxy Chocolate Caramel Mini Egg Bag 80G', '£ 1.00', '£1.25/100g'), ('sains', 'https://www.sainsburys.co.uk/shop/gb/groceries/product/details/easter-giant/galaxy-chocolate-easter-indulgence-extra-large-egg-308g', 'Galaxy Chocolate Easter Indulgence Extra Large Egg 308g', '£8.00', '£2.60 / 100g'), ('sains', 'https://www.sainsburys.co.uk/shop/gb/groceries/product/details/all-easter-eggs-and-chocolate-/galaxy-chocolate-easter-indulgence-extra-large-egg-308g', 'Galaxy Chocolate Easter Indulgence Extra Large Egg 308g', '£8.00', '£2.60 / 100g'), ('sains', 'https://www.sainsburys.co.uk/shop/gb/groceries/product/details/miniandtreat-size/galaxy-golden-mini-chocolate-eggs-72g', 'Galaxy Enchanted Eggs Easter Chocolate Bag 80g', '75p', '94p / 100g'), ('tesco', 'https://www.tesco.com/groceries/en-GB/products/304788276', 'Galaxy Milk Chocolate Egg & Enchanted Milk Chocolate Eggs 234G', '£ 3.00', '£1.29/100g'), ('tesco', 'https://www.tesco.com/groceries/en-GB/products/304788656', 'Galaxy Milk Chocolate Egg Plus Enchanted Milk Chocolate Eggs 528G', '£ 12.00', '£2.28/100g'), ('tesco', 'https://www.tesco.com/groceries/en-GB/products/304799954', 'Galaxy Milk Chocolate Egg With Truffles 301G', '£ 10.00', '£3.33/100g'), ('tesco', 'https://www.tesco.com/groceries/en-GB/products/304783068', 'Galaxy Milk Chocolate Enchanted Eggs 80G', '£ 1.00', '£1.25/100g'), ('tesco', 'https://www.tesco.com/groceries/en-GB/products/251118878', 'Galaxy Milk Chocolate Indulgent Collection Easter Egg 308G', '£ 5.00', '£1.63/100g'), ('sains', 'https://www.sainsburys.co.uk/shop/gb/groceries/product/details/easter-special-offers/galaxy-minstrels-large-egg-262g', 'Galaxy Minstrels Chocolate Large Easter Egg 262g', '£3.00', '£1.15 / 100g'), ('sains', 'https://www.sainsburys.co.uk/shop/gb/groceries/product/details/all-easter-/galaxy-minstrels-large-egg-262g', 'Galaxy Minstrels Chocolate Large Easter Egg 262g', '£3.00', '£1.15 / 100g'), ('tesco', 'https://www.tesco.com/groceries/en-GB/products/265947643', 'Galaxy Minstrels Easter Egg & Chocolate 262G', '£ 3.00', '£1.15/100g'), ('asda', 'https://groceries.asda.com/product/1000203231919', 'George Home 100% Cotton Face Cloth - Duck Egg', '£1.00', '(50.0p/each)'), ('asda', 'https://groceries.asda.com/product/1000202846243', 'George Home 100% Egyptian Cotton Face Cloth - Duck Egg', '£0.75', '(75.0p/each)'), ('asda', 'https://groceries.asda.com/product/1000202846206', 'George Home Duck Egg 100% Egyptian Cotton Bath Sheet', '£7.00', '(£7.00/each)'), ('asda', 'https://groceries.asda.com/product/910001102628', 'George Home Duck Egg Egyptian Cotton Bath Towel', '£6.00', '(£6.00/each)'), ('asda', 'https://groceries.asda.com/product/1000202846493', 'George Home Duck Egg Egyptian Cotton Hand Towel', '£3.00', '(£3.00/each)'), ('asda', 'https://groceries.asda.com/product/1000010767311', 'George Home Duck Egg Pedestal Mat', '£5.00', '(£5.00/each)'), ('asda', 'https://groceries.asda.com/product/1000010766736', 'George Home Duck Egg Super Soft Microfibre Bath Mat', '£7.00', '(£7.00/each)'), ('asda', 'https://groceries.asda.com/product/1000176228191', 'George Home Eeyore Egg Cup', '£2.50', '(£2.50/each)'), ('asda', 'https://groceries.asda.com/product/1000011829672', 'George Home Non-stick Aluminium 4 Egg Poacher - 20cm', '£5.00', '(£5.00/each)'), ('asda', 'https://groceries.asda.com/product/1000144980456', 'George Home White Porcelain Egg Cups', '£2.50', '(£1.25/each)'), ('asda', 'https://groceries.asda.com/product/1000176228022', 'George Home Winnie The Pooh Egg Cup', '£2.50', '(£2.50/each)'), ('tesco', 'https://www.tesco.com/groceries/en-GB/products/305980518', 'Gosh Veggie Cocktail Sausages Sage & Black Pepper 240G', '£ 2.00', '£8.34/kg'), ('sains', 'https://www.sainsburys.co.uk/shop/gb/groceries/product/details/meat-free-/gosh!-naturally-delicious-veggie-cocktail-sausages-with-sage-black-pepper-240g', 'Gosh! Naturally Delicious Veggie Cocktail Sausages with Sage & Black Pepper 240g', '£2.95', '£1.23 / 100g'), ('asda', 'https://groceries.asda.com/product/1000201499398', 'Gosh! Veggie Cocktail Sausages with Sage & Black Pepper', '£2.00', 'No weight data'), ('sains', 'https://www.sainsburys.co.uk/shop/gb/groceries/product/details/vegan-food/gosh!-veggie-sausages-6x270g', 'Gosh! Veggie Sausages 6x270g', '£2.95', '£1.09 / 100g'), ('tesco', 'https://www.tesco.com/groceries/en-GB/products/293332683', 'Graze Sea Salt & Pepper Veggie Protein Power 128G', '£ 2.99', '£23.36/kg'), ('asda', 'https://groceries.asda.com/product/1000026958527', 'Graze Veggie Protein Power', '£1.31', '(£4.68/100g)'), ('tesco', 'https://www.tesco.com/groceries/en-GB/products/291315747', 'Graze Veggie Protein Power 28G', '£ 1.00', '£3.58/100g'), ('tesco', 'https://www.tesco.com/groceries/en-GB/products/304782858', "Green & Black's Milk Chocolate Large Shell Egg 345G", '£ 10.00', '£2.90/100g'), ('tesco', 'https://www.tesco.com/groceries/en-GB/products/303165738', 'Gro Egg 1', '£ 25.00', '£25.00/each'), ('sains', 'https://www.sainsburys.co.uk/shop/gb/groceries/product/details/new-355373-44/habitat-mid-century-house-3d-bird-egg-cup', 'Habitat Mid Century House 3D Bird Egg Cup', '£3.50', '£3.50 / ea'), ('tesco', 'https://www.tesco.com/groceries/en-GB/products/264328992', 'Happy Egg Co Large Free Range Eggs 6 Pack', '£ 1.65', '£0.28/each'), ('tesco', 'https://www.tesco.com/groceries/en-GB/products/264328894', 'Happy Egg Co Medium Free Range Eggs 6 Pack', '£ 1.40', '£0.23/each'), ('tesco', 'https://www.tesco.com/groceries/en-GB/products/295693390', 'Happy Egg Co. Free Range Eggs 10 Mixed Weight', '£ 2.20', '£0.22/each'), ('tesco', 'https://www.tesco.com/groceries/en-GB/products/304778138', 'Happy Egg Co. Free Range Eggs 10 Pack', '£ 2.20', '£0.22/each'), ('tesco', 'https://www.tesco.com/groceries/en-GB/products/300951423', 'Happy Egg Co. Free Range Eggs 12 Large', '£ 2.95', '£0.25/each'), ('tesco', 'https://www.tesco.com/groceries/en-GB/products/300951446', 'Happy Egg Co. Free Range Eggs 12 Medium', '£ 2.65', '£0.22/each'), ('sains', 'https://www.sainsburys.co.uk/shop/gb/groceries/product/details/fresh-eggs/happy-egg-large-free-range-eggs-x10', 'Happy Egg Large Free Range Eggs x10', '£2.75', '28p / ea'), ('sains', 'https://www.sainsburys.co.uk/shop/gb/groceries/product/details/fresh-eggs/happy-egg-large-free-range-eggs-x6', 'Happy Egg Large Free Range Eggs x6', '£1.75', '29p / ea'), ('sains', 'https://www.sainsburys.co.uk/shop/gb/groceries/product/details/miniandtreat-size/haribo-eggs-galore-multipack-160g', 'Haribo Eggs Galore Multipack 160g', '£1.00', '63p / 100g'), ('asda', 'https://groceries.asda.com/product/1000119983800', 'Hatchimals Colleggtibles 6-Pack Shell (5+ Years)', '£12.97', '(£12.97/each)'), ('asda', 'https://groceries.asda.com/product/1000219339150', 'Hatchimals Colleggtibles Glamfetti (5+ Years)', '£21.97', '(£21.97/each)'), ('tesco', 'https://www.tesco.com/groceries/en-GB/products/307336951', 'Heat & Enjoy Egg Fried Rice 400G', '£ 3.00', '£7.50/kg'), ('tesco', 'https://www.tesco.com/groceries/en-GB/products/299955316', "Heat 'Em Up Sausage & Egg Muffin 150G", '£ 1.00', '£6.67/kg'), ('tesco', 'https://www.tesco.com/groceries/en-GB/products/307744082', 'Heinz Baked Beans Protein Pot Scrambled Egg & Sausage 230G', '£ 2.50', '£1.09/100g'), ('asda', 'https://groceries.asda.com/product/1000019307060', 'Heinz By Nature Egg Custard 4+ Months', '£2.50', 'No weight data'), ('asda', 'https://groceries.asda.com/product/1000019306930', 'Heinz By Nature Egg Custard 4+ Months', '£0.65', 'No weight data'), ('asda', 'https://groceries.asda.com/product/1000019306606', 'Heinz By Nature Sweet Potato, Chicken & Veggies 7+ Months', '£1.00', 'No weight data'), ('asda', 'https://groceries.asda.com/product/1000019306985', 'Heinz By Nature Veggies with Lamb 12+ Months', '£1.30', 'No weight data'), ('sains', 'https://www.sainsburys.co.uk/shop/gb/groceries/product/details/price-lock-baby-toddler/heinz-by-nature-veggies-with-lamb-12-months-230g', 'Heinz By Nature Veggies with Lamb 12+ Months 230g', '£1.35', '59p / 100g'), ('asda', 'https://groceries.asda.com/product/1000020841081', 'Heinz By Nature Veggies, Pork & Mango 12+ Months', '£1.30', 'No weight data'), ('asda', 'https://groceries.asda.com/product/1000019306628', 'Heinz By Nature Winter Veggies & Lamb 7+ Months', '£0.75', 'No weight data'), ('coop', 'https://www.coop.co.uk/products/higgidy-6-cheddar-and-onion-chutney-veggie-rolls-160g', 'Higgidy 6 Cheddar & Onion Chutney Veggie Rolls 160g', '£2.60', '160g (£1.63 per 100g)\n6 pack'), ('coop', 'https://www.coop.co.uk/products/higgidy-6-feta-and-red-pepper-veggie-rolls-160g', 'Higgidy 6 Feta & Red Pepper Veggie Rolls 160g', '£2.60', '160g (£1.63 per 100g)\n6 pack'), ('tesco', 'https://www.tesco.com/groceries/en-GB/products/303853022', 'Higgidy Cheddar & Onion Veggie Rolls 160G', '£ 2.60', '£1.63/100g'), ('sains', 'https://www.sainsburys.co.uk/shop/gb/groceries/product/details/fresh-eggs/hoads-farm-large-sussex-eggs-x6', 'Hoads Farm Large Sussex Eggs x6', '£2.05', '34p / ea'), ('sains', 'https://www.sainsburys.co.uk/shop/gb/groceries/product/details/fresh-eggs/hoads-farm-medium-sussex-eggs-x6', 'Hoads Farm Medium Sussex Eggs x6', '£1.80', '30p / ea'), ('sains', 'https://www.sainsburys.co.uk/shop/gb/groceries/product/details/fresh-eggs/j-james-fr-mixed-weight-eggs-x10', 'J.James Free Range Eggs Mixed Weight x10', '£1.10', '11p / ea'), ('asda', 'https://groceries.asda.com/product/1000063918645', "Johnstone's New Duck Egg Matt Emulsion", '£8.00', '(£3.20/lt)'), ('asda', 'https://groceries.asda.com/product/1000063918614', "Johnstone's New Duck Egg Silk Emulsion", '£8.00', '(£3.20/lt)'), ('asda', 'https://groceries.asda.com/product/1000231165258', 'Joie Egg Poacher', '£3.00', '(£3.00/each)'), ('asda', 'https://groceries.asda.com/product/1000158056023', 'Joie Egg Slicer', '£3.00', '(£3.00/each)'), ('tesco', 'https://www.tesco.com/groceries/en-GB/products/303250856', 'Joie Silicone Egg Ring', '£ 2.00', '£2.00/each'), ('asda', 'https://groceries.asda.com/product/1000251982093', 'Kiddylicious Cheesy Flavour Veggie Straws', '£4.75', 'No weight data'), ('tesco', 'https://www.tesco.com/groceries/en-GB/products/305988493', 'Kiddylicious Cheesy Veggie Straws 4X12g', '£ 2.30', '£47.92/kg'), ('tesco', 'https://www.tesco.com/groceries/en-GB/products/302304869', 'Kiddylicious Cottage Pie With Veggie Mash 180G', '£ 1.90', '£1.06/100g'), ('tesco', 'https://www.tesco.com/groceries/en-GB/products/302274432', 'Kiddylicious Veggie Lasagne 200G', '£ 1.90', '£9.50/kg'), ('asda', 'https://groceries.asda.com/product/910003257673', 'Kiddylicious Veggie Straws', '£0.50', 'No weight data'), ('asda', 'https://groceries.asda.com/product/1000251982159', 'Kiddylicious Veggie Straws', '£4.75', 'No weight data'), ('asda', 'https://groceries.asda.com/product/910003258043', 'Kiddylicious Veggie Straws', '£2.30', 'No weight data'), ('tesco', 'https://www.tesco.com/groceries/en-GB/products/293944264', 'Kiddylicious Veggie Straws 12G', '£ 0.65', '£54.17/kg'), ('tesco', 'https://www.tesco.com/groceries/en-GB/products/298648941', 'Kiddylicious Veggie Straws Multipack 4X12g', '£ 2.30', '£4.80/100g'), ('tesco', 'https://www.tesco.com/groceries/en-GB/products/287260753', 'Kinder Joy Egg 20G', '£ 0.85', '£4.25/100g'), ('sains', 'https://www.sainsburys.co.uk/shop/gb/groceries/product/details/all-easter-eggs-and-chocolate-/kinder-mini-eggs-75g', 'Kinder Mini Easter Eggs Pouch 75g', '£1.00', '55p / 100g'), ('asda', 'https://groceries.asda.com/product/1000073094501', 'Kinder Surprise Chocolate Christmas Egg', '£4.00', '(£4.00/100g)'), ('asda', 'https://groceries.asda.com/product/21672929', 'Kinder Surprise Chocolate Egg Multipack 3 Pack', '£2.00', '(£3.33/100g)'), ('asda', 'https://groceries.asda.com/product/910000265231', 'Kinder Surprise Chocolate Egg single', '£0.85', '(£4.25/100g)'), ('coop', 'https://www.coop.co.uk/products/kinder-surprise-egg-20g', 'Kinder Surprise Egg 20g', '£0.90', '20g (£3.75 per 100g)\n1x20g'), ('tesco', 'https://www.tesco.com/groceries/en-GB/products/259298175', 'Kinder Surprise Egg 20G', '£ 0.85', '£4.25/100g'), ('tesco', 'https://www.tesco.com/groceries/en-GB/products/255028099', 'Kinder Surprise Egg 3 X 20G', '£ 1.89', '£3.15/100g'), ('sains', 'https://www.sainsburys.co.uk/shop/gb/groceries/product/details/all-easter-eggs-and-chocolate-/kinder-surprise-chocolate-egg-x3-60g', 'Kinder Surprise Eggs 3x20', '£1.89', '£3.15 / 100g'), ('sains', 'https://www.sainsburys.co.uk/shop/gb/groceries/product/details/easter-special-offers/kinder-surprise-chocolate-egg-x3-60g', 'Kinder Surprise Eggs 3x20', '£1.89', '£3.15 / 100g'), ('tesco', 'https://www.tesco.com/groceries/en-GB/products/302808689', 'Kinder Surprise Giant Egg 220G', '£ 10.00', '£4.55/100g'), ('tesco', 'https://www.tesco.com/groceries/en-GB/products/266459332', 'Kinnerton Plastic Surprise Egg 10G', '£ 0.85', '£8.50/100g'), ('tesco', 'https://www.tesco.com/groceries/en-GB/products/305554119', 'Kit Kat Bunny Milk Chocolate Large Egg 238G', '£ 3.00', '£1.27/100g'), ('tesco', 'https://www.tesco.com/groceries/en-GB/products/307960999', 'Kit Kat Chunky Cookie Dough Easter Egg 516G', '£ 8.00', '£1.56/100g'), ('tesco', 'https://www.tesco.com/groceries/en-GB/products/308079464', 'Kit Kat Chunky Milk Chocolate Easter Egg 129G', '£ 1.00', '£0.78/100g'), ('tesco', 'https://www.tesco.com/groceries/en-GB/products/305554102', 'Kit Kat Chunky Milk Chocolate Large Egg 260G', '£ 3.00', '£1.16/100g'), ('sains', 'https://www.sainsburys.co.uk/shop/gb/groceries/product/details/all-easter-/kit-kat-milk-chocolate-filled-mini-eggs-pouch-81g', 'Kit Kat Milk Chocolate Filled Mini Eggs Pouch 81g', '£1.00', '£1.23 / 100g'), ('sains', 'https://www.sainsburys.co.uk/shop/gb/groceries/product/details/easter-special-offers/kit-kat-milk-chocolate-filled-mini-eggs-pouch-81g', 'Kit Kat Milk Chocolate Filled Mini Eggs Pouch 81g', '£1.00', '£1.23 / 100g'), ('tesco', 'https://www.tesco.com/groceries/en-GB/products/308089826', 'Kit Kat Milk Chocolate Mini Eggs 81G', '£ 1.00', '£1.24/100g'), ('sains', 'https://www.sainsburys.co.uk/shop/gb/groceries/product/details/easter-special-offers/kit-kat-bunny-giant-egg-295g', 'KitKat Bunny Milk Chocolate Giant Egg 295g', '£5.00', '£1.69 / 100g'), ('sains', 'https://www.sainsburys.co.uk/shop/gb/groceries/product/details/easter-giant/kit-kat-bunny-giant-egg-295g', 'KitKat Bunny Milk Chocolate Giant Egg 295g', '£5.00', '£1.69 / 100g'), ('sains', 'https://www.sainsburys.co.uk/shop/gb/groceries/product/details/easter-giant/kitkat-chunky-cookie-dough-milk-chocolate-incredible-egg-516g', 'KitKat Chunky Cookie Dough Milk Chocolate Incredible Egg 516g', '£10.00', '£1.94 / 100g'), ('sains', 'https://www.sainsburys.co.uk/shop/gb/groceries/product/details/all-easter-/kitkat-chunky-cookie-dough-milk-chocolate-incredible-egg-516g', 'KitKat Chunky Cookie Dough Milk Chocolate Incredible Egg 516g', '£10.00', '£1.94 / 100g'), ('sains', 'https://www.sainsburys.co.uk/shop/gb/groceries/product/details/easter-special-offers/kitkat-chunky-cookie-dough-milk-chocolate-incredible-egg-516g', 'KitKat Chunky Cookie Dough Milk Chocolate Incredible Egg 516g', '£10.00', '£1.94 / 100g'), ('tesco', 'https://www.tesco.com/groceries/en-GB/products/308093589', 'Knorr 8 Zero Salt Veggie Stock Cubes 72G', '£ 1.50', '£2.09/100g'), ('tesco', 'https://www.tesco.com/groceries/en-GB/products/293258258', 'Kohinoor Bombay Egg Curry Cooking Sauce 375G', '£ 1.50', '£0.40/100g'), ('asda', 'https://groceries.asda.com/product/1000116563960', "L'Oreal Paris Infallible More Than Concealer 321 Eggshell", '£9.95', '(£6.97/10g)'), ('sains', 'https://www.sainsburys.co.uk/shop/gb/groceries/product/details/meat-free-/lazy-vegan-ready-meal-mexican-veggies-chunky-pulled-peaz-350g', 'Lazy Vegan Ready Meal Mexican Veggies & Chunky Pulled Peaz 350g', '£3.00', '£8.57 / kg'), ('tesco', 'https://www.tesco.com/groceries/en-GB/products/302292243', 'Levi Roots Jerk Wrap Kit Reggae Reggae Sauce 440G', '£ 3.30', '£0.75/100g'), ('asda', 'https://groceries.asda.com/product/910001350838', 'Levi Roots Reggae Reggae Jerk BBQ Sauce', '£1.50', 'No weight data'), ('asda', 'https://groceries.asda.com/product/910003186032', 'Levi Roots Reggae Reggae Jerk BBQ Sauce', '£1.35', '(40.9p/100g)'), ('tesco', 'https://www.tesco.com/groceries/en-GB/products/266988097', 'Levi Roots Reggae Sauce 490G', '£ 2.55', '£0.52/100g'), ('asda', 'https://groceries.asda.com/product/1000118273230', 'Levi Roots Reggaenaise Jerk Mayonnaise', '£1.50', '(60.0p/100ml)'), ('tesco', 'https://www.tesco.com/groceries/en-GB/products/302862306', 'Lindt Chick Chocolate Egg 18G', '£ 0.50', '£2.78/100g'), ('tesco', 'https://www.tesco.com/groceries/en-GB/products/307345456', 'Lindt Excellence Dark Chocolate Shell Egg & Chocolate Selection 240G', '£ 10.00', '£4.17/100g'), ('sains', 'https://www.sainsburys.co.uk/shop/gb/groceries/product/details/easter-special-offers/lindt-gold-bunny-egg-115g', 'Lindt Gold Bunny Easter Egg Milk Chocolate 115g', '£5.00', '£4.35 / 100g'), ('sains', 'https://www.sainsburys.co.uk/shop/gb/groceries/product/details/all-easter-/lindt-gold-bunny-egg-115g', 'Lindt Gold Bunny Easter Egg Milk Chocolate 115g', '£5.00', '£4.35 / 100g'), ('tesco', 'https://www.tesco.com/groceries/en-GB/products/304790854', 'Lindt Gold Bunny Milk Chocolate Egg 115G', '£ 4.00', '£3.48/100g'), ('tesco', 'https://www.tesco.com/groceries/en-GB/products/304797294', 'Lindt Gold Bunny Milk Chocolate Egg 195G', '£ 8.00', '£4.11/100g'), ('tesco', 'https://www.tesco.com/groceries/en-GB/products/304399621', 'Lindt Gold Bunny Milk Chocolate Egg 460G', '£ 15.00', '£3.27/100g'), ('tesco', 'https://www.tesco.com/groceries/en-GB/products/307160259', 'Lindt Gold Bunny White Chocolate Easter Egg 115G', '£ 4.00', '£3.48/100g'), ('sains', 'https://www.sainsburys.co.uk/shop/gb/groceries/product/details/easter-special-offers/lindt-gold-bunny-white-chocolate-easter-egg-115g', 'Lindt Gold Bunny White Chocolate Easter Egg 115g', '£5.00', '£4.35 / 100g'), ('tesco', 'https://www.tesco.com/groceries/en-GB/products/302862404', 'Lindt Lindor Assorted Milk Chocolate Shell Egg 215G', '£ 6.00', '£2.80/100g'), ('tesco', 'https://www.tesco.com/groceries/en-GB/products/258761475', 'Lindt Lindor Filled Egg 28G', '£ 0.50', '£1.79/100g'), ('tesco', 'https://www.tesco.com/groceries/en-GB/products/307151495', 'Lindt Lindor Milk Chocolate Eggs 80G', '£ 1.50', '£1.88/100g'), ('tesco', 'https://www.tesco.com/groceries/en-GB/products/302862387', 'Lindt Lindor Milk Chocolate Shell Egg 215G', '£ 6.00', '£2.80/100g'), ('tesco', 'https://www.tesco.com/groceries/en-GB/products/307140986', 'Lindt Lindor Mint Milk Chocolate Eggs 80G', '£ 1.50', '£1.88/100g'), ('tesco', 'https://www.tesco.com/groceries/en-GB/products/304798379', 'Lindt Lindor White Chocolate Egg With Truffles 348G', '£ 15.00', '£4.32/100g'), ('tesco', 'https://www.tesco.com/groceries/en-GB/products/307356512', 'Lindt Lindor White Chocolate Eggs 80G', '£ 1.50', '£1.88/100g'), ('sains', 'https://www.sainsburys.co.uk/shop/gb/groceries/product/details/easter-special-offers/lindt-lindor-white-egg-355g', 'Lindt Lindor White Egg 348g', '£1.20', '34p / 100g'), ('sains', 'https://www.sainsburys.co.uk/shop/gb/groceries/product/details/easter-special-offers/lindt-milk-chocolate-easter-egg-with-lindor-assorted-truffles-260g', 'Lindt Milk Chocolate Easter Egg with Lindor Assorted Truffles 260g', '£10.00', '£3.85 / 100g'), ('tesco', 'https://www.tesco.com/groceries/en-GB/products/307359123', 'Lindt Milk Chocolate Egg With Assorted Truffles 348G', '£ 15.00', '£4.32/100g'), ('tesco', 'https://www.tesco.com/groceries/en-GB/products/307157539', 'Lindt Milk Chocolate Egg With Lindor Assorted Truffles 260G', '£ 8.00', '£3.08/100g'), ('sains', 'https://www.sainsburys.co.uk/shop/gb/groceries/product/details/easterluxury/lindt-lindor-milk-chocolate-easter-egg-with-lindor-filled-eggs-322g', 'Lindt Milk Chocolate Egg with LINDOR Milk Filled Eggs 322g', '£12.00', '£3.73 / 100g'), ('tesco', 'https://www.tesco.com/groceries/en-GB/products/307361315', 'Lindt Milk Chocolate Egg With Lindor Milk Truffles 348G', '£ 15.00', '£4.32/100g'), ('tesco', 'https://www.tesco.com/groceries/en-GB/products/307159475', 'Lindt Milk Chocolate Egg With Lindor Mint Truffles 260G', '£ 8.00', '£3.08/100g'), ('sains', 'https://www.sainsburys.co.uk/shop/gb/groceries/product/details/all-easter-eggs-and-chocolate-/lindt-lindor-milk-mint-egg-285g-check-your-local-store-for-available-range-', 'Lindt Milk Chocolate Egg with LINDOR Mint Truffles 260g', '£10.00', '£3.85 / 100g'), ('tesco', 'https://www.tesco.com/groceries/en-GB/products/307341944', 'Lindt Milk Chocolate Egg With Milk & White Truffles 260G', '£ 8.00', '£3.08/100g'), ('tesco', 'https://www.tesco.com/groceries/en-GB/products/307354537', 'Lindt Milk Chocolate Egg With Milk Lndor Truffles 260G', '£ 8.00', '£3.08/100g'), ('tesco', 'https://www.tesco.com/groceries/en-GB/products/307137023', 'Lindt Milk Chocolate Egg With Salted Caramel Truffles 260G', '£ 8.00', '£3.08/100g'), ('tesco', 'https://www.tesco.com/groceries/en-GB/products/307135479', 'Lindt Mini Eggs Milk Chocolate With Creamy Filling 80G', '£ 1.50', '£1.88/100g'), ('tesco', 'https://www.tesco.com/groceries/en-GB/products/307755558', 'Lindt Mini Milk Chocolate Eggs 177G', '£ 4.00', '£2.26/100g'), ('tesco', 'https://www.tesco.com/groceries/en-GB/products/307141795', 'Lindt White Chocolate Egg With Strawberry & Cream Truffles 260G', '£ 8.00', '£3.08/100g'), ('sains', 'https://www.sainsburys.co.uk/shop/gb/groceries/product/details/easter-special-offers/lindt-white-easter-egg-with-lindor-white-truffles-260g', 'Lindt White Easter Egg with Lindor White Truffles 260g', '£10.00', '£3.85 / 100g'), ('tesco', 'https://www.tesco.com/groceries/en-GB/products/307750189', 'Lisner Vegetable Salad With Egg 500G', '£ 2.00', '£0.40/100g'), ('asda', 'https://groceries.asda.com/product/1000200539443', 'Lisner Vegetable Salad with Eggs', '£2.00', '(40.0p/100g)'), ('tesco', 'https://www.tesco.com/groceries/en-GB/products/277909550', 'Lubella Egg Pasta 250G', '£ 0.80', '£0.32/100g'), ('tesco', 'https://www.tesco.com/groceries/en-GB/products/295409890', 'M&M Large Easter Egg 268G', '£ 3.00', '£1.12/100g'), ('tesco', 'https://www.tesco.com/groceries/en-GB/products/302783751', "M&M's Chocolate Eggs Easter Egg 313G", '£ 5.00', '£1.60/100g'), ('sains', 'https://www.sainsburys.co.uk/shop/gb/groceries/product/details/new-355373-44/m-ms-chocolate-eggs-sharing-bag-80g', "M&M's Chocolate Eggs Sharing Bag 80g", '10p', '13p / 100g'), ('sains', 'https://www.sainsburys.co.uk/shop/gb/groceries/product/details/all-easter-/m-ms-chocolate-moulded-easter-eggs-200g', "M&M's Chocolate Moulded Easter Eggs 200g", '£3.50', '£1.75 / 100g'), ('sains', 'https://www.sainsburys.co.uk/shop/gb/groceries/product/details/easter-special-offers/m-ms-chocolate-moulded-easter-eggs-200g', "M&M's Chocolate Moulded Easter Eggs 200g", '£3.50', '£1.75 / 100g'), ('sains', 'https://www.sainsburys.co.uk/shop/gb/groceries/product/details/easter-special-offers/m-ms-crispy-chocolate-large-easter-egg-250g', "M&M's Crispy Chocolate Large Easter Egg 250g", '£3.00', '£1.20 / 100g'), ('sains', 'https://www.sainsburys.co.uk/shop/gb/groceries/product/details/easter-special-offers/m-ms-speckled-eggs-175g', "M&M's Speckled Eggs Easter Chocolate Pouch 175g", '28p', '16p / 100g'), ('coop', 'https://www.coop.co.uk/products/macsween-veggie-haggis-400g', 'MacSween Veggie Haggis 400g', '£2', '400g (50.0p per 100g)'), ('tesco', 'https://www.tesco.com/groceries/en-GB/products/281879837', 'Malteasers Large Teasers Egg 248G', '£ 3.00', '£1.21/100g'), ('tesco', 'https://www.tesco.com/groceries/en-GB/products/265946189', 'Malteaster Bunny Luxury Easter Egg & Chocolate 265G', '£ 5.00', '£1.89/100g'), ('sains', 'https://www.sainsburys.co.uk/shop/gb/groceries/product/details/easter-giant/maltesers-bunny-chocolate-extra-large-easter-egg-265g', 'Maltesers Bunny Chocolate Extra Large Easter Egg 265g', '£8.00', '£3.02 / 100g'), ('sains', 'https://www.sainsburys.co.uk/shop/gb/groceries/product/details/all-easter-eggs-and-chocolate-/maltesers-bunny-chocolate-mini-bunnies-small-easter-egg-80g', 'Maltesers Bunny Chocolate Mini Bunnies Small Easter Egg 80g', '£1.00', '£1.25 / 100g'), ('sains', 'https://www.sainsburys.co.uk/shop/gb/groceries/product/details/easter-giant/maltesers-buttons-xl-egg-274g', 'Maltesers Buttons Chocolate Extra Large Easter Egg 274g', '£8.00', '£2.92 / 100g'), ('sains', 'https://www.sainsburys.co.uk/shop/gb/groceries/product/details/all-easter-eggs-and-chocolate-/maltesers-chocolate-medium-easter-egg-127g', 'Maltesers Chocolate Medium Easter Egg 127g', '£1.25', '98p / 100g'), ('tesco', 'https://www.tesco.com/groceries/en-GB/products/265947303', 'Maltesers Milk Chocolate Easter Egg & Chocolate 127G', '£ 1.00', '£0.79/100g'), ('tesco', 'https://www.tesco.com/groceries/en-GB/products/304403675', 'Maltesers Milk Chocolate Egg With 3 Bags Of Buttons 274G', '£ 5.00', '£1.83/100g'), ('tesco', 'https://www.tesco.com/groceries/en-GB/products/307140433', 'Maltesers Mint Buttons & Milk Chocolate Egg 274G', '£ 5.00', '£1.83/100g'), ('sains', 'https://www.sainsburys.co.uk/shop/gb/groceries/product/details/easterluxury/maltesers-truffles-luxury-chocolate-easter-egg-286g-check-your-local-store-for-available-range-', 'Maltesers Truffles Luxury Chocolate Easter Egg 286g', '£10.00', '£3.50 / 100g'), ('tesco', 'https://www.tesco.com/groceries/en-GB/products/302743315', 'Maltesers Truffles Luxury Egg 286G', '£ 10.00', '£3.50/100g'), ('tesco', 'https://www.tesco.com/groceries/en-GB/products/304791058', 'Maltesers White Chocolate Egg With White Truffles 287G', '£ 10.00', '£3.49/100g'), ('tesco', 'https://www.tesco.com/groceries/en-GB/products/281879774', 'Mars Galaxy Milk Chocolate Ripple Easter Egg 286G', '£ 5.00', '£1.75/100g'), ('tesco', 'https://www.tesco.com/groceries/en-GB/products/265946742', 'Mars Milk Chocolate Easter Egg & Chocolate 141G', '£ 1.00', '£0.71/100g'), ('tesco', 'https://www.tesco.com/groceries/en-GB/products/265947614', 'Mars Milk Chocolate Egg With Mars Bar 280G', '£ 3.00', '£1.08/100g'), ('tesco', 'https://www.tesco.com/groceries/en-GB/products/308099394', 'Milkbar White Chocolate Mini Eggs 80G', '£ 1.00', '£1.25/100g'), ('tesco', 'https://www.tesco.com/groceries/en-GB/products/307762238', 'Milkybar Mini Eggs White Chocolate 240G', '£ 2.00', '£0.83/100g'), ('tesco', 'https://www.tesco.com/groceries/en-GB/products/261592624', 'Milkybar Small Easter Egg 65G', '£ 1.00', '£1.54/100g'), ('sains', 'https://www.sainsburys.co.uk/shop/gb/groceries/product/details/new-355373-44/minecraft-mini-spawn-egg--133084658-p', 'Minecraft Mini Spawn Egg', '£6.50', '£6.50 / ea'), ('sains', 'https://www.sainsburys.co.uk/shop/gb/groceries/product/details/fresh-eggs/mixed-weight-free-range-eggs-x6', 'Mixed Weight Free Range Eggs x6', '£1.10', '18p / ea'), ('tesco', 'https://www.tesco.com/groceries/en-GB/products/307355974', 'Moo Free Bunny Comb Easter Egg & Surprise 95G', '£ 2.50', '£2.64/100g'), ('tesco', 'https://www.tesco.com/groceries/en-GB/products/303088294', 'Mr Kipling Egg Fancies 8 Pack', '£ 1.50', '£0.19/each'), ('tesco', 'https://www.tesco.com/groceries/en-GB/products/303852138', 'Mutti Parmigiano Reggiano Cheese Pasta Sauce 400G', '£ 2.45', '£0.61/100g'), ('sains', 'https://www.sainsburys.co.uk/shop/gb/groceries/product/details/new-355373-44/naked-cantonese-style-hoisin-duck-egg-noodles-78g', 'Naked Cantonese Style Hoisin Duck Egg Noodles 78g', '£1.20', '£1.54 / 100g'), ('asda', 'https://groceries.asda.com/product/1000258775075', 'Naked Noodle Chinese Style Firecracker Chicken Egg Noodles', '£0.60', '(76.9p/100g)'), ('sains', 'https://www.sainsburys.co.uk/shop/gb/groceries/product/details/all-price-lock/naked-noodle-thai-sweet-chilli-egg-noodles-78g', 'Naked Noodle Thai Sweet Chilli Egg Noodles 78g', '60p', '77p / 100g'), ('asda', 'https://groceries.asda.com/product/1000053215790', 'Naked Noodle The Big One Egg Noodles Malaysian Mee Goreng', '£1.00', '(£9.62/kg)'), ('asda', 'https://groceries.asda.com/product/1000053215832', 'Naked Noodle The Big One Egg Noodles Singapore Curry', '£1.00', '(£9.62/kg)'), ('asda', 'https://groceries.asda.com/product/1000053215794', 'Naked Noodle The Big One Egg Noodles Thai Fiery Chicken Panang', '£1.00', '(£9.62/kg)'), ('asda', 'https://groceries.asda.com/product/1000053215781', 'Naked Noodle The Big One Egg Noodles Thai Green Curry', '£1.00', '(£9.62/kg)'), ('sains', 'https://www.sainsburys.co.uk/shop/gb/groceries/product/details/fresh-pasta/napolina-egg-fettuccine-250g', 'Napolina Egg Fettuccine 250g', '£2.00', '£8.00 / kg'), ('asda', 'https://groceries.asda.com/product/910000786275', 'Napolina Napolina Egg Pasta Cannelloni', '£1.60', '(£6.40/kg)'), ('tesco', 'https://www.tesco.com/groceries/en-GB/products/302917905', 'Nestle Kit Kat Chunky Peanut Butter Large Egg 264G', '£ 3.00', '£1.14/100g'), ('tesco', 'https://www.tesco.com/groceries/en-GB/products/302917829', 'Nestle Munchies Large Egg 284G', '£ 3.00', '£1.06/100g'), ('tesco', 'https://www.tesco.com/groceries/en-GB/products/302917807', 'Nestle Rolo Large Egg 284G', '£ 3.00', '£1.06/100g'), ('tesco', 'https://www.tesco.com/groceries/en-GB/products/302917767', 'Nestle Smarties Chocolate Egg 256G', '£ 3.00', '£1.18/100g'), ('tesco', 'https://www.tesco.com/groceries/en-GB/products/302917789', 'Nestle Smarties Large Orange Egg 256G', '£ 3.00', '£1.18/100g'), ('tesco', 'https://www.tesco.com/groceries/en-GB/products/302917842', 'Nestle Yorkie Large Egg 272G', '£ 3.00', '£1.11/100g'), ('tesco', 'https://www.tesco.com/groceries/en-GB/products/287221040', 'Nestle Yorkie Milk Chocolate Easter Egg & Chocolate 336G', '£ 5.00', '£1.49/100g'), ('tesco', 'https://www.tesco.com/groceries/en-GB/products/302918069', 'Nestle Yorkie Raisin & Biscuit Chocolate Egg 522G', '£ 8.00', '£1.54/100g'), ('tesco', 'https://www.tesco.com/groceries/en-GB/products/307761153', 'Nomo Caramel Egg & Caramel Chocolate Bar 148G', '£ 6.00', '£4.06/100g'), ('sains', 'https://www.sainsburys.co.uk/shop/gb/groceries/product/details/new-355373-44/nomo-vegan-free-from-caramel-sea-salt-egg-bar-148g', 'Nomo Vegan & Free From Caramel & Sea Salt Egg & Bar 148g', '£6.00', '£4.05 / 100g'), ('sains', 'https://www.sainsburys.co.uk/shop/gb/groceries/product/details/easter-special-offers/nomo-vegan-free-from-caramel-sea-salt-egg-bar-148g', 'Nomo Vegan & Free From Caramel & Sea Salt Egg & Bar 148g', '£6.00', '£4.05 / 100g'), ('sains', 'https://www.sainsburys.co.uk/shop/gb/groceries/product/details/all-easter-/nomo-vegan-free-from-caramel-sea-salt-egg-bar-148g', 'Nomo Vegan & Free From Caramel & Sea Salt Egg & Bar 148g', '£6.00', '£4.05 / 100g'), ('sains', 'https://www.sainsburys.co.uk/shop/gb/groceries/product/details/new-355373-44/nomo-vegan-free-from-creamy-chocolate-egg-bar-148g', 'Nomo Vegan & Free From Creamy Chocolate Egg & Bar 148g', '£6.00', '£4.05 / 100g'), ('sains', 'https://www.sainsburys.co.uk/shop/gb/groceries/product/details/easter-special-offers/nomo-vegan-free-from-creamy-chocolate-egg-bar-148g', 'Nomo Vegan & Free From Creamy Chocolate Egg & Bar 148g', '£6.00', '£4.05 / 100g'), ('sains', 'https://www.sainsburys.co.uk/shop/gb/groceries/product/details/all-easter-/nomo-vegan-free-from-creamy-chocolate-egg-bar-148g', 'Nomo Vegan & Free From Creamy Chocolate Egg & Bar 148g', '£6.00', '£4.05 / 100g'), ('sains', 'https://www.sainsburys.co.uk/shop/gb/groceries/product/details/small-and-medium/nomo-vegan-free-from-caramel-sea-salt-egg-bar-148g-8044608-p-44', 'NOMO Vegan & Free From Fruit & Crunch Egg & Bar 207g', '£6.00', '£2.90 / 100g'), ('sains', 'https://www.sainsburys.co.uk/shop/gb/groceries/product/details/all-easter-/nomo-vegan-free-from-caramel-sea-salt-egg-bar-148g-8044608-p-44', 'NOMO Vegan & Free From Fruit & Crunch Egg & Bar 207g', '£6.00', '£2.90 / 100g'), ('sains', 'https://www.sainsburys.co.uk/shop/gb/groceries/product/details/new-355373-44/nomo-vegan-free-from-caramel-sea-salt-egg-bar-148g-8044608-p-44', 'NOMO Vegan & Free From Fruit & Crunch Egg & Bar 207g', '£6.00', '£2.90 / 100g'), ('sains', 'https://www.sainsburys.co.uk/shop/gb/groceries/product/details/easter-special-offers/nomo-vegan-free-from-caramel-sea-salt-egg-bar-148g-8044608-p-44', 'NOMO Vegan & Free From Fruit & Crunch Egg & Bar 207g', '£6.00', '£2.90 / 100g'), ('asda', 'https://groceries.asda.com/product/910002433319', 'Nongshim Veggie Ramyun Instant Noodle Soup Mild', '£0.95', 'No weight data'), ('sains', 'https://www.sainsburys.co.uk/shop/gb/groceries/product/details/fresh-eggs/northumberland-free-range-eggs-x6-large', 'Northumberland Large Free Range Eggs x6', '£2.05', '34p / ea'), ('sains', 'https://www.sainsburys.co.uk/shop/gb/groceries/product/details/fresh-eggs/northumberland-free-range-eggs-x6-medium', 'Northumberland Medium Free Range Eggs x6', '£1.85', '31p / ea'), ('sains', 'https://www.sainsburys.co.uk/shop/gb/groceries/product/details/fresh-eggs/oggs-aquafaba-200ml', 'OGGS Aquafaba Egg Alternative 200ml', '£1.95', '98p / 100ml'), ('asda', 'https://groceries.asda.com/product/1000220971268', 'Oggs Vegan Aquafaba Egg Substitue', '£1.85', 'No weight data'), ('tesco', 'https://www.tesco.com/groceries/en-GB/products/302316580', 'Organix Melty Veggie Sticks 4X15g', '£ 2.30', '£38.34/kg'), ('asda', 'https://groceries.asda.com/product/1000172735644', 'Organix Melty Veggie Sticks 7+ Months', '£2.00', 'No weight data'), ('tesco', 'https://www.tesco.com/groceries/en-GB/products/250111964', 'Pandora Pickled Eggs 510G', '£ 2.80', '£1.00/100g DR.WT'), ('asda', 'https://groceries.asda.com/product/910003168561', 'Paperback Supertato: Run Veggies Run by Sue Hendra', '£4.00', '(£4.00/each)'), ('sains', 'https://www.sainsburys.co.uk/shop/gb/groceries/product/details/all-easter-/pastel-easter-eggs-card', 'Pastel Easter Eggs Card', '£2.75', '£2.75 / ea'), ('asda', 'https://groceries.asda.com/product/910000813160', 'Paw Patrol Surprise Egg with Jelly Beans & Collectable Toy', '£1.00', '(£1.00/each)'), ('asda', 'https://groceries.asda.com/product/910000261340', 'Pegga Pig Forehead Thermometer 3+ Months', '£3.50', '(£3.50/each)'), ('tesco', 'https://www.tesco.com/groceries/en-GB/products/302836160', 'Plush Dragons Egg Assorted', '£ 6.00', '£6.00/each'), ('asda', 'https://groceries.asda.com/product/910000815074', 'Poplars Large Free Range Eggs', '£2.33', 'No weight data'), ('asda', 'https://groceries.asda.com/product/26059122', 'Poplars Large Free Range Eggs', '£1.29', 'No weight data'), ('asda', 'https://groceries.asda.com/product/910000298432', 'Poplars Medium Free Range Eggs', '£1.90', 'No weight data'), ('tesco', 'https://www.tesco.com/groceries/en-GB/products/304388352', 'Prospero Leggero Secco Rosato 750Ml', '£ 7.00', '£7.00/75cl'), ('asda', 'https://groceries.asda.com/product/1000172735658', 'Pukka Veggie Leek & Potato Pie', '£1.65', '(77.5p/100g)'), ('tesco', 'https://www.tesco.com/groceries/en-GB/products/304791542', 'Pukka Veggie Leek & Potato Pie', '£ 1.65', '£1.65/each'), ('tesco', 'https://www.tesco.com/groceries/en-GB/products/301810088', 'Purely Organic Eggs Mixed Weight 10 Pack', '£ 3.00', '£0.30/each'), ('asda', 'https://groceries.asda.com/product/1000204779197', 'Purely Organic Free Range Eggs', '£2.80', 'No weight data'), ('sains', 'https://www.sainsburys.co.uk/shop/gb/groceries/product/details/all-easter-eggs-and-chocolate-/quality-street-easter-egg-277g-check-your-local-store-for-available-range-', 'Quality Street Milk Chocolate Giant Easter Egg 311g', '£6.00', '£1.93 / 100g'), ('tesco', 'https://www.tesco.com/groceries/en-GB/products/305554367', 'Quality Street Milk Chocolate Giant Egg 311G', '£ 5.00', '£1.61/100g'), ('tesco', 'https://www.tesco.com/groceries/en-GB/products/286748743', 'Quorn Picnic Egg 4X180g', '£ 1.50', '£8.34/kg'), ('asda', 'https://groceries.asda.com/product/910002082817', 'Quorn Picnic Eggs', '£1.50', '(£8.33/kg)'), ('sains', 'https://www.sainsburys.co.uk/shop/gb/groceries/product/details/easterlunch/quorn-picnic-eggs-180g', 'Quorn Picnic Eggs 180g', '£1.50', '£8.33 / kg'), ('tesco', 'https://www.tesco.com/groceries/en-GB/products/302217674', 'Qvs Mini Moments Blending Egg Sponge', '£ 2.00', '£2.00/each'), ('sains', 'https://www.sainsburys.co.uk/shop/gb/groceries/product/details/fresh-eggs/range-farm-large-free-hen-eggs-x10', 'Range Farm Large Free Hen Eggs x10', '£1.90', '19p / ea'), ('tesco', 'https://www.tesco.com/groceries/en-GB/products/304794752', "Reese's Milk Chocolate Egg With 3 Peanut Butter Creme Eggs 232G", '£ 5.00', '£2.16/100g'), ('tesco', 'https://www.tesco.com/groceries/en-GB/products/298231702', "Reese's Peanut Butter Creme Egg 34G", '£ 0.50', '£1.48/100g'), ('sains', 'https://www.sainsburys.co.uk/shop/gb/groceries/product/details/easter-special-offers/reeses-peanut-butter-creme-mini-eggs-70g', "Reese's Peanut Butter Creme Mini Eggs 70g", '£1.00', '£1.43 / 100g'), ('tesco', 'https://www.tesco.com/groceries/en-GB/products/308110109', 'Rolo Milk Chocolate Easter Egg 128G', '£ 1.00', '£0.78/100g'), ('tesco', 'https://www.tesco.com/groceries/en-GB/products/305955751', 'Royal Sweet & Sour Chicken With Egg Fried Rice 400G', '£ 3.00', '£0.75/100g'), ('asda', 'https://groceries.asda.com/product/1000184133233', "Ryan's World 48-Piece Mystery Puzzle in Plastic Egg StorCase (4+ Years)", '£7.97', '(£7.97/each)'), ('tesco', 'https://www.tesco.com/groceries/en-GB/products/285527920', 'Rymer Farm Eggs Large Free Range 12 Eggs', '£ 3.00', '£0.25/each'), ('tesco', 'https://www.tesco.com/groceries/en-GB/products/280418591', 'Rymer Farm Eggs Large Free Range 6 Eggs', '£ 1.80', '£0.30/each'), ('tesco', 'https://www.tesco.com/groceries/en-GB/products/285527908', 'Rymer Farm Eggs Medium Free Range 12 Eggs', '£ 2.95', '£0.25/each'), ('tesco', 'https://www.tesco.com/groceries/en-GB/products/280418429', 'Rymer Farm Eggs Medium Free Range 6 Eggs', '£ 1.50', '£0.25/each'), ('sains', 'https://www.sainsburys.co.uk/shop/gb/groceries/product/details/new-trending-special-offers/sainsburys-bacon---free-range-egg-sandwich', "Sainsbury's Bacon & Free Range Egg Sandwich", '£2.00', '£2.00 / ea'), ('sains', 'https://www.sainsburys.co.uk/shop/gb/groceries/product/details/fresh-eggs/sainsburys-barn-eggs--basics-x15-6416049-p-44', "Sainsbury's Barn Eggs, Basics x15", '£1.19', '8p / ea'), ('sains', 'https://www.sainsburys.co.uk/shop/gb/groceries/product/details/prepared-stir-fry/sainsburys-chilli-egg-noodles-250g', "Sainsbury's Chilli Egg Noodles 250g", '50p', '20p / 100g'), ('sains', 'https://www.sainsburys.co.uk/shop/gb/groceries/product/details/gluten-free-biscuits-and-chocolates/sainsburys-deliciously-free-from-chocolate-egg-100g', "Sainsbury's Deliciously Free From Chocolate Egg 100g", '£3.50', '£3.50 / 100g'), ('sains', 'https://www.sainsburys.co.uk/shop/gb/groceries/product/details/fresh-pasta/sainsburys-deliciously-free-from-fresh-egg-tagliatelle-250g', "Sainsbury's Deliciously Free From Fresh Egg Tagliatelle 250g", '£2.20', '88p / 100g'), ('sains', 'https://www.sainsburys.co.uk/shop/gb/groceries/product/details/new-355373-44/sainsburys-deliciously-free-from-mini-mallows-chocolate-egg-110g', "Sainsbury's Deliciously Free From Mini Mallows Chocolate Egg 110g", '£4.00', '£3.64 / 100g'), ('sains', 'https://www.sainsburys.co.uk/shop/gb/groceries/product/details/easter-special-offers/sainsburys-deliciously-free-from-mini-mallows-chocolate-egg-110g', "Sainsbury's Deliciously Free From Mini Mallows Chocolate Egg 110g", '£4.00', '£3.64 / 100g'), ('sains', 'https://www.sainsburys.co.uk/shop/gb/groceries/product/details/easter-special-offers/sainsburys-deliciously-free-from-strawberry-white-chocolate-egg-100g', "Sainsbury's Deliciously Free From Strawberry & White Chocolate Egg 100g", '£3.50', '£3.50 / 100g'), ('sains', 'https://www.sainsburys.co.uk/shop/gb/groceries/product/details/all-easter-eggs-and-chocolate-/sainsburys-deliciously-free-from-strawberry-white-chocolate-egg-100g', "Sainsbury's Deliciously Free From Strawberry & White Chocolate Egg 100g", '£3.50', '£3.50 / 100g'), ('sains', 'https://www.sainsburys.co.uk/shop/gb/groceries/product/details/big-night-in/sainsburys-duck-in-plum-sauce-with-egg-fried-rice-450g', "Sainsbury's Duck In Plum Sauce With Egg Fried Rice 400g (Serves 1)", '£3.50', '£8.75 / kg'), ('sains', 'https://www.sainsburys.co.uk/shop/gb/groceries/product/details/all-pies-pasties-quiche/sainsburys-egg-bites-x12-240g', "Sainsbury's Egg Bites x12 222g", '£1.30', '60p / 100g'), ('sains', 'https://www.sainsburys.co.uk/shop/gb/groceries/product/details/all-pies-pasties-quiche/sainsburys-mini-egg-bites-x18-216g', "Sainsbury's Egg Bites, Mini x18 216g", '£2.00', '93p / 100g'), ('sains', 'https://www.sainsburys.co.uk/shop/gb/groceries/product/details/big-night-in/sainsburys-free-range-egg-custard-tarts-x4', "Sainsbury's Egg Custard Tarts 4x81g", '£1.20', '30p / ea'), ('sains', 'https://www.sainsburys.co.uk/shop/gb/groceries/product/details/all-ready-meals-/sainsburys-egg-fried-rice-200g', "Sainsbury's Egg Fried Rice 200g (Serves 1)", '£1.40', '£7.00 / kg'), ('sains', 'https://www.sainsburys.co.uk/shop/gb/groceries/product/details/chilled-vegetarian-ready-meals/sainsburys-egg-fried-rice-200g', "Sainsbury's Egg Fried Rice 200g (Serves 1)", '£1.40', '£7.00 / kg'), ('sains', 'https://www.sainsburys.co.uk/shop/gb/groceries/product/details/chilled-ready-meals-for-two-or-more/sainsburys-egg-fried-rice-400g', "Sainsbury's Egg Fried Rice 400g (Serves 2)", '£1.90', '£4.75 / kg'), ('sains', 'https://www.sainsburys.co.uk/shop/gb/groceries/product/details/chilled-vegetarian-ready-meals/sainsburys-egg-fried-rice-400g', "Sainsbury's Egg Fried Rice 400g (Serves 2)", '£1.90', '£4.75 / kg'), ('sains', 'https://www.sainsburys.co.uk/shop/gb/groceries/product/details/sandwich-fillers/sainsburys-deli-filler-egg-mayonnaise-sandwich-400g', "Sainsbury's Egg Mayo Deli Filler 385g", '£2.35', '61p / 100g'), ('sains', 'https://www.sainsburys.co.uk/shop/gb/groceries/product/details/prepared-stir-fry/sainsburys-free-range-fresh-egg-noodles-410g', "Sainsbury's Free Range Fresh Egg Noodles 410g", '£1.00', '24p / 100g'), ('sains', 'https://www.sainsburys.co.uk/shop/gb/groceries/product/details/fresh-pasta/sainsburys-fresh-egg-fusilli-500g', "Sainsbury's Fresh Egg Fusilli 500g", '£1.75', '£3.50 / kg'), ('sains', 'https://www.sainsburys.co.uk/shop/gb/groceries/product/details/fresh-pasta/sainsburys-multi-grain-tagliatelle--be-good-to-yourself-500g', "Sainsbury's Fresh Egg Multigrain Tagliatelle 500g", '£1.75', '£3.50 / kg'), ('sains', 'https://www.sainsburys.co.uk/shop/gb/groceries/product/details/fresh-pasta/sainsburys-fresh-pappardelle-500g', "Sainsbury's Fresh Egg Pappardelle 500g", '£1.75', '£3.50 / kg'), ('sains', 'https://www.sainsburys.co.uk/shop/gb/groceries/product/details/dairy-and-chilled-essentials/sainsburys-fresh-penne-pasta-500g', "Sainsbury's Fresh Egg Penne 500g", '£1.75', '£3.50 / kg'), ('sains', 'https://www.sainsburys.co.uk/shop/gb/groceries/product/details/fresh-pasta/sainsburys-fresh-penne-pasta-500g', "Sainsbury's Fresh Egg Penne 500g", '£1.75', '£3.50 / kg'), ('sains', 'https://www.sainsburys.co.uk/shop/gb/groceries/product/details/fresh-pasta/sainsburys-fresh-tagliatelle-500g', "Sainsbury's Fresh Egg Tagliatelle 500g", '£1.75', '£3.50 / kg'), ('sains', 'https://www.sainsburys.co.uk/shop/gb/groceries/product/details/fresh-pasta/sainsburys-fresh-tagliatelle-verdi-500g', "Sainsbury's Fresh Egg Tagliatelle Verdi 500g", '£1.65', '£3.30 / kg'), ('sains', 'https://www.sainsburys.co.uk/shop/gb/groceries/product/details/dairyeggschilled-pricelockdown/sainsburys-individual-scotch-egg-113g', "Sainsbury's Individual Scotch Egg 113g", '85p', '75p / 100g'), ('sains', 'https://www.sainsburys.co.uk/shop/gb/groceries/product/details/all-meatfree/sainsburys-love-your-veg!-vegan-mix-burger-225g', "Sainsbury's Love Your Veg! Veggie Burgers 225g", '£2.00', '£8.89 / kg'), ('sains', 'https://www.sainsburys.co.uk/shop/gb/groceries/product/details/egg-free-food/sainsburys-love-your-veg!-vegan-mix-burger-225g', "Sainsbury's Love Your Veg! Veggie Burgers 225g", '£2.00', '£8.89 / kg'), ('sains', 'https://www.sainsburys.co.uk/shop/gb/groceries/product/details/easter-special-offers/sainsburys-egg-hunt-bag-200g', "Sainsbury's Milk Chocolate Hollow Eggs 200g", '£2.50', '£1.25 / 100g'), ('sains', 'https://www.sainsburys.co.uk/shop/gb/groceries/product/details/meat-free-/sainsburys-no-egg-bites-x8-176g', "Sainsbury's No Egg Bites x8 176g", '£1.75', '£9.94 / kg'), ('sains', 'https://www.sainsburys.co.uk/shop/gb/groceries/product/details/dairy-all-cheese/sainsburys-parmigiano-reggiano-200g', "Sainsbury's Parmigiano Reggiano Cheese 200g", '£3.30', '£16.50 / kg'), ('sains', 'https://www.sainsburys.co.uk/shop/gb/groceries/product/details/organic-dairy-products/sainsburys-parmigiano-reggiano--so-organic-200g', "Sainsbury's Parmigiano Reggiano Cheese, SO Organic 200g", '£4.00', '£20.00 / kg'), ('sains', 'https://www.sainsburys.co.uk/shop/gb/groceries/product/details/dairy-all-cheese/sainsburys-parmigiano-reggiano--so-organic-200g', "Sainsbury's Parmigiano Reggiano Cheese, SO Organic 200g", '£4.00', '£20.00 / kg'), ('sains', 'https://www.sainsburys.co.uk/shop/gb/groceries/product/details/speciality-and-continental-cheeses/sainsburys-parmigiano-reggiano--taste-the-difference-200g', "Sainsbury's Parmigiano Reggiano Cheese, Taste the Difference 200g", '£4.00', '£20.00 / kg'), ('sains', 'https://www.sainsburys.co.uk/shop/gb/groceries/product/details/dairyeggschilled-pricelockdown/sainsburys-lattice-gala-pork---egg-pie-450g', "Sainsbury's Pork & Egg Lattice Gala Pie 450g", '£2.70', '60p / 100g'), ('sains', 'https://www.sainsburys.co.uk/shop/gb/groceries/product/details/new-355373-44/sainsburys-rtb-smoked-salmon-scotch-eggs-taste-the-difference-190g', "Sainsbury's Ready to Bake Smoked Salmon Scotch Eggs, Taste the Difference 190g", '£4.00', '£2.11 / 100g'), ('sains', 'https://www.sainsburys.co.uk/shop/gb/groceries/product/details/all-pies-pasties-quiche/sainsburys-scotch-egg--taste-the-difference', "Sainsbury's Scotch Egg, Taste the Difference 140g", '£1.30', '93p / 100g'), ('sains', 'https://www.sainsburys.co.uk/shop/gb/groceries/product/details/all-pies-pasties-quiche/sainsburys-scotch-eggs-x2-226g', "Sainsbury's Scotch Eggs x2 226g", '£1.20', '53p / 100g'), ('sains', 'https://www.sainsburys.co.uk/shop/gb/groceries/product/details/miniandtreat-size/sainsburys-swiss-milk-choc-mini-eggs-taste-the-difference-120g-check-your-local-store-for-available-range-', "Sainsbury's Swiss Milk Chocolate Eggs, Taste the Difference 120g", '£2.00', '£1.67 / 100g'), ('sains', 'https://www.sainsburys.co.uk/shop/gb/groceries/product/details/miniandtreat-size/sainsburys-swiss-white-choc-mini-eggs-taste-the-difference-120g-check-your-local-store-for-available-range-', "Sainsbury's Swiss White Chocolate Eggs, Taste the Difference 120g", '£2.00', '£1.67 / 100g'), ('sains', 'https://www.sainsburys.co.uk/shop/gb/groceries/product/details/dairy-all-cheese/sainsburys-taleggio--taste-the-difference-200g', "Sainsbury's Taleggio Cheese, Taste the Difference 200g", '£3.00', '£15.00 / kg'), ('sains', 'https://www.sainsburys.co.uk/shop/gb/groceries/product/details/perfect-cheeseboards/sainsburys-taleggio--taste-the-difference-200g', "Sainsbury's Taleggio Cheese, Taste the Difference 200g", '£3.00', '£15.00 / kg'), ('sains', 'https://www.sainsburys.co.uk/shop/gb/groceries/product/details/baby-vegetables/sainsburys-veggie-burger-225g', "Sainsbury's Veggie Burgers x2 225g", '£2.00', '£8.89 / kg'), ('sains', 'https://www.sainsburys.co.uk/shop/gb/groceries/product/details/breakfastbrunch/sainsburys-golden-yolked-free-range-eggs--taste-the-difference-x6', "Sainsbury's Woodland Free Range Golden Yolked Mixed Weight Eggs, Taste the Difference x6", '£1.90', '32p / ea'), ('sains', 'https://www.sainsburys.co.uk/shop/gb/groceries/product/details/breakfast-in-bed/sainsburys-golden-yolked-free-range-eggs--taste-the-difference-x6', "Sainsbury's Woodland Free Range Golden Yolked Mixed Weight Eggs, Taste the Difference x6", '£1.90', '32p / ea'), ('sains', 'https://www.sainsburys.co.uk/shop/gb/groceries/product/details/fresh-eggs/sainsburys-golden-yolked-free-range-eggs--taste-the-difference-x6', "Sainsbury's Woodland Free Range Golden Yolked Mixed Weight Eggs, Taste the Difference x6", '£1.90', '32p / ea'), ('sains', 'https://www.sainsburys.co.uk/shop/gb/groceries/product/details/all-mothers-day/sainsburys-golden-yolked-free-range-eggs--taste-the-difference-x6', "Sainsbury's Woodland Free Range Golden Yolked Mixed Weight Eggs, Taste the Difference x6", '£1.90', '32p / ea'), ('sains', 'https://www.sainsburys.co.uk/shop/gb/groceries/product/details/fresh-eggs/sainsburys-free-range-large-eggs-x12', "Sainsbury's Woodland Free Range Large Eggs x12", '£2.05', '17p / ea'), ('sains', 'https://www.sainsburys.co.uk/shop/gb/groceries/product/details/first-shop-essentials/sainsburys-free-range-large-eggs-x12', "Sainsbury's Woodland Free Range Large Eggs x12", '£2.05', '17p / ea'), ('sains', 'https://www.sainsburys.co.uk/shop/gb/groceries/product/details/fresh-eggs/sainsburys-free-range-woodland-large-eggs-x6', "Sainsbury's Woodland Free Range Large Eggs x6", '£1.10', '18p / ea'), ('sains', 'https://www.sainsburys.co.uk/shop/gb/groceries/product/details/breakfastbrunch/sainsburys-free-range-woodland-large-eggs--so-organic-x6', "Sainsbury's Woodland Free Range Large Eggs, SO Organic x6", '£2.15', '36p / ea'), ('sains', 'https://www.sainsburys.co.uk/shop/gb/groceries/product/details/fresh-eggs/sainsburys-free-range-woodland-large-eggs--so-organic-x6', "Sainsbury's Woodland Free Range Large Eggs, SO Organic x6", '£2.15', '36p / ea'), ('sains', 'https://www.sainsburys.co.uk/shop/gb/groceries/product/details/fresh-eggs/sainsburys-free-range-woodland-medium-eggs-x12', "Sainsbury's Woodland Free Range Medium Eggs x12", '£1.70', '14p / ea'), ('sains', 'https://www.sainsburys.co.uk/shop/gb/groceries/product/details/dairy-and-chilled-essentials/sainsburys-free-range-woodland-medium-eggs-x6', "Sainsbury's Woodland Free Range Medium Eggs x6", '90p', '15p / ea'), ('sains', 'https://www.sainsburys.co.uk/shop/gb/groceries/product/details/fresh-eggs/sainsburys-free-range-woodland-medium-eggs-x6', "Sainsbury's Woodland Free Range Medium Eggs x6", '90p', '15p / ea'), ('sains', 'https://www.sainsburys.co.uk/shop/gb/groceries/product/details/fresh-eggs/sainsburys-free-range-woodland-medium-eggs--so-organic-x6', "Sainsbury's Woodland Free Range Medium Eggs, SO Organic x6", '£1.80', '30p / ea'), ('sains', 'https://www.sainsburys.co.uk/shop/gb/groceries/product/details/breakfastbrunch/sainsburys-free-range-woodland-medium-eggs--so-organic-x6', "Sainsbury's Woodland Free Range Medium Eggs, SO Organic x6", '£1.80', '30p / ea'), ('sains', 'https://www.sainsburys.co.uk/shop/gb/groceries/product/details/special-offers-/sainsburys-free-range-woodland-medium-eggs--so-organic-x6', "Sainsbury's Woodland Free Range Medium Eggs, SO Organic x6", '£1.80', '30p / ea'), ('sains', 'https://www.sainsburys.co.uk/shop/gb/groceries/product/details/fresh-eggs/sainsburys-free-range-woodland-mixed-sizes-eggs--so-organic-x12', "Sainsbury's Woodland Free Range Mixed Weight Eggs, SO Organic x12", '£3.50', '29p / ea'), ('sains', 'https://www.sainsburys.co.uk/shop/gb/groceries/product/details/fresh-eggs/sainsburys-northern-ireland-free-range-woodland-medium-eggs-x12', "Sainsbury's Woodland Northern Ireland Free Range Medium Eggs x12", '£1.70', '14p / ea'), ('sains', 'https://www.sainsburys.co.uk/shop/gb/groceries/product/details/all-price-lock/sainsburys-vegetable-curry-400g', 'Sainsbury’s Love Your Veg! Very Veggie Curry 400g', '£1.50', '£3.75 / kg'), ('asda', 'https://groceries.asda.com/product/1000118028695', 'Salter Egg Cooker', '£15.00', '(£15.00/each)'), ('asda', 'https://groceries.asda.com/product/1000156149130', 'Scoville Mini Egg Pan', '£8.00', '(£8.00/each)'), ('asda', 'https://groceries.asda.com/product/1000045650585', "Sharwood's Fine Egg Noodles", '£1.75', '(£5.15/kg)'), ('asda', 'https://groceries.asda.com/product/1000045650671', "Sharwood's Medium Egg Noodles", '£1.75', '(£5.15/kg)'), ('coop', 'https://www.coop.co.uk/products/sharwoods-medium-egg-noodles-340g', "Sharwood's Medium Egg Noodles 340g", '£1.85', '340g (54.4p per 100g)'), ('sains', 'https://www.sainsburys.co.uk/shop/gb/groceries/product/details/big-night-in/sharwoods-medium-egg-noodles-375g', "Sharwood's Medium Egg Noodles 340g", '£1.75', '£5.15 / kg'), ('tesco', 'https://www.tesco.com/groceries/en-GB/products/301412450', 'Sharwoods Fine Egg Noodles 340G', '£ 1.60', '£4.71/kg'), ('tesco', 'https://www.tesco.com/groceries/en-GB/products/301412473', 'Sharwoods Medium Egg Noodles 340G', '£ 1.60', '£4.71/kg'), ('asda', 'https://groceries.asda.com/product/1000006804992', 'Sistema Microwave Easy Eggs', '£4.00', '(£4.00/each)'), ('sains', 'https://www.sainsburys.co.uk/shop/gb/groceries/product/details/fresh-eggs/skea-eggs-big-10-free-range-eggs-x10', 'Skea Eggs Big Free Range Eggs x10', '£2.80', '28p / ea'), ('sains', 'https://www.sainsburys.co.uk/shop/gb/groceries/product/details/fresh-eggs/skea-eggs-big-6-free-range-eggs-x6', 'Skea Eggs Big Free Range Eggs x6', '£1.85', '31p / ea'), ('tesco', 'https://www.tesco.com/groceries/en-GB/products/307961204', 'Smarties Buttons Milk Chocolate Easter Egg 290G', '£ 5.00', '£1.73/100g'), ('sains', 'https://www.sainsburys.co.uk/shop/gb/groceries/product/details/easter-special-offers/smarties-giant-inclusion-egg-470g', 'Smarties Incredible Inclusion Milk Chocolate Giant Easter Egg 470g', '£1.00', '21p / 100g'), ('tesco', 'https://www.tesco.com/groceries/en-GB/products/305548185', 'Smarties Milk Cho Incredible Easter Egg 470G', '£ 8.00', '£1.71/100g'), ('tesco', 'https://www.tesco.com/groceries/en-GB/products/308103753', 'Smarties Milk Chocolate Easter Egg 119G', '£ 1.00', '£0.84/100g'), ('tesco', 'https://www.tesco.com/groceries/en-GB/products/307961066', 'Smarties Milk Chocolate Easter Egg Hunt 8 Pack 140G', '£ 3.00', '£2.15/100g'), ('tesco', 'https://www.tesco.com/groceries/en-GB/products/305554281', 'Smarties Milk Chocolate Mini Eggs 80G', '£ 1.00', '£1.25/100g'), ('tesco', 'https://www.tesco.com/groceries/en-GB/products/305554465', 'Smarties Milk Chocolate Mini Eggs Giant Bag 240G', '£ 2.00', '£0.83/100g'), ('tesco', 'https://www.tesco.com/groceries/en-GB/products/308115946', 'Smarties Orange Mini Eggs 80G', '£ 1.00', '£1.25/100g'), ('sains', 'https://www.sainsburys.co.uk/shop/gb/groceries/product/details/vegetarian-food/smorgasbord-veggie-snack-balls-80g', 'Smorgasbord Veggie Snack Balls 80g', '£1.00', '£12.50 / kg'), ('sains', 'https://www.sainsburys.co.uk/shop/gb/groceries/product/details/sandwich-fillers/spar-deli-filler-egg-mayonnaise-230g', 'SPAR Deli Filler Egg & Mayonnaise 230g', '£1.75', '76p / 100g'), ('sains', 'https://www.sainsburys.co.uk/shop/gb/groceries/product/details/cooked-meats-deli-and-dips-special-offers/spar-deli-filler-egg-mayonnaise-230g', 'SPAR Deli Filler Egg & Mayonnaise 230g', '£1.75', '76p / 100g'), ('sains', 'https://www.sainsburys.co.uk/shop/gb/groceries/product/details/fresh-eggs/st-ewe-free-range-eggs-medium-x6', 'St Ewe Free Range Medium Eggs x6', '£1.90', '32p / ea'), ('asda', 'https://groceries.asda.com/product/910000281651', 'Staveley 12 Large Free Range Eggs', '£2.33', 'No weight data'), ('asda', 'https://groceries.asda.com/product/910000281482', 'Staveley 12 Medium Free Range Eggs', '£1.90', 'No weight data'), ('asda', 'https://groceries.asda.com/product/35426600', 'Staveley Large Free Range Eggs', '£1.29', 'No weight data'), ('asda', 'https://groceries.asda.com/product/35426599', 'Staveley Very Large Free Range Eggs', '£1.60', 'No weight data'), ('asda', 'https://groceries.asda.com/product/1000069554563', 'Supertato Veggies in the Valley of Doom by Sue Hendra', '£4.00', '(£4.00/each)'), ('asda', 'https://groceries.asda.com/product/910002460202', 'Supertato: Veggies Assemble by Sue Hendra & Paul Linnet', '£4.00', '(£4.00/each)'), ('asda', 'https://groceries.asda.com/product/1000004205351', 'Tefal Ideal One Egg Wonder Frypan', '£8.00', '(£8.00/each)'), ('sains', 'https://www.sainsburys.co.uk/shop/gb/groceries/product/details/easter-special-offers/terrys-chocolate-orange-mini-eggs-80g', "Terry's Chocolate Orange Mini Eggs 80g", '75p', '94p / 100g'), ('sains', 'https://www.sainsburys.co.uk/shop/gb/groceries/product/details/all-easter-/terrys-chocolate-orange-mini-eggs-80g', "Terry's Chocolate Orange Mini Eggs 80g", '75p', '94p / 100g'), ('sains', 'https://www.sainsburys.co.uk/shop/gb/groceries/product/details/easter-special-offers/terrys-orange-chocolate-mini-eggs-260g', "Terry's Orange Chocolate & Mini Eggs 260g", '£3.00', '£1.15 / 100g'), ('tesco', 'https://www.tesco.com/groceries/en-GB/products/306955588', 'Terrys Chocolate Orange Egg With Bars 250G', '£ 3.00', '£1.20/100g'), ('tesco', 'https://www.tesco.com/groceries/en-GB/products/307337247', 'Terrys Chocolate Orange Egg With Mini Candy 250G', '£ 3.00', '£1.20/100g'), ('tesco', 'https://www.tesco.com/groceries/en-GB/products/305525759', 'Terrys Chocolate Orange Mini Eggs 80G', '£ 1.00', '£1.25/100g'), ('tesco', 'https://www.tesco.com/groceries/en-GB/products/307353861', 'Terrys Chocolate Orange Mini Eggs White 80G', '£ 1.00', '£1.25/100g'), ('tesco', 'https://www.tesco.com/groceries/en-GB/products/268904010', 'Tesco 12 Mini Savoury Eggs 216G', '£ 1.20', '£0.56/100g'), ('tesco', 'https://www.tesco.com/groceries/en-GB/products/299626009', 'Tesco 15 Eggs', '£ 1.18', '£0.08/each'), ('tesco', 'https://www.tesco.com/groceries/en-GB/products/263534887', 'Tesco 18 Bitesize Mini Savoury Eggs 216G', '£ 1.75', '£0.81/100g'), ('tesco', 'https://www.tesco.com/groceries/en-GB/products/263759212', 'Tesco 2 Pork & Egg Gala Slices 250G', '£ 1.90', '£0.76/100g'), ('tesco', 'https://www.tesco.com/groceries/en-GB/products/250301492', 'Tesco 2 Scotch Eggs 227G', '£ 1.20', '£0.53/100g'), ('tesco', 'https://www.tesco.com/groceries/en-GB/products/254606808', 'Tesco 4 Scotch Eggs 454G', '£ 1.85', '£0.41/100g'), ('tesco', 'https://www.tesco.com/groceries/en-GB/products/305527187', 'Tesco 5 Decorate Your Own Gingerbread Easter Egg Kit', '£ 1.80', '£0.36/each'), ('tesco', 'https://www.tesco.com/groceries/en-GB/products/299625707', 'Tesco 6 Eggs', '£ 0.70', '£0.12/each'), ('tesco', 'https://www.tesco.com/groceries/en-GB/products/278418052', 'Tesco East Anglian Free Range Eggs Very Large 6 Pack', '£ 1.50', '£0.25/each'), ('tesco', 'https://www.tesco.com/groceries/en-GB/products/254279200', 'Tesco Egg & Bacon Sandwich', '£ 2.50', '£2.50/each'), ('tesco', 'https://www.tesco.com/groceries/en-GB/products/307138212', 'Tesco Egg & Bacon Sandwich Filler 250G', '£ 1.45', '£0.58/100g'), ('tesco', 'https://www.tesco.com/groceries/en-GB/products/257328680', 'Tesco Egg & Cress Sandwich', '£ 1.30', '£1.30/each'), ('tesco', 'https://www.tesco.com/groceries/en-GB/products/257471134', 'Tesco Egg Custard Tarts 4 Pack', '£ 1.40', '£0.35/each'), ('tesco', 'https://www.tesco.com/groceries/en-GB/products/265214819', 'Tesco Egg Fried Rice 250G', '£ 1.50', '£6.00/kg'), ('tesco', 'https://www.tesco.com/groceries/en-GB/products/294606237', 'Tesco Egg Hunt Basket 340G', '£ 3.00', '£0.88/100g'), ('tesco', 'https://www.tesco.com/groceries/en-GB/products/307154117', 'Tesco Egg Mayonaise 250G', '£ 1.45', '£0.58/100g'), ('tesco', 'https://www.tesco.com/groceries/en-GB/products/268325996', 'Tesco Egg Mayonnaise Sandwich Filler 450G', '£ 2.20', '£0.49/100g'), ('tesco', 'https://www.tesco.com/groceries/en-GB/products/290981391', 'Tesco Egg Noodles 300G', '£ 1.25', '£4.17/kg'), ('tesco', 'https://www.tesco.com/groceries/en-GB/products/303675912', 'Tesco Egg Protein Pot 90G', '£ 1.00', '£1.12/100g'), ('tesco', 'https://www.tesco.com/groceries/en-GB/products/251680458', 'Tesco Egg Rice 250G', '£ 0.65', '£2.60/kg'), ('tesco', 'https://www.tesco.com/groceries/en-GB/products/272640511', 'Tesco Fine Egg Noodles 250G', '£ 1.00', '£4.00/kg'), ('tesco', 'https://www.tesco.com/groceries/en-GB/products/305981689', 'Tesco Finest 10 Leggero Coffee Capsules Strength 6 54G', '£ 2.50', '£4.63/100g'), ('tesco', 'https://www.tesco.com/groceries/en-GB/products/305966087', 'Tesco Finest 2 Scotch Eggs 260G', '£ 2.20', '£0.85/100g'), ('tesco', 'https://www.tesco.com/groceries/en-GB/products/277393000', 'Tesco Finest 6 Free Range Bluebell Aurancana Eggs', '£ 1.90', '£0.32/each'), ('tesco', 'https://www.tesco.com/groceries/en-GB/products/275399728', 'Tesco Finest 6 Free Range Chestnut Maran Eggs', '£ 1.90', '£0.32/each'), ('tesco', 'https://www.tesco.com/groceries/en-GB/products/276772509', 'Tesco Finest Parmigiano Reggiano Parmesan 170G', '£ 3.00', '£17.65/kg'), ('tesco', 'https://www.tesco.com/groceries/en-GB/products/307745609', 'Tesco Free From White Chocolate Egg & Strawberry 90G', '£ 2.50', '£2.78/100g'), ('tesco', 'https://www.tesco.com/groceries/en-GB/products/274622236', 'Tesco Free Range Egg Mayonnaise Sandwich', '£ 2.00', '£2.00/each'), ('tesco', 'https://www.tesco.com/groceries/en-GB/products/257471105', 'Tesco Fresh Egg Custard Tarts 2 Pack', '£ 0.80', '£0.40/each'), ('tesco', 'https://www.tesco.com/groceries/en-GB/products/255081368', 'Tesco Grated Parmigiano Reggiano 100G', '£ 2.20', '£22.00/kg'), ('tesco', 'https://www.tesco.com/groceries/en-GB/products/304405499', 'Tesco Green Veggies 100G', '£ 0.65', '£0.65/100g'), ('tesco', 'https://www.tesco.com/groceries/en-GB/products/260298456', 'Tesco Large Free Range Eggs 12 Pack', '£ 2.05', '£0.17/each'), ('tesco', 'https://www.tesco.com/groceries/en-GB/products/250802567', 'Tesco Large Free Range Eggs 6 Pack', '£ 1.10', '£0.18/each'), ('tesco', 'https://www.tesco.com/groceries/en-GB/products/272640603', 'Tesco Medium Egg Noodles 250G', '£ 1.00', '£4.00/kg'), ('tesco', 'https://www.tesco.com/groceries/en-GB/products/260298462', 'Tesco Medium Free Range Eggs 12 Pack', '£ 1.69', '£0.14/each'), ('tesco', 'https://www.tesco.com/groceries/en-GB/products/250802613', 'Tesco Medium Free Range Eggs 6 Pack', '£ 0.89', '£0.15/each'), ('tesco', 'https://www.tesco.com/groceries/en-GB/products/305439003', 'Tesco Mega Egg Hunt 725G', '£ 6.00', '£0.83/100g'), ('tesco', 'https://www.tesco.com/groceries/en-GB/products/278636398', 'Tesco Micro Rice Egg Fried Rice 4 X 150G', '£ 1.75', '£2.92/kg'), ('tesco', 'https://www.tesco.com/groceries/en-GB/products/307347863', 'Tesco Milk & White Egg Hunt 475G', '£ 5.00', '£1.06/100g'), ('tesco', 'https://www.tesco.com/groceries/en-GB/products/265422924', 'Tesco Mixed Sized Free Range Eggs 15 Pack', '£ 2.00', '£0.13/each'), ('tesco', 'https://www.tesco.com/groceries/en-GB/products/268263786', 'Tesco Mixed Sized Organic Eggs 6 Pack', '£ 1.80', '£0.30/each'), ('tesco', 'https://www.tesco.com/groceries/en-GB/products/305951951', 'Tesco Organic 12 Mixed Sizes Free Range Eggs', '£ 3.50', '£0.29/each'), ('tesco', 'https://www.tesco.com/groceries/en-GB/products/276889389', 'Tesco Parmigiano Reggiano 100G', '£ 2.00', '£20.00/kg'), ('tesco', 'https://www.tesco.com/groceries/en-GB/products/304410770', 'Tesco Parmigiano Reggiano 150G', '£ 2.75', '£1.84/100g'), ('tesco', 'https://www.tesco.com/groceries/en-GB/products/260663698', 'Tesco Parmigiano Reggiano 200G', '£ 3.00', '£15.00/kg'), ('tesco', 'https://www.tesco.com/groceries/en-GB/products/304394125', 'Tesco Pork & Egg Gala Slice 125G', '£ 1.00', '£0.80/100g'), ('tesco', 'https://www.tesco.com/groceries/en-GB/products/260422235', 'Tesco Sausage Bacon & & Egg Triple', '£ 2.75', '£2.75/each'), ('tesco', 'https://www.tesco.com/groceries/en-GB/products/299965650', 'Tesco Scotch Egg 113G', '£ 1.00', '£0.88/100g'), ('tesco', 'https://www.tesco.com/groceries/en-GB/products/303617003', 'Tesco Scotch Egg Quiche 180G', '£ 1.50', '£0.83/100g'), ('tesco', 'https://www.tesco.com/groceries/en-GB/products/303676905', 'Tesco Silicone Egg Poacher 2 Pack', '£ 2.50', '£1.25/each'), ('tesco', 'https://www.tesco.com/groceries/en-GB/products/299582618', 'Tesco Sweet & Sour Chicken Egg Fried Rice 400G', '£ 1.60', '£4.00/kg'), ('tesco', 'https://www.tesco.com/groceries/en-GB/products/299651543', 'Tesco Sweet & Sour Chicken With Egg Fried Rice 380G', '£ 2.50', '£6.58/kg'), ('tesco', 'https://www.tesco.com/groceries/en-GB/products/307340945', 'Tescomilk Chocolate Eggs 75G', '£ 0.75', '£1.00/100g'), ('sains', 'https://www.sainsburys.co.uk/shop/gb/groceries/product/details/fresh-eggs/the-good-egg-free-range-eggs-with-omega-3-x6', 'The Good Egg Free Range Eggs With Omega 3 x6', '£1.95', '33p / ea'), ('tesco', 'https://www.tesco.com/groceries/en-GB/products/307141334', 'The Grange Free Range Eggs 15 Mixed Weight', '£ 2.00', '£0.13/each'), ('tesco', 'https://www.tesco.com/groceries/en-GB/products/307708137', 'The Hairy Bikers Veggie Feasts Hairy Bikers', '£ 12.50', '£12.50/each'), ('asda', 'https://groceries.asda.com/product/910003061500', 'The Happy Egg Co 10 Large Free Range Eggs', '£2.75', 'No weight data'), ('asda', 'https://groceries.asda.com/product/910000045549', 'The Happy Egg Co 6 Large Free Range Eggs', '£1.65', 'No weight data'), ('asda', 'https://groceries.asda.com/product/1000034443404', 'The Happy Egg Co Free Range Liquid Egg Whites', '£2.00', 'No weight data'), ('tesco', 'https://www.tesco.com/groceries/en-GB/products/305520822', 'The Happy Egg Co Liquid Egg Whites 500G', '£ 2.50', '£0.50/100g'), ('sains', 'https://www.sainsburys.co.uk/shop/gb/groceries/product/details/fresh-eggs/happy-egg-mixed-weight-x10', 'The Happy Egg Co. Free Range Mixed Sizes x10 497g', '£2.00', '20p / ea'), ('tesco', 'https://www.tesco.com/groceries/en-GB/products/306503761', 'The Jolly Hogg Great British Scotch Egg 120G', '£ 1.85', '£1.55/100g'), ('sains', 'https://www.sainsburys.co.uk/shop/gb/groceries/product/details/fresh-eggs/the-lakes-free-range-eggs-large-x6', 'The Lakes Laid with Love Free Range Eggs Large x6', '£1.20', '20p / ea'), ('sains', 'https://www.sainsburys.co.uk/shop/gb/groceries/product/details/fresh-eggs/the-lakes-fr-medium-eggs-x6', 'The Lakes Laid with Love Free Range Eggs Medium x6', '£1.05', '18p / ea'), ('tesco', 'https://www.tesco.com/groceries/en-GB/products/304383259', 'Thorntons Classic Collection Egg 207G', '£ 4.00', '£1.94/100g'), ('tesco', 'https://www.tesco.com/groceries/en-GB/products/307345617', 'Thorntons Classic Easter Egg 262G', '£ 8.00', '£3.06/100g'), ('tesco', 'https://www.tesco.com/groceries/en-GB/products/307356748', 'Thorntons Continental Dark Chocolate Easter Egg 257G', '£ 8.00', '£3.12/100g'), ('tesco', 'https://www.tesco.com/groceries/en-GB/products/307363630', 'Thorntons Continental Milk Chocolate Easter Egg 257G', '£ 8.00', '£3.12/100g'), ('tesco', 'https://www.tesco.com/groceries/en-GB/products/304788973', 'Thorntons Milk Chocolate Dinosaur Egg 151G', '£ 2.50', '£1.66/100g'), ('sains', 'https://www.sainsburys.co.uk/shop/gb/groceries/product/details/all-easter-/thorntons-milk-chocolate-unicorn-easter-egg-151g', 'Thorntons Milk Chocolate Unicorn Easter Egg 151g', '£3.50', '£2.35 / 100g'), ('tesco', 'https://www.tesco.com/groceries/en-GB/products/304414558', 'Thorntons Milk Chocolate Unicorn Egg 151G', '£ 2.50', '£1.66/100g'), ('asda', 'https://groceries.asda.com/product/56724311', 'Tilda Egg Fried Basmati Rice', '£1.00', '(£4.00/kg)'), ('sains', 'https://www.sainsburys.co.uk/shop/gb/groceries/product/details/easter-special-offers/tonys-chocolonely-easter-eggs-155g', "Tony's Chocolonely Fairtrade Great Big Chocolate Eggs 155g", '£3.75', '£2.50 / 100g'), ('sains', 'https://www.sainsburys.co.uk/shop/gb/groceries/product/details/all-easter-eggs-and-chocolate-/tonys-chocolonely-easter-eggs-155g', "Tony's Chocolonely Fairtrade Great Big Chocolate Eggs 155g", '£3.75', '£2.50 / 100g'), ('tesco', 'https://www.tesco.com/groceries/en-GB/products/305508187', 'Treasure X Egg', '£ 5.00', '£5.00/each'), ('tesco', 'https://www.tesco.com/groceries/en-GB/products/307342586', 'Twix Large Easter Egg 274G', '£ 3.00', '£1.10/100g'), ('tesco', 'https://www.tesco.com/groceries/en-GB/products/308113689', 'Twix White Chocolate Easter Egg 316G', '£ 5.00', '£1.59/100g'), ('tesco', 'https://www.tesco.com/groceries/en-GB/products/266552250', 'Two Chicks Free Range Liquid Egg White 500Ml', '£ 2.50', '£5.00/litre'), ('asda', 'https://groceries.asda.com/product/38293', "Uncle Ben's Egg Fried Microwave Rice", '£0.99', '(£3.96/kg)'), ('coop', 'https://www.coop.co.uk/products/uncle-bens-special-egg-fried-rice-250g', "Uncle Ben's Special Egg Fried Rice 250g", '£1.80', '250g (£7.20 per kg)'), ('tesco', 'https://www.tesco.com/groceries/en-GB/products/252222737', 'Uncle Bens Special Egg Fried Rice 250G', '£ 0.99', '£3.96/kg'), ('tesco', 'https://www.tesco.com/groceries/en-GB/products/268739390', 'Vatika Egg Protein Hair Masque 500G', '£ 6.00', '£1.20/100g'), ('tesco', 'https://www.tesco.com/groceries/en-GB/products/268745451', 'Vatika Egg Protein Shampoo200ml', '£ 3.00', '£1.50/100ml'), ('aldi', 'https://www.aldi.co.uk/veggie-puffs-pickled-onion-flavour/p/019057321507000', 'Veggie Puffs Pickled Onion Flavour', '0.55', '£2.62 per 100g'), ('sains', 'https://www.sainsburys.co.uk/shop/gb/groceries/product/details/vegetarian-food/vivera-plant-veggie-burgers-200g', 'Vivera Plant Veggie Burgers 200g', '£2.50', '£12.50 / kg'), ('sains', 'https://www.sainsburys.co.uk/shop/gb/groceries/product/details/meat-free-/vivera-plant-veggie-burgers-200g', 'Vivera Plant Veggie Burgers 200g', '£2.50', '£12.50 / kg'), ('tesco', 'https://www.tesco.com/groceries/en-GB/products/304403024', 'Vivera Veggie Bacon Pieces 175G', '£ 3.00', '£17.15/kg'), ('sains', 'https://www.sainsburys.co.uk/shop/gb/groceries/product/details/all-vegan-products/vivera-veggie-fish-fillet-170g', 'Vivera Veggie Fish Fillet 170g', '£3.00', '£17.65 / kg'), ('tesco', 'https://www.tesco.com/groceries/en-GB/products/303543032', 'Vivera Veggie Greek Kebab 175G', '£ 2.50', '£14.29/kg'), ('tesco', 'https://www.tesco.com/groceries/en-GB/products/303543019', 'Vivera Veggie Mince 220G', '£ 2.50', '£11.37/kg'), ('tesco', 'https://www.tesco.com/groceries/en-GB/products/303646705', 'Vivera Veggie Steak 200G', '£ 3.00', '£15.00/kg'), ('asda', 'https://groceries.asda.com/product/1000213879479', "Wall's Lean & Mean Chicken Scotch Egg", '£0.75', '(66.4p/100g)'), ('sains', 'https://www.sainsburys.co.uk/shop/gb/groceries/product/details/fresh-eggs/wood-farm-free-range-medium-eggs-x6', 'Wood Farm Free Range Medium Eggs x6', '£1.75', '29p / ea'), ('sains', 'https://www.sainsburys.co.uk/shop/gb/groceries/product/details/easter-giant/yorkie-milk-chocolate-collection-giant-easter-egg-336g', 'Yorkie Milk Chocolate Collection Giant Easter Egg 336g', '£5.00', '£1.49 / 100g'), ('sains', 'https://www.sainsburys.co.uk/shop/gb/groceries/product/details/fresh-eggs/yorkshire-large-free-range-eggs-x12', 'Yorkshire Free Range Large Eggs x12', '£3.15', '26p / ea'), ('sains', 'https://www.sainsburys.co.uk/shop/gb/groceries/product/details/fresh-eggs/yorkshire-large-free-range-eggs-x6', 'Yorkshire Free Range Large Eggs x6', '£1.95', '33p / ea'), ('sains', 'https://www.sainsburys.co.uk/shop/gb/groceries/product/details/fresh-eggs/yorkshire-medium-free-range-eggs-x-6', 'Yorkshire Free Range Medium Eggs x6', '£1.90', '32p / ea'), ('sains', 'https://www.sainsburys.co.uk/shop/gb/groceries/product/details/boxedchocolates/youre-a-good-egg-message-bottle-350g', "You're a Good Egg Mini Fried Egg Gummies 350g", '£4.00', '£1.14 / 100g'), ('sains', 'https://www.sainsburys.co.uk/shop/gb/groceries/product/details/easter-special-offers/youre-a-good-egg-message-bottle-350g', "You're a Good Egg Mini Fried Egg Gummies 350g", '£4.00', '£1.14 / 100g'), ('asda', 'https://groceries.asda.com/product/1000219339204', 'Zuru Rainbocorns Itzy Glitzy Surpise Collectible Eggs (3+ Years)', '£9.97', '(£9.97/each)')]


json_data[{'shop': 'aldi', 'url': 'https://www.aldi.co.uk/12-medium-british-free-range-eggs/p/700084331092600', 'product_name': '12 Medium British Free Range Eggs', 'product_price': '1.29', 'product_additionals': '10.75p each'}, {'shop': 'aldi', 'url': 'https://www.aldi.co.uk/6-golden-yolk-eggs/p/014731280421800', 'product_name': '6 Golden Yolk Eggs', 'product_price': '1.49', 'product_additionals': '24.8p each'}, {'shop': 'aldi', 'url': 'https://www.aldi.co.uk/6-large-british-free-range-eggs/p/044407226809700', 'product_name': '6 Large British Free Range Eggs', 'product_price': '0.85', 'product_additionals': '14.16p'}, {'shop': 'aldi', 'url': 'https://www.aldi.co.uk/6-mixed-weight-organic-eggs/p/065396257641500', 'product_name': '6 Mixed Weight Organic Eggs', 'product_price': '1.49', 'product_additionals': '24.8p each'}, {'shop': 'tesco', 'url': 'https://www.tesco.com/groceries/en-GB/products/305548254', 'product_name': 'Aero Bubble Peppermint Chocolate Giant Egg 270G', 'product_price': '£ 5.00', 'product_additionals': '£1.86/100g'}, {'shop': 'tesco', 'url': 'https://www.tesco.com/groceries/en-GB/products/307747879', 'product_name': 'Aero Bubbles Milk Chocolate Easter Egg 121G', 'product_price': '£ 1.00', 'product_additionals': '£0.83/100g'}, {'shop': 'sains', 'url': 'https://www.sainsburys.co.uk/shop/gb/groceries/product/details/easter-special-offers/aero-bubbles-milk-chocolate-medium-easter-egg-121g', 'product_name': 'Aero Bubbles Milk Chocolate Medium Easter Egg 121g', 'product_price': '£1.25', 'product_additionals': '£1.03 / 100g'}, {'shop': 'tesco', 'url': 'https://www.tesco.com/groceries/en-GB/products/305547825', 'product_name': 'Aero Milk Chocolate Mini Eggs Bag 70G', 'product_price': '£ 1.00', 'product_additionals': '£1.43/100g'}, {'shop': 'sains', 'url': 'https://www.sainsburys.co.uk/shop/gb/groceries/product/details/easter-special-offers/aero-milk-chocolate-mini-eggs-pouch-70g', 'product_name': 'Aero Milk Chocolate Mini Eggs Pouch 70g', 'product_price': '£1.00', 'product_additionals': '£1.43 / 100g'}, {'shop': 'sains', 'url': 'https://www.sainsburys.co.uk/shop/gb/groceries/product/details/all-easter-/aero-milk-chocolate-mini-eggs-pouch-70g', 'product_name': 'Aero Milk Chocolate Mini Eggs Pouch 70g', 'product_price': '£1.00', 'product_additionals': '£1.43 / 100g'}, {'shop': 'tesco', 'url': 'https://www.tesco.com/groceries/en-GB/products/305548346', 'product_name': 'Aero Peppemint Milk Chocolate Mini Eggs 70G', 'product_price': '£ 1.00', 'product_additionals': '£1.43/100g'}, {'shop': 'tesco', 'url': 'https://www.tesco.com/groceries/en-GB/products/305554004', 'product_name': 'Aero Peppermint Milk Chocolate Large Easter Egg 252G', 'product_price': '£ 3.00', 'product_additionals': '£1.20/100g'}, {'shop': 'sains', 'url': 'https://www.sainsburys.co.uk/shop/gb/groceries/product/details/easter-giant/aero-peppermint-mini-eggs-giant-egg-270g', 'product_name': 'Aero Peppermint Mini Eggs Giant Egg 270g', 'product_price': '£5.00', 'product_additionals': '£1.85 / 100g'}, {'shop': 'sains', 'url': 'https://www.sainsburys.co.uk/shop/gb/groceries/product/details/easter-special-offers/aero-peppermint-mini-eggs-giant-egg-270g', 'product_name': 'Aero Peppermint Mini Eggs Giant Egg 270g', 'product_price': '£5.00', 'product_additionals': '£1.85 / 100g'}, {'shop': 'sains', 'url': 'https://www.sainsburys.co.uk/shop/gb/groceries/product/details/easter-giant/after-eight-dark-mint-chocolate-premium-easter-egg-400g', 'product_name': 'After Eight Dark Mint Chocolate Premium Easter Egg 400g', 'product_price': '£8.00', 'product_additionals': '£2.00 / 100g'}, {'shop': 'tesco', 'url': 'https://www.tesco.com/groceries/en-GB/products/307961014', 'product_name': 'After Eight Mint Dark Chocolate Easter Egg 400G', 'product_price': '£ 8.00', 'product_additionals': '£2.00/100g'}, {'shop': 'asda', 'url': 'https://groceries.asda.com/product/1000227127218', 'product_name': 'Alien Invasion Alien Birth Egg (3+ Years)', 'product_price': '£1.00', 'product_additionals': '(£1.00/each)'}, {'shop': 'asda', 'url': 'https://groceries.asda.com/product/910002689160', 'product_name': "Amy's Kitchen Gluten Free 4 Manhattan Veggie Burgers", 'product_price': '£3.69', 'product_additionals': 'No weight data'}, {'shop': 'sains', 'url': 'https://www.sainsburys.co.uk/shop/gb/groceries/product/details/new-trending-special-offers/amys-kitchen-gluten-free-chinese-noodles-veggies-in-a-cashew-cream-sauce-270g', 'product_name': "Amy's Kitchen Gluten Free Chinese Noodles & Veggies in a Cashew Cream Sauce 270g", 'product_price': '£3.50', 'product_additionals': '£1.30 / 100g'}, {'shop': 'sains', 'url': 'https://www.sainsburys.co.uk/shop/gb/groceries/product/details/gluten-free-frozen-foods/amys-kitchen-gluten-free-chinese-noodles-veggies-in-a-cashew-cream-sauce-270g', 'product_name': "Amy's Kitchen Gluten Free Chinese Noodles & Veggies in a Cashew Cream Sauce 270g", 'product_price': '£3.50', 'product_additionals': '£1.30 / 100g'}, {'shop': 'sains', 'url': 'https://www.sainsburys.co.uk/shop/gb/groceries/product/details/frozen-milk-free/amys-kitchen-gluten-free-chinese-noodles-veggies-in-a-cashew-cream-sauce-270g', 'product_name': "Amy's Kitchen Gluten Free Chinese Noodles & Veggies in a Cashew Cream Sauce 270g", 'product_price': '£3.50', 'product_additionals': '£1.30 / 100g'}, {'shop': 'asda', 'url': 'https://groceries.asda.com/product/37519', 'product_name': 'ASDA 12 Large Free Range Eggs', 'product_price': '£1.79', 'product_additionals': 'No weight data'}, {'shop': 'asda', 'url': 'https://groceries.asda.com/product/1049683', 'product_name': 'ASDA 12 Medium Free Range Eggs', 'product_price': '£1.35', 'product_additionals': 'No weight data'}, {'shop': 'asda', 'url': 'https://groceries.asda.com/product/910001068170', 'product_name': 'ASDA 12 Mini Pork Savoury Eggs', 'product_price': '£1.19', 'product_additionals': 'No weight data'}, {'shop': 'asda', 'url': 'https://groceries.asda.com/product/910003011021', 'product_name': 'ASDA 14 Pork & Egg Slices', 'product_price': '£1.40', 'product_additionals': '(66.7p/100g)'}, {'shop': 'asda', 'url': 'https://groceries.asda.com/product/1000213879392', 'product_name': 'ASDA 16 Savoury Pork Mini Eggs', 'product_price': '£2.00', 'product_additionals': 'No weight data'}, {'shop': 'asda', 'url': 'https://groceries.asda.com/product/910000425110', 'product_name': 'ASDA 2 Cumberland Scotch Eggs', 'product_price': '£1.25', 'product_additionals': '(55.3p/100g)'}, {'shop': 'asda', 'url': 'https://groceries.asda.com/product/28050486', 'product_name': 'ASDA 2 Gala Pork & Egg Slices', 'product_price': '£1.90', 'product_additionals': '(76.0p/100g)'}, {'shop': 'asda', 'url': 'https://groceries.asda.com/product/910001812989', 'product_name': 'ASDA 2 Ploughmans Scotch Eggs', 'product_price': '£1.25', 'product_additionals': '(55.3p/100g)'}, {'shop': 'asda', 'url': 'https://groceries.asda.com/product/910000425131', 'product_name': 'ASDA 2 Pork Scotch Eggs', 'product_price': '£1.00', 'product_additionals': '(44.2p/100g)'}, {'shop': 'asda', 'url': 'https://groceries.asda.com/product/910000425172', 'product_name': 'ASDA 4 Pork Scotch Eggs', 'product_price': '£1.84', 'product_additionals': '(40.7p/100g)'}, {'shop': 'asda', 'url': 'https://groceries.asda.com/product/1000083677380', 'product_name': 'ASDA 4 Steam Bags Egg Fried Rice with Peas', 'product_price': '£2.35', 'product_additionals': 'No weight data'}, {'shop': 'asda', 'url': 'https://groceries.asda.com/product/20510', 'product_name': 'ASDA 6 Large Free Range Eggs', 'product_price': '£0.99', 'product_additionals': 'No weight data'}, {'shop': 'asda', 'url': 'https://groceries.asda.com/product/20511', 'product_name': 'ASDA 6 Medium Free Range Eggs', 'product_price': '£0.79', 'product_additionals': 'No weight data'}, {'shop': 'asda', 'url': 'https://groceries.asda.com/product/404198', 'product_name': "ASDA Chef's Value 30 Medium Eggs", 'product_price': '£4.00', 'product_additionals': '(13.3p/each)'}, {'shop': 'asda', 'url': 'https://groceries.asda.com/product/1000182764159', 'product_name': 'ASDA Chicken Curry with Egg Fried Rice', 'product_price': '£2.00', 'product_additionals': 'No weight data'}, {'shop': 'asda', 'url': 'https://groceries.asda.com/product/910002366220', 'product_name': 'ASDA Chinese Sweet & Sour Chicken with Egg Fried Rice', 'product_price': '£1.50', 'product_additionals': 'No weight data'}, {'shop': 'asda', 'url': 'https://groceries.asda.com/product/1000001430967', 'product_name': 'ASDA Egg & Bacon Mayonnaise', 'product_price': '£1.40', 'product_additionals': '(56.0p/100g)'}, {'shop': 'asda', 'url': 'https://groceries.asda.com/product/1000001546253', 'product_name': 'ASDA Egg & Cress Sandwich', 'product_price': '£1.10', 'product_additionals': '(£1.10/each)'}, {'shop': 'asda', 'url': 'https://groceries.asda.com/product/910003033511', 'product_name': 'ASDA Egg Custard Tarts', 'product_price': '£0.95', 'product_additionals': '(23.8p/each)'}, {'shop': 'asda', 'url': 'https://groceries.asda.com/product/910003033909', 'product_name': 'ASDA Egg Custards', 'product_price': '£0.80', 'product_additionals': '(40.0p/each)'}, {'shop': 'asda', 'url': 'https://groceries.asda.com/product/910002524751', 'product_name': 'ASDA Egg Fried Micro Rice', 'product_price': '£0.49', 'product_additionals': '(£1.96/kg)'}, {'shop': 'asda', 'url': 'https://groceries.asda.com/product/910002615952', 'product_name': 'ASDA Egg Fried Rice', 'product_price': '£1.20', 'product_additionals': 'No weight data'}, {'shop': 'asda', 'url': 'https://groceries.asda.com/product/910002250162', 'product_name': 'ASDA Egg Mayonnaise', 'product_price': '£1.75', 'product_additionals': '(42.7p/100g)'}, {'shop': 'asda', 'url': 'https://groceries.asda.com/product/1000001431002', 'product_name': 'ASDA Egg Mayonnaise', 'product_price': '£1.40', 'product_additionals': '(56.0p/100g)'}, {'shop': 'asda', 'url': 'https://groceries.asda.com/product/910002208697', 'product_name': 'ASDA Egg Noodles', 'product_price': '£0.75', 'product_additionals': '(30.0p/100g)'}, {'shop': 'asda', 'url': 'https://groceries.asda.com/product/910002615793', 'product_name': 'ASDA Egg Noodles', 'product_price': '£1.00', 'product_additionals': 'No weight data'}, {'shop': 'asda', 'url': 'https://groceries.asda.com/product/910002725763', 'product_name': 'ASDA Extra Special Golden Yolk 6 Mixed Weight Free Range Eggs', 'product_price': '£1.80', 'product_additionals': 'No weight data'}, {'shop': 'asda', 'url': 'https://groceries.asda.com/product/910001801491', 'product_name': 'ASDA Extra Special Parmigiano Reggiano', 'product_price': '£2.30', 'product_additionals': 'No weight data'}, {'shop': 'asda', 'url': 'https://groceries.asda.com/product/910002725740', 'product_name': 'ASDA Extra Special Taleggio D.O.P', 'product_price': '£2.20', 'product_additionals': 'No weight data'}, {'shop': 'asda', 'url': 'https://groceries.asda.com/product/48537460', 'product_name': 'ASDA Fresh Egg Fusilli', 'product_price': '£1.35', 'product_additionals': 'No weight data'}, {'shop': 'asda', 'url': 'https://groceries.asda.com/product/48537458', 'product_name': 'ASDA Fresh Egg Penne', 'product_price': '£1.35', 'product_additionals': 'No weight data'}, {'shop': 'asda', 'url': 'https://groceries.asda.com/product/48537459', 'product_name': 'ASDA Fresh Egg Tagliatelle', 'product_price': '£1.35', 'product_additionals': 'No weight data'}, {'shop': 'asda', 'url': 'https://groceries.asda.com/product/1000236571315', 'product_name': 'ASDA Gala Pie Pork & Egg', 'product_price': '£2.05', 'product_additionals': '(69.5p/100g)'}, {'shop': 'asda', 'url': 'https://groceries.asda.com/product/910001895201', 'product_name': 'ASDA Good & Balanced Baby Potato & Free Range Egg Salad', 'product_price': '£1.75', 'product_additionals': '(64.8p/100g)'}, {'shop': 'asda', 'url': 'https://groceries.asda.com/product/1000085878524', 'product_name': 'ASDA Good & Balanced Ham & Free Range Egg Salad', 'product_price': '£1.75', 'product_additionals': '(70.0p/100g)'}, {'shop': 'asda', 'url': 'https://groceries.asda.com/product/1000219746243', 'product_name': 'ASDA Italian Fresh Egg Lasagne Sheets', 'product_price': '£1.35', 'product_additionals': '(£4.50/kg)'}, {'shop': 'asda', 'url': 'https://groceries.asda.com/product/1000246055190', 'product_name': 'ASDA Large Woodfired Very Veggie Supreme', 'product_price': '£4.50', 'product_additionals': 'No weight data'}, {'shop': 'asda', 'url': 'https://groceries.asda.com/product/1000246055198', 'product_name': 'ASDA Medium Woodfired Very Veggie Supreme', 'product_price': '£3.50', 'product_additionals': 'No weight data'}, {'shop': 'asda', 'url': 'https://groceries.asda.com/product/910000053377', 'product_name': 'ASDA Organic 6 Mixed Weight Eggs', 'product_price': '£1.80', 'product_additionals': 'No weight data'}, {'shop': 'asda', 'url': 'https://groceries.asda.com/product/1000066228140', 'product_name': 'ASDA Plant Based Veggie Gnocchi', 'product_price': '£2.50', 'product_additionals': 'No weight data'}, {'shop': 'asda', 'url': 'https://groceries.asda.com/product/1000229562763', 'product_name': 'ASDA Plant Based Veggie Rice', 'product_price': '£1.40', 'product_additionals': 'No weight data'}, {'shop': 'asda', 'url': 'https://groceries.asda.com/product/22006', 'product_name': 'ASDA Smart Price 15 Eggs', 'product_price': '£1.18', 'product_additionals': '(7.9p/each)'}, {'shop': 'asda', 'url': 'https://groceries.asda.com/product/1000182764200', 'product_name': 'ASDA Sweet & Sour Chicken with Egg Fried Rice', 'product_price': '£2.10', 'product_additionals': 'No weight data'}, {'shop': 'asda', 'url': 'https://groceries.asda.com/product/1000136816474', 'product_name': 'Baxters Baxters Veggie Goodness Sweet Potato & Chipotle Soup', 'product_price': '£1.15', 'product_additionals': '(28.7p/100g)'}, {'shop': 'tesco', 'url': 'https://www.tesco.com/groceries/en-GB/products/306934262', 'product_name': 'Big & Free Large White Free Range Eggs 10 Pack', 'product_price': '£ 2.00', 'product_additionals': '£0.20/each'}, {'shop': 'asda', 'url': 'https://groceries.asda.com/product/910001228389', 'product_name': 'Big & Fresh 10 Eggs', 'product_price': '£1.74', 'product_additionals': '(17.4p/each)'}, {'shop': 'tesco', 'url': 'https://www.tesco.com/groceries/en-GB/products/305950860', 'product_name': 'Big & Fresh Jumbo 6 Eggs', 'product_price': '£ 1.45', 'product_additionals': '£0.24/each'}, {'shop': 'tesco', 'url': 'https://www.tesco.com/groceries/en-GB/products/251744530', 'product_name': 'Big & Fresh Mixed Sized Eggs 10 Pack', 'product_price': '£ 1.75', 'product_additionals': '£0.18/each'}, {'shop': 'tesco', 'url': 'https://www.tesco.com/groceries/en-GB/products/253270171', 'product_name': 'Big & Fresh Mixed Sized Eggs 6 Pack', 'product_price': '£ 1.15', 'product_additionals': '£0.19/each'}, {'shop': 'sains', 'url': 'https://www.sainsburys.co.uk/shop/gb/groceries/product/details/easter-special-offers/sainsburys-billionaire-egg-210g', 'product_name': 'Billionaires Milk Chocolate Egg 210g', 'product_price': '£4.00', 'product_additionals': '£1.90 / 100g'}, {'shop': 'sains', 'url': 'https://www.sainsburys.co.uk/shop/gb/groceries/product/details/all-easter-eggs-and-chocolate-/sainsburys-billionaire-egg-210g', 'product_name': 'Billionaires Milk Chocolate Egg 210g', 'product_price': '£4.00', 'product_additionals': '£1.90 / 100g'}, {'shop': 'asda', 'url': 'https://groceries.asda.com/product/1000129843725', 'product_name': 'Birds Eye 10 Green Cuisine Veggie Fingers', 'product_price': '£0.75', 'product_additionals': 'No weight data'}, {'shop': 'tesco', 'url': 'https://www.tesco.com/groceries/en-GB/products/307345829', 'product_name': 'Birds Eye Green Cuisine 2 Veggie Burgers 250G', 'product_price': '£ 1.50', 'product_additionals': '£6.00/kg'}, {'shop': 'asda', 'url': 'https://groceries.asda.com/product/1000000986503', 'product_name': 'Blue Dragon Fine Egg Noodles', 'product_price': '£1.00', 'product_additionals': '(£3.33/kg)'}, {'shop': 'tesco', 'url': 'https://www.tesco.com/groceries/en-GB/products/272854241', 'product_name': 'Blue Dragon Fine Egg Noodles 300G', 'product_price': '£ 1.00', 'product_additionals': '£3.34/kg'}, {'shop': 'asda', 'url': 'https://groceries.asda.com/product/910000782454', 'product_name': 'Blue Dragon Medium Egg Noodles', 'product_price': '£1.00', 'product_additionals': '(£3.33/kg)'}, {'shop': 'tesco', 'url': 'https://www.tesco.com/groceries/en-GB/products/272854385', 'product_name': 'Blue Dragon Medium Egg Noodles 300G', 'product_price': '£ 1.00', 'product_additionals': '£3.34/kg'}, {'shop': 'asda', 'url': 'https://groceries.asda.com/product/1000218525335', 'product_name': 'BOSH! Smoky BBQ Roast Veggie Spice Rub', 'product_price': '£2.49', 'product_additionals': '(£3.83/100g)'}, {'shop': 'asda', 'url': 'https://groceries.asda.com/product/1000218525332', 'product_name': 'BOSH! Smoky Paprika Roast Veggie Spice Rub', 'product_price': '£2.49', 'product_additionals': '(£3.83/100g)'}, {'shop': 'tesco', 'url': 'https://www.tesco.com/groceries/en-GB/products/304389823', 'product_name': 'Bounty Milk Chocolate Egg With 3 Fun Size Bars 263G', 'product_price': '£ 3.00', 'product_additionals': '£1.15/100g'}, {'shop': 'sains', 'url': 'https://www.sainsburys.co.uk/shop/gb/groceries/product/details/fresh-eggs/brakes-british-free-range-medium-eggs-x18', 'product_name': 'Brakes British Free Range Medium Eggs x18', 'product_price': '£2.50', 'product_additionals': '14p / ea'}, {'shop': 'tesco', 'url': 'https://www.tesco.com/groceries/en-GB/products/307750206', 'product_name': 'Buttermilk Dairy Free Salted Caramel Crunch Easter Egg 165G', 'product_price': '£ 6.00', 'product_additionals': '£3.64/100g'}, {'shop': 'tesco', 'url': 'https://www.tesco.com/groceries/en-GB/products/307736282', 'product_name': 'Buttermilk Dairy Free Zingy Orange Egg Chocolate Bar 165G', 'product_price': '£ 6.00', 'product_additionals': '£3.64/100g'}, {'shop': 'sains', 'url': 'https://www.sainsburys.co.uk/shop/gb/groceries/product/details/new-355373-44/buttermilk-salted-caramel-crunch-chocolate-egg-soldier-165g', 'product_name': 'Buttermilk Salted Caramel Crunch Choccy Egg 165g', 'product_price': '£6.00', 'product_additionals': '£2.68 / 100g'}, {'shop': 'sains', 'url': 'https://www.sainsburys.co.uk/shop/gb/groceries/product/details/easter-special-offers/buttermilk-salted-caramel-crunch-chocolate-egg-soldier-165g', 'product_name': 'Buttermilk Salted Caramel Crunch Choccy Egg 165g', 'product_price': '£6.00', 'product_additionals': '£2.68 / 100g'}, {'shop': 'sains', 'url': 'https://www.sainsburys.co.uk/shop/gb/groceries/product/details/all-easter-/buttermilk-salted-caramel-crunch-chocolate-egg-soldier-165g', 'product_name': 'Buttermilk Salted Caramel Crunch Choccy Egg 165g', 'product_price': '£6.00', 'product_additionals': '£2.68 / 100g'}, {'shop': 'sains', 'url': 'https://www.sainsburys.co.uk/shop/gb/groceries/product/details/small-and-medium/buttermilk-zingy-orange-crisp-chocolate-egg-soldier-165g', 'product_name': 'Buttermilk Zingy Orange Crisp Choccy Egg 165g', 'product_price': '£6.00', 'product_additionals': '£2.68 / 100g'}, {'shop': 'sains', 'url': 'https://www.sainsburys.co.uk/shop/gb/groceries/product/details/new-355373-44/buttermilk-zingy-orange-crisp-chocolate-egg-soldier-165g', 'product_name': 'Buttermilk Zingy Orange Crisp Choccy Egg 165g', 'product_price': '£6.00', 'product_additionals': '£2.68 / 100g'}, {'shop': 'sains', 'url': 'https://www.sainsburys.co.uk/shop/gb/groceries/product/details/easter-special-offers/buttermilk-zingy-orange-crisp-chocolate-egg-soldier-165g', 'product_name': 'Buttermilk Zingy Orange Crisp Choccy Egg 165g', 'product_price': '£6.00', 'product_additionals': '£2.68 / 100g'}, {'shop': 'sains', 'url': 'https://www.sainsburys.co.uk/shop/gb/groceries/product/details/all-easter-/buttermilk-zingy-orange-crisp-chocolate-egg-soldier-165g', 'product_name': 'Buttermilk Zingy Orange Crisp Choccy Egg 165g', 'product_price': '£6.00', 'product_additionals': '£2.68 / 100g'}, {'shop': 'tesco', 'url': 'https://www.tesco.com/groceries/en-GB/products/299773970', 'product_name': 'Cadbury 4 Mini Egg Nest Cakes', 'product_price': '£ 2.00', 'product_additionals': '£0.50/each'}, {'shop': 'tesco', 'url': 'https://www.tesco.com/groceries/en-GB/products/257169389', 'product_name': 'Cadbury 6 Mini Eggs Easter Cakes', 'product_price': '£ 2.00', 'product_additionals': '£0.33/each'}, {'shop': 'sains', 'url': 'https://www.sainsburys.co.uk/shop/gb/groceries/product/details/new-355373-44/cadbury-bournville-dark-orange-chocolate-bar-with-large-easter-egg-255g', 'product_name': 'Cadbury Bournville Dark Orange Chocolate Bar with Large Easter Egg 255g', 'product_price': '£6.00', 'product_additionals': '£2.67 / 100g'}, {'shop': 'sains', 'url': 'https://www.sainsburys.co.uk/shop/gb/groceries/product/details/easter-special-offers/cadbury-bournville-dark-orange-chocolate-bar-with-large-easter-egg-255g', 'product_name': 'Cadbury Bournville Dark Orange Chocolate Bar with Large Easter Egg 255g', 'product_price': '£6.00', 'product_additionals': '£2.67 / 100g'}, {'shop': 'sains', 'url': 'https://www.sainsburys.co.uk/shop/gb/groceries/product/details/easter-special-offers/cadburys-bourneville-heritage-egg-155g', 'product_name': 'Cadbury Bournville Easter Egg with Chocolate Bar 155g', 'product_price': '20p', 'product_additionals': '13p / 100g'}, {'shop': 'tesco', 'url': 'https://www.tesco.com/groceries/en-GB/products/254332425', 'product_name': 'Cadbury Caramel Egg 40G', 'product_price': '£ 0.50', 'product_additionals': '£0.12/10g'}, {'shop': 'sains', 'url': 'https://www.sainsburys.co.uk/shop/gb/groceries/product/details/miniandtreat-size/cadbury-caramel-egg-single-40g', 'product_name': 'Cadbury Caramel Egg Single 40g', 'product_price': '50p', 'product_additionals': '50p / ea'}, {'shop': 'tesco', 'url': 'https://www.tesco.com/groceries/en-GB/products/305253389', 'product_name': 'Cadbury Caramel Medium Egg 139G', 'product_price': '£ 1.00', 'product_additionals': '£0.72/100g'}, {'shop': 'sains', 'url': 'https://www.sainsburys.co.uk/shop/gb/groceries/product/details/miniandtreat-size/cadbury-chocolate-mini-eggs-clip-strip-80g', 'product_name': 'Cadbury Chocolate Mini Eggs Clip Strip 80g', 'product_price': '£1.00', 'product_additionals': '£1.25 / 100g'}, {'shop': 'sains', 'url': 'https://www.sainsburys.co.uk/shop/gb/groceries/product/details/easter-special-offers/cabury-mini-eggs-tin-319g', 'product_name': 'Cadbury Chocolate Mini Eggs Tub 319g', 'product_price': '£5.00', 'product_additionals': '£1.57 / 100g'}, {'shop': 'tesco', 'url': 'https://www.tesco.com/groceries/en-GB/products/307133125', 'product_name': 'Cadbury Creme Egg 10 X 40G', 'product_price': '£ 3.95', 'product_additionals': '£0.99/100g'}, {'shop': 'tesco', 'url': 'https://www.tesco.com/groceries/en-GB/products/250237084', 'product_name': 'Cadbury Creme Egg 40G', 'product_price': '£ 0.50', 'product_additionals': '£0.12/10g'}, {'shop': 'tesco', 'url': 'https://www.tesco.com/groceries/en-GB/products/287062141', 'product_name': 'Cadbury Creme Egg 5 X 40G Pack', 'product_price': '£ 2.00', 'product_additionals': '£1.02/100g'}, {'shop': 'sains', 'url': 'https://www.sainsburys.co.uk/shop/gb/groceries/product/details/easter-special-offers/cadbury-creme-egg-chocolate-box-400g', 'product_name': 'Cadbury Creme Egg Chocolate Box 400g', 'product_price': '£4.00', 'product_additionals': '£1.00 / 100g'}, {'shop': 'tesco', 'url': 'https://www.tesco.com/groceries/en-GB/products/305527636', 'product_name': 'Cadbury Creme Egg Chocolate Cake 6Pack', 'product_price': '£ 2.00', 'product_additionals': '£0.33/each'}, {'shop': 'sains', 'url': 'https://www.sainsburys.co.uk/shop/gb/groceries/product/details/all-easter-/cadburys-creme-egg-cakes-x6', 'product_name': 'Cadbury Creme Egg Chocolate Cakes x6', 'product_price': '£2.00', 'product_additionals': '33p / ea'}, {'shop': 'sains', 'url': 'https://www.sainsburys.co.uk/shop/gb/groceries/product/details/miniandtreat-size/cadburys-creme-egg-tin-409g', 'product_name': 'Cadbury Creme Egg Chocolate Tub 409g', 'product_price': '£5.00', 'product_additionals': '£1.22 / 100g'}, {'shop': 'tesco', 'url': 'https://www.tesco.com/groceries/en-GB/products/264356514', 'product_name': 'Cadbury Creme Egg Egg & Mug 197G', 'product_price': '£ 3.00', 'product_additionals': '£1.53/100g'}, {'shop': 'tesco', 'url': 'https://www.tesco.com/groceries/en-GB/products/255135070', 'product_name': 'Cadbury Creme Egg Medium Easter Egg 138G', 'product_price': '£ 1.00', 'product_additionals': '£0.72/100g'}, {'shop': 'sains', 'url': 'https://www.sainsburys.co.uk/shop/gb/groceries/product/details/miniandtreat-size/cadbury-creme-egg-single-40g', 'product_name': 'Cadbury Creme Egg Single 40g', 'product_price': '35p', 'product_additionals': '35p / ea'}, {'shop': 'tesco', 'url': 'https://www.tesco.com/groceries/en-GB/products/304793769', 'product_name': 'Cadbury Creme Egg Tin 409G', 'product_price': '£ 5.00', 'product_additionals': '£1.23/100g'}, {'shop': 'sains', 'url': 'https://www.sainsburys.co.uk/shop/gb/groceries/product/details/all-easter-/cadbury-creme-egg-large-easter-egg-258g-check-your-local-store-for-available-range-', 'product_name': 'Cadbury Creme Egg with Large Easter Egg 233g', 'product_price': '£3.00', 'product_additionals': '£1.29 / 100g'}, {'shop': 'sains', 'url': 'https://www.sainsburys.co.uk/shop/gb/groceries/product/details/miniandtreat-size/cadbury-creme-egg-x5-197g', 'product_name': 'Cadbury Creme Egg x5 197g', 'product_price': '£2.00', 'product_additionals': '£1.02 / 100g'}, {'shop': 'sains', 'url': 'https://www.sainsburys.co.uk/shop/gb/groceries/product/details/all-easter-eggs-and-chocolate-/cadbury-crunchie-large-easter-egg-233g', 'product_name': 'Cadbury Crunchie Large Easter Egg 233g', 'product_price': '£3.00', 'product_additionals': '£1.29 / 100g'}, {'shop': 'sains', 'url': 'https://www.sainsburys.co.uk/shop/gb/groceries/product/details/small-and-medium/cadbury-dairy-milk-buttons-medium-easter-egg-128g', 'product_name': 'Cadbury Dairy Milk Buttons Easter Egg & Chocolate Bag 74g', 'product_price': '£1.00', 'product_additionals': '£1.35 / 100g'}, {'shop': 'tesco', 'url': 'https://www.tesco.com/groceries/en-GB/products/264315195', 'product_name': 'Cadbury Dairy Milk Buttons Medium Easter Egg 128G', 'product_price': '£ 1.00', 'product_additionals': '£0.78/100g'}, {'shop': 'tesco', 'url': 'https://www.tesco.com/groceries/en-GB/products/307343245', 'product_name': 'Cadbury Dairy Milk Caramel Easter Egg 286G', 'product_price': '£ 5.00', 'product_additionals': '£1.75/100g'}, {'shop': 'sains', 'url': 'https://www.sainsburys.co.uk/shop/gb/groceries/product/details/all-easter-eggs-and-chocolate-/cadbury-dairy-milk-caramel-gift-boxed-easter-egg-331g-check-your-local-store-for-available-range-', 'product_name': 'Cadbury Dairy Milk Caramel Gift Boxed Egg 286g', 'product_price': '£6.00', 'product_additionals': '£2.10 / 100g'}, {'shop': 'sains', 'url': 'https://www.sainsburys.co.uk/shop/gb/groceries/product/details/easter-special-offers/cadburys-dairy-milk-chunk-egg-71g', 'product_name': 'Cadbury Dairy Milk Chocolate Chunk & Easter Egg 71g', 'product_price': '£1.00', 'product_additionals': '£1.41 / 100g'}, {'shop': 'sains', 'url': 'https://www.sainsburys.co.uk/shop/gb/groceries/product/details/all-easter-/cadburys-dairy-milk-chunk-egg-71g', 'product_name': 'Cadbury Dairy Milk Chocolate Chunk & Easter Egg 71g', 'product_price': '£1.00', 'product_additionals': '£1.41 / 100g'}, {'shop': 'sains', 'url': 'https://www.sainsburys.co.uk/shop/gb/groceries/product/details/small-and-medium/cadbury-creme-egg-medium-easter-egg-138g', 'product_name': 'Cadbury Dairy Milk Creme Egg Medium Easter Egg 138g', 'product_price': '£1.25', 'product_additionals': '91p / 100g'}, {'shop': 'sains', 'url': 'https://www.sainsburys.co.uk/shop/gb/groceries/product/details/easter-giant/cadbury-dairy-milk-creme-egg-with-large-easter-egg-460g', 'product_name': 'Cadbury Dairy Milk Creme Egg with Large Easter Egg 497g', 'product_price': '£10.00', 'product_additionals': '£2.17 / 100g'}, {'shop': 'sains', 'url': 'https://www.sainsburys.co.uk/shop/gb/groceries/product/details/all-easter-eggs-and-chocolate-/cadbury-dairy-milk-creme-egg-with-large-easter-egg-460g', 'product_name': 'Cadbury Dairy Milk Creme Egg with Large Easter Egg 497g', 'product_price': '£10.00', 'product_additionals': '£2.17 / 100g'}, {'shop': 'tesco', 'url': 'https://www.tesco.com/groceries/en-GB/products/307362631', 'product_name': 'Cadbury Dairy Milk Daim Mini Eggs 77G', 'product_price': '£ 1.00', 'product_additionals': '£1.30/100g'}, {'shop': 'tesco', 'url': 'https://www.tesco.com/groceries/en-GB/products/307352833', 'product_name': 'Cadbury Dairy Milk Easter Egg 286G', 'product_price': '£ 5.00', 'product_additionals': '£1.75/100g'}, {'shop': 'tesco', 'url': 'https://www.tesco.com/groceries/en-GB/products/307353262', 'product_name': 'Cadbury Dairy Milk Easter Egg Marvellous Creations 246G', 'product_price': '£ 3.00', 'product_additionals': '£1.22/100g'}, {'shop': 'tesco', 'url': 'https://www.tesco.com/groceries/en-GB/products/307339019', 'product_name': 'Cadbury Dairy Milk Egg & Spoon Oreo 128G', 'product_price': '£ 2.00', 'product_additionals': '£1.57/100g'}, {'shop': 'sains', 'url': 'https://www.sainsburys.co.uk/shop/gb/groceries/product/details/all-easter-/cadbury-dairy-milk-egg-n-spoon-chocolate-mousse-eggs-x4-136g', 'product_name': "Cadbury Dairy Milk Egg 'n' Spoon Chocolate 136g", 'product_price': '£2.00', 'product_additionals': '£1.47 / 100g'}, {'shop': 'sains', 'url': 'https://www.sainsburys.co.uk/shop/gb/groceries/product/details/miniandtreat-size/cadbury-dairy-milk-egg-n-spoon-with-oreo-136g', 'product_name': "Cadbury Dairy Milk Egg 'n' Spoon with Oreo 128g", 'product_price': '£2.00', 'product_additionals': '£1.56 / 100g'}, {'shop': 'tesco', 'url': 'https://www.tesco.com/groceries/en-GB/products/263070686', 'product_name': 'Cadbury Dairy Milk Egg Heads Easter Egg 77G', 'product_price': '£ 1.00', 'product_additionals': '£1.30/100g'}, {'shop': 'tesco', 'url': 'https://www.tesco.com/groceries/en-GB/products/265923654', 'product_name': 'Cadbury Dairy Milk Extra Large Easter Egg 515G', 'product_price': '£ 10.00', 'product_additionals': '£1.95/100g'}, {'shop': 'tesco', 'url': 'https://www.tesco.com/groceries/en-GB/products/291244675', 'product_name': 'Cadbury Dairy Milk Freddo Faces Medium Easter Egg 122G', 'product_price': '£ 1.00', 'product_additionals': '£0.82/100g'}, {'shop': 'tesco', 'url': 'https://www.tesco.com/groceries/en-GB/products/307136116', 'product_name': 'Cadbury Dairy Milk Fruit & Nut Easter Egg 302G', 'product_price': '£ 5.00', 'product_additionals': '£1.66/100g'}, {'shop': 'sains', 'url': 'https://www.sainsburys.co.uk/shop/gb/groceries/product/details/all-easter-/cadbury-dairy-milk-fruit-and-nut-chocolate-egg-302g', 'product_name': 'Cadbury Dairy Milk Fruit and Nut Chocolate Egg 302g', 'product_price': '£6.00', 'product_additionals': '£1.99 / 100g'}, {'shop': 'sains', 'url': 'https://www.sainsburys.co.uk/shop/gb/groceries/product/details/easter-special-offers/cadbury-dairy-milk-fruit-and-nut-chocolate-egg-302g', 'product_name': 'Cadbury Dairy Milk Fruit and Nut Chocolate Egg 302g', 'product_price': '£6.00', 'product_additionals': '£1.99 / 100g'}, {'shop': 'sains', 'url': 'https://www.sainsburys.co.uk/shop/gb/groceries/product/details/new-355373-44/cadbury-dairy-milk-fruit-and-nut-chocolate-egg-302g', 'product_name': 'Cadbury Dairy Milk Fruit and Nut Chocolate Egg 302g', 'product_price': '£6.00', 'product_additionals': '£1.99 / 100g'}, {'shop': 'sains', 'url': 'https://www.sainsburys.co.uk/shop/gb/groceries/product/details/all-easter-eggs-and-chocolate-/cadbury-dairy-milk-fruit-and-nut-ultimate-chocolate-egg-532g', 'product_name': 'Cadbury Dairy Milk Fruit and Nut Ultimate Chocolate Egg 532g', 'product_price': '£12.00', 'product_additionals': '£2.26 / 100g'}, {'shop': 'sains', 'url': 'https://www.sainsburys.co.uk/shop/gb/groceries/product/details/easter-giant/cadbury-dairy-milk-fruit-and-nut-ultimate-chocolate-egg-532g', 'product_name': 'Cadbury Dairy Milk Fruit and Nut Ultimate Chocolate Egg 532g', 'product_price': '£12.00', 'product_additionals': '£2.26 / 100g'}, {'shop': 'sains', 'url': 'https://www.sainsburys.co.uk/shop/gb/groceries/product/details/easter-giant/cadbury-dairy-milk-giant-buttons-easter-egg-419g', 'product_name': 'Cadbury Dairy Milk Giant Buttons Easter Egg 419g', 'product_price': '£10.00', 'product_additionals': '£2.39 / 100g'}, {'shop': 'sains', 'url': 'https://www.sainsburys.co.uk/shop/gb/groceries/product/details/easter-special-offers/cadbury-dairy-milk-giant-buttons-easter-egg-419g', 'product_name': 'Cadbury Dairy Milk Giant Buttons Easter Egg 419g', 'product_price': '£10.00', 'product_additionals': '£2.39 / 100g'}, {'shop': 'sains', 'url': 'https://www.sainsburys.co.uk/shop/gb/groceries/product/details/new-355373-44/cadbury-dairy-milk-giant-buttons-easter-egg-419g', 'product_name': 'Cadbury Dairy Milk Giant Buttons Easter Egg 419g', 'product_price': '£10.00', 'product_additionals': '£2.39 / 100g'}, {'shop': 'sains', 'url': 'https://www.sainsburys.co.uk/shop/gb/groceries/product/details/easter-giant/cadbury-dairy-milk-giant-easter-egg-515g', 'product_name': 'Cadbury Dairy Milk Giant Easter Egg 515g', 'product_price': '£10.00', 'product_additionals': '£1.94 / 100g'}, {'shop': 'sains', 'url': 'https://www.sainsburys.co.uk/shop/gb/groceries/product/details/all-easter-eggs-and-chocolate-/cadbury-dairy-milk-giant-easter-egg-515g', 'product_name': 'Cadbury Dairy Milk Giant Easter Egg 515g', 'product_price': '£10.00', 'product_additionals': '£1.94 / 100g'}, {'shop': 'tesco', 'url': 'https://www.tesco.com/groceries/en-GB/products/307145693', 'product_name': 'Cadbury Dairy Milk Mini Eggs Eggs 77G', 'product_price': '£ 1.00', 'product_additionals': '£1.30/100g'}, {'shop': 'tesco', 'url': 'https://www.tesco.com/groceries/en-GB/products/307339406', 'product_name': 'Cadbury Dairy Milk Orange Giant Buttons Easter Egg 410G', 'product_price': '£ 10.00', 'product_additionals': '£2.44/100g'}, {'shop': 'tesco', 'url': 'https://www.tesco.com/groceries/en-GB/products/307341587', 'product_name': 'Cadbury Dairy Milk Oreo Easter Egg 233G', 'product_price': '£ 3.00', 'product_additionals': '£1.29/100g'}, {'shop': 'tesco', 'url': 'https://www.tesco.com/groceries/en-GB/products/307736656', 'product_name': 'Cadbury Dairy Milk Oreo Mini Eggs 72G', 'product_price': '£ 1.00', 'product_additionals': '£1.39/100g'}, {'shop': 'tesco', 'url': 'https://www.tesco.com/groceries/en-GB/products/307356760', 'product_name': 'Cadbury Dairy Milk Peter Rabbit Easter Egg 100G', 'product_price': '£ 10.00', 'product_additionals': '£10.00/100g'}, {'shop': 'tesco', 'url': 'https://www.tesco.com/groceries/en-GB/products/307342102', 'product_name': 'Cadbury Dairy Milk Peter Rabbit Egg 72G', 'product_price': '£ 6.00', 'product_additionals': '£8.34/100g'}, {'shop': 'tesco', 'url': 'https://www.tesco.com/groceries/en-GB/products/307361528', 'product_name': 'Cadbury Dairy Milk Ultimate Chopped Nut Easter Egg 518G', 'product_price': '£ 12.00', 'product_additionals': '£2.32/100g'}, {'shop': 'sains', 'url': 'https://www.sainsburys.co.uk/shop/gb/groceries/product/details/easter-special-offers/cadburys-dark-milk-egg-265g', 'product_name': 'Cadbury Darkmilk Chocolate Bar with Large Darkmilk Easter Egg 265g', 'product_price': '60p', 'product_additionals': '23p / 100g'}, {'shop': 'tesco', 'url': 'https://www.tesco.com/groceries/en-GB/products/307338217', 'product_name': 'Cadbury Easter Creme Egg 233G', 'product_price': '£ 3.00', 'product_additionals': '£1.29/100g'}, {'shop': 'sains', 'url': 'https://www.sainsburys.co.uk/shop/gb/groceries/product/details/all-easter-/cadbury-easter-egg-hunt-pack-176g', 'product_name': 'Cadbury Easter Egg Hunt Pack 176g', 'product_price': '£3.00', 'product_additionals': '£1.70 / 100g'}, {'shop': 'tesco', 'url': 'https://www.tesco.com/groceries/en-GB/products/276185997', 'product_name': "Cadbury Egg 'N' Spoon Double Chocolate 136G", 'product_price': '£ 2.00', 'product_additionals': '£1.48/100g'}, {'shop': 'tesco', 'url': 'https://www.tesco.com/groceries/en-GB/products/299586827', 'product_name': 'Cadbury Egg Hunt Pack 342.7G', 'product_price': '£ 7.00', 'product_additionals': '£2.05/100g'}, {'shop': 'tesco', 'url': 'https://www.tesco.com/groceries/en-GB/products/307356079', 'product_name': 'Cadbury Fingers Easter Egg 212G', 'product_price': '£ 5.00', 'product_additionals': '£2.36/100g'}, {'shop': 'tesco', 'url': 'https://www.tesco.com/groceries/en-GB/products/307356155', 'product_name': 'Cadbury Flake Easter Egg 249G', 'product_price': '£ 5.00', 'product_additionals': '£2.01/100g'}, {'shop': 'tesco', 'url': 'https://www.tesco.com/groceries/en-GB/products/307356869', 'product_name': 'Cadbury Fruit & Chocolate Egg 532G', 'product_price': '£ 12.00', 'product_additionals': '£2.26/100g'}, {'shop': 'tesco', 'url': 'https://www.tesco.com/groceries/en-GB/products/307358850', 'product_name': 'Cadbury Heroes Easter Egg 236G', 'product_price': '£ 3.00', 'product_additionals': '£1.28/100g'}, {'shop': 'tesco', 'url': 'https://www.tesco.com/groceries/en-GB/products/307340824', 'product_name': 'Cadbury Mini Creme Eggs 78G', 'product_price': '£ 1.00', 'product_additionals': '£1.29/100g'}, {'shop': 'tesco', 'url': 'https://www.tesco.com/groceries/en-GB/products/303004400', 'product_name': 'Cadbury Mini Egg Chocolate Egg 296G', 'product_price': '£ 3.00', 'product_additionals': '£1.02/100g'}, {'shop': 'tesco', 'url': 'https://www.tesco.com/groceries/en-GB/products/307343700', 'product_name': 'Cadbury Mini Egg Easter Egg 231G', 'product_price': '£ 5.00', 'product_additionals': '£2.17/100g'}, {'shop': 'tesco', 'url': 'https://www.tesco.com/groceries/en-GB/products/302809066', 'product_name': 'Cadbury Mini Eggs 96G', 'product_price': '£ 1.50', 'product_additionals': '£1.57/100g'}, {'shop': 'tesco', 'url': 'https://www.tesco.com/groceries/en-GB/products/302809043', 'product_name': 'Cadbury Mini Eggs Bag 80G', 'product_price': '£ 1.00', 'product_additionals': '£1.25/100g'}, {'shop': 'sains', 'url': 'https://www.sainsburys.co.uk/shop/gb/groceries/product/details/miniandtreat-size/cadbury-mini-eggs-bag-90g', 'product_name': 'Cadbury Mini Eggs Bag 80g', 'product_price': '£1.00', 'product_additionals': '£1.25 / 100g'}, {'shop': 'tesco', 'url': 'https://www.tesco.com/groceries/en-GB/products/302809319', 'product_name': 'Cadbury Mini Eggs Carton 38.3G', 'product_price': '£ 0.50', 'product_additionals': '£1.31/100g'}, {'shop': 'sains', 'url': 'https://www.sainsburys.co.uk/shop/gb/groceries/product/details/easter-special-offers/cadbury-mini-eggs-chocolate-bar-110g', 'product_name': 'Cadbury Mini Eggs Chocolate Bar 110g', 'product_price': '£1.00', 'product_additionals': '91p / 100g'}, {'shop': 'sains', 'url': 'https://www.sainsburys.co.uk/shop/gb/groceries/product/details/new-355373-44/cadbury-mini-eggs-chocolate-bar-110g', 'product_name': 'Cadbury Mini Eggs Chocolate Bar 110g', 'product_price': '£1.00', 'product_additionals': '91p / 100g'}, {'shop': 'tesco', 'url': 'https://www.tesco.com/groceries/en-GB/products/302809291', 'product_name': 'Cadbury Mini Eggs Chocolate Egg & Mug 177G', 'product_price': '£ 3.00', 'product_additionals': '£3.00/each'}, {'shop': 'tesco', 'url': 'https://www.tesco.com/groceries/en-GB/products/302819117', 'product_name': 'Cadbury Mini Eggs Chocolate Egg 455G', 'product_price': '£ 10.00', 'product_additionals': '£2.20/100g'}, {'shop': 'sains', 'url': 'https://www.sainsburys.co.uk/shop/gb/groceries/product/details/all-easter-/cadbury-mini-eggs-chocolate-gateau-370g', 'product_name': 'Cadbury Mini Eggs Chocolate Gateau', 'product_price': '£3.00', 'product_additionals': '£3.00 / ea'}, {'shop': 'sains', 'url': 'https://www.sainsburys.co.uk/shop/gb/groceries/product/details/easterlunch/cadbury-mini-eggs-chocolate-gateau-370g', 'product_name': 'Cadbury Mini Eggs Chocolate Gateau', 'product_price': '£3.00', 'product_additionals': '£3.00 / ea'}, {'shop': 'tesco', 'url': 'https://www.tesco.com/groceries/en-GB/products/254949335', 'product_name': 'Cadbury Mini Eggs Chocolate Gateau Each', 'product_price': '£ 3.00', 'product_additionals': '£3.00/each'}, {'shop': 'tesco', 'url': 'https://www.tesco.com/groceries/en-GB/products/307346858', 'product_name': 'Cadbury Mini Eggs Easter Egg 507G', 'product_price': '£ 12.00', 'product_additionals': '£2.37/100g'}, {'shop': 'sains', 'url': 'https://www.sainsburys.co.uk/shop/gb/groceries/product/details/new-355373-44/cadbury-mini-eggs-easter-hunt-super-pack-3427g', 'product_name': 'Cadbury Mini Eggs Easter Hunt Super Pack 342.7g', 'product_price': '£7.00', 'product_additionals': '£2.04 / 100g'}, {'shop': 'sains', 'url': 'https://www.sainsburys.co.uk/shop/gb/groceries/product/details/easterluxury/cadbury-mini-eggs-gift-boxed-easter-egg-286g-check-your-local-store-for-available-range-', 'product_name': 'Cadbury Mini Eggs Giant Easter Egg 231g', 'product_price': '£6.00', 'product_additionals': '£2.60 / 100g'}, {'shop': 'sains', 'url': 'https://www.sainsburys.co.uk/shop/gb/groceries/product/details/easter-giant/cadbury-mini-eggs-giant-easter-egg-455g-check-your-local-store-for-available-range-', 'product_name': 'Cadbury Mini Eggs Giant Easter Egg 455g', 'product_price': '£10.00', 'product_additionals': '£2.20 / 100g'}, {'shop': 'tesco', 'url': 'https://www.tesco.com/groceries/en-GB/products/261674666', 'product_name': 'Cadbury Mini Eggs Medium Easter Egg 130G', 'product_price': '£ 1.00', 'product_additionals': '£7.70/kg'}, {'shop': 'sains', 'url': 'https://www.sainsburys.co.uk/shop/gb/groceries/product/details/small-and-medium/cadbury-mini-eggs-medium-easter-egg-130g', 'product_name': 'Cadbury Mini Eggs Medium Easter Egg 130g', 'product_price': '£1.25', 'product_additionals': '96p / 100g'}, {'shop': 'sains', 'url': 'https://www.sainsburys.co.uk/shop/gb/groceries/product/details/easter-hot-cross-buns-and-cakes/cadbury-easter-mini-eggs-nests-x5', 'product_name': 'Cadbury Mini Eggs Nest Cakes x4', 'product_price': '£2.00', 'product_additionals': '50p / ea'}, {'shop': 'tesco', 'url': 'https://www.tesco.com/groceries/en-GB/products/302819099', 'product_name': 'Cadbury Mini Eggs Pouch 385G', 'product_price': '£ 4.00', 'product_additionals': '£1.04/100g'}, {'shop': 'tesco', 'url': 'https://www.tesco.com/groceries/en-GB/products/304394684', 'product_name': 'Cadbury Mini Eggs Tin 319G', 'product_price': '£ 5.00', 'product_additionals': '£1.57/100g'}, {'shop': 'tesco', 'url': 'https://www.tesco.com/groceries/en-GB/products/307358019', 'product_name': 'Cadbury Minis Mix Eggs 240G', 'product_price': '£ 3.00', 'product_additionals': '£1.25/100g'}, {'shop': 'sains', 'url': 'https://www.sainsburys.co.uk/shop/gb/groceries/product/details/new-355373-44/cadbury-mixed-caramel-creme-egg-400g', 'product_name': 'Cadbury Mixed Caramel & Creme Egg 400g', 'product_price': '£4.00', 'product_additionals': '£1.00 / 100g'}, {'shop': 'sains', 'url': 'https://www.sainsburys.co.uk/shop/gb/groceries/product/details/easter-special-offers/cadbury-mixed-caramel-creme-egg-400g', 'product_name': 'Cadbury Mixed Caramel & Creme Egg 400g', 'product_price': '£4.00', 'product_additionals': '£1.00 / 100g'}, {'shop': 'tesco', 'url': 'https://www.tesco.com/groceries/en-GB/products/307146922', 'product_name': 'Cadbury Mixed Creme Egg & Caramel 10 X 40G', 'product_price': '£ 3.95', 'product_additionals': '£0.99/100g'}, {'shop': 'tesco', 'url': 'https://www.tesco.com/groceries/en-GB/products/302808729', 'product_name': 'Cadbury Oreo Chocolate Egg 31G', 'product_price': '£ 0.50', 'product_additionals': '£1.62/100g'}, {'shop': 'sains', 'url': 'https://www.sainsburys.co.uk/shop/gb/groceries/product/details/miniandtreat-size/cadbury-oreo-easter-egg-31g', 'product_name': 'Cadbury Oreo Easter Egg 31g', 'product_price': '50p', 'product_additionals': '£1.61 / 100g'}, {'shop': 'tesco', 'url': 'https://www.tesco.com/groceries/en-GB/products/307350893', 'product_name': 'Cadbury Roses Easter Egg 255G', 'product_price': '£ 5.00', 'product_additionals': '£1.97/100g'}, {'shop': 'tesco', 'url': 'https://www.tesco.com/groceries/en-GB/products/307366074', 'product_name': 'Cadbury Twirl Easter Egg 237G', 'product_price': '£ 3.00', 'product_additionals': '£1.27/100g'}, {'shop': 'tesco', 'url': 'https://www.tesco.com/groceries/en-GB/products/307358084', 'product_name': 'Cadbury White With Oreo Easter Egg 220G', 'product_price': '£ 3.00', 'product_additionals': '£1.37/100g'}, {'shop': 'tesco', 'url': 'https://www.tesco.com/groceries/en-GB/products/307348009', 'product_name': 'Cadbury Wispa Chocolate Egg 224G', 'product_price': '£ 3.00', 'product_additionals': '£1.34/100g'}, {'shop': 'tesco', 'url': 'https://www.tesco.com/groceries/en-GB/products/307352021', 'product_name': 'Cadbury Wispa Gold Easter Egg 248G', 'product_price': '£ 3.00', 'product_additionals': '£1.21/100g'}, {'shop': 'sains', 'url': 'https://www.sainsburys.co.uk/shop/gb/groceries/product/details/easter-special-offers/cadbury-wispa-gold-large-easter-egg-248g', 'product_name': 'Cadbury Wispa Gold Large Easter Egg 248g', 'product_price': '£3.00', 'product_additionals': '£1.21 / 100g'}, {'shop': 'sains', 'url': 'https://www.sainsburys.co.uk/shop/gb/groceries/product/details/all-easter-/cadbury-wispa-gold-large-easter-egg-248g', 'product_name': 'Cadbury Wispa Gold Large Easter Egg 248g', 'product_price': '£3.00', 'product_additionals': '£1.21 / 100g'}, {'shop': 'sains', 'url': 'https://www.sainsburys.co.uk/shop/gb/groceries/product/details/new-355373-44/cadburys-goo-head-chocolate-cream-egg-minis-bag-89g', 'product_name': "Cadbury's Goo Head Chocolate Cream Egg Minis Bag 89g", 'product_price': '10p', 'product_additionals': '11p / 100g'}, {'shop': 'coop', 'url': 'https://www.coop.co.uk/products/cadburys-creme-egg-ice-cream-tub-480ml', 'product_name': 'Cadburys Creme Egg Ice Cream Tub 480ml', 'product_price': '£3.30', 'product_additionals': '480ml (68.8p per 100ml)'}, {'shop': 'sains', 'url': 'https://www.sainsburys.co.uk/shop/gb/groceries/product/details/dairy-all-cheese/castelli-parmigiano-reggiano-125g', 'product_name': 'Castelli Parmigiano Reggiano 125g', 'product_price': '£3.05', 'product_additionals': '£24.40 / kg'}, {'shop': 'sains', 'url': 'https://www.sainsburys.co.uk/shop/gb/groceries/product/details/speciality-and-continental-cheeses/castelli-parmigiano-reggiano-125g', 'product_name': 'Castelli Parmigiano Reggiano 125g', 'product_price': '£3.05', 'product_additionals': '£24.40 / kg'}, {'shop': 'asda', 'url': 'https://groceries.asda.com/product/1000250547375', 'product_name': 'CD Greatest Ever Reggae', 'product_price': '£6.00', 'product_additionals': '(£6.00/each)'}, {'shop': 'asda', 'url': 'https://groceries.asda.com/product/1000063918733', 'product_name': 'CD Trojan: Ska & Reggae Classics by Various Artists', 'product_price': '£6.00', 'product_additionals': '(£6.00/each)'}, {'shop': 'sains', 'url': 'https://www.sainsburys.co.uk/shop/gb/groceries/product/details/easterluxury/sainsburys-celebration-egg-210g', 'product_name': 'Celebration White Chocolate Egg 210g', 'product_price': '£4.00', 'product_additionals': '£1.90 / 100g'}, {'shop': 'tesco', 'url': 'https://www.tesco.com/groceries/en-GB/products/287230737', 'product_name': 'Celebrations Large Milk Chocolate Easter Egg & Chocolates 248G', 'product_price': '£ 3.00', 'product_additionals': '£1.21/100g'}, {'shop': 'tesco', 'url': 'https://www.tesco.com/groceries/en-GB/products/304793718', 'product_name': 'Celebrations Milk Chocolate Egg With 14 Mini Chocolates 305G', 'product_price': '£ 5.00', 'product_additionals': '£1.64/100g'}, {'shop': 'tesco', 'url': 'https://www.tesco.com/groceries/en-GB/products/301868250', 'product_name': 'Clarence Court Braddock White Duck Free Range Eggs 6 Pack', 'product_price': '£ 2.50', 'product_additionals': '£0.42/each'}, {'shop': 'tesco', 'url': 'https://www.tesco.com/groceries/en-GB/products/301868215', 'product_name': 'Clarence Court Burford Browns Free Range Eggs 6 Pack', 'product_price': '£ 2.50', 'product_additionals': '£0.42/each'}, {'shop': 'sains', 'url': 'https://www.sainsburys.co.uk/shop/gb/groceries/product/details/fresh-eggs/clarence-court-burford-browns-free-range-eggs-x10-500g', 'product_name': 'Clarence Court Burford Browns Free Range Eggs x10 500g', 'product_price': '£3.75', 'product_additionals': '38p / ea'}, {'shop': 'sains', 'url': 'https://www.sainsburys.co.uk/shop/gb/groceries/product/details/special-offers-/mabel-pearmans-burford-brown-eggs-x6', 'product_name': 'Clarence Court Mabel Pearmans Burford Brown Eggs x6', 'product_price': '£2.50', 'product_additionals': '42p / ea'}, {'shop': 'sains', 'url': 'https://www.sainsburys.co.uk/shop/gb/groceries/product/details/fresh-eggs/mabel-pearmans-burford-brown-eggs-x6', 'product_name': 'Clarence Court Mabel Pearmans Burford Brown Eggs x6', 'product_price': '£2.50', 'product_additionals': '42p / ea'}, {'shop': 'sains', 'url': 'https://www.sainsburys.co.uk/shop/gb/groceries/product/details/fresh-eggs/clarence-court-mabel-pearmanss-burford-browns-large-free-range-eggs-x6', 'product_name': "Clarence Court Mabel Pearmans's Burford Browns Large Free Range Eggs x6", 'product_price': '£2.95', 'product_additionals': '49p / ea'}, {'shop': 'tesco', 'url': 'https://www.tesco.com/groceries/en-GB/products/301868238', 'product_name': 'Clarence Court Old Cotswold Free Range Eggs 6 Pack', 'product_price': '£ 2.25', 'product_additionals': '£0.38/each'}, {'shop': 'sains', 'url': 'https://www.sainsburys.co.uk/shop/gb/groceries/product/details/breakfastbrunch/clarence-court-old-cotswold-legbar-eggs-x6', 'product_name': 'Clarence Court Old Cotswold Legbar Eggs x6', 'product_price': '£2.35', 'product_additionals': '39p / ea'}, {'shop': 'sains', 'url': 'https://www.sainsburys.co.uk/shop/gb/groceries/product/details/breakfast-in-bed/clarence-court-old-cotswold-legbar-eggs-x6', 'product_name': 'Clarence Court Old Cotswold Legbar Eggs x6', 'product_price': '£2.35', 'product_additionals': '39p / ea'}, {'shop': 'sains', 'url': 'https://www.sainsburys.co.uk/shop/gb/groceries/product/details/fresh-eggs/clarence-court-old-cotswold-legbar-eggs-x6', 'product_name': 'Clarence Court Old Cotswold Legbar Eggs x6', 'product_price': '£2.35', 'product_additionals': '39p / ea'}, {'shop': 'sains', 'url': 'https://www.sainsburys.co.uk/shop/gb/groceries/product/details/new-355373-44/clarence-court-traditional-leghorn-whites-free-range-eggs-with-pure-white-coloured-shells-x6', 'product_name': 'Clarence Court Traditional Leghorn Whites Free Range Eggs with Pure White Coloured Shells x6', 'product_price': '£2.00', 'product_additionals': '33p / ea'}, {'shop': 'aldi', 'url': 'https://www.aldi.co.uk/classic-egg-fried-rice/p/017550410014901', 'product_name': 'Classic Egg Fried Rice', 'product_price': '0.35', 'product_additionals': '14p per 100g'}, {'shop': 'sains', 'url': 'https://www.sainsburys.co.uk/shop/gb/groceries/product/details/all-ready-meals-/cloughbane-spicy-lentil-vegetable-casserole', 'product_name': 'Cloughbane Veggi Spicy Lentil & Root Vegetable Casserole 400g', 'product_price': '£2.50', 'product_additionals': '£6.25 / kg'}, {'shop': 'sains', 'url': 'https://www.sainsburys.co.uk/shop/gb/groceries/product/details/chilled-vegetarian-ready-meals/cloughbane-three-bean-casserole-w-rice', 'product_name': 'Cloughbane Veggi Three Bean Casserole 380g', 'product_price': '£2.50', 'product_additionals': '£6.58 / kg'}, {'shop': 'sains', 'url': 'https://www.sainsburys.co.uk/shop/gb/groceries/product/details/chilled-ready-meals-for-one/cloughbane-three-bean-casserole-w-rice', 'product_name': 'Cloughbane Veggi Three Bean Casserole 380g', 'product_price': '£2.50', 'product_additionals': '£6.58 / kg'}, {'shop': 'coop', 'url': 'https://www.coop.co.uk/products/co-op-irresistible-egg-lasagne-375g', 'product_name': 'Co-op Irresistible Egg Lasagne 375g', 'product_price': '£1.70', 'product_additionals': '375g (£4.00 per kg)'}, {'shop': 'sains', 'url': 'https://www.sainsburys.co.uk/shop/gb/groceries/product/details/easter-special-offers/cocoa-et-co-beehive-egg-220g', 'product_name': 'Cocoa & Co. Belgian Chocolate Beehive Egg 220g', 'product_price': '£10.00', 'product_additionals': '£4.55 / 100g'}, {'shop': 'sains', 'url': 'https://www.sainsburys.co.uk/shop/gb/groceries/product/details/all-easter-eggs-and-chocolate-/cocoa-et-co-beehive-egg-220g', 'product_name': 'Cocoa & Co. Belgian Chocolate Beehive Egg 220g', 'product_price': '£10.00', 'product_additionals': '£4.55 / 100g'}, {'shop': 'sains', 'url': 'https://www.sainsburys.co.uk/shop/gb/groceries/product/details/all-easter-/cocoa-co-belgian-milk-chocolate-egg-150g', 'product_name': 'Cocoa & Co. Belgian Milk Chocolate Egg 150g', 'product_price': '£5.00', 'product_additionals': '£3.33 / 100g'}, {'shop': 'sains', 'url': 'https://www.sainsburys.co.uk/shop/gb/groceries/product/details/easter-special-offers/cocoa-co-belgian-milk-chocolate-egg-150g', 'product_name': 'Cocoa & Co. Belgian Milk Chocolate Egg 150g', 'product_price': '£5.00', 'product_additionals': '£3.33 / 100g'}, {'shop': 'sains', 'url': 'https://www.sainsburys.co.uk/shop/gb/groceries/product/details/all-easter-eggs-and-chocolate-/cocoa-co-single-origin-dark-chocolate-shimmer-egg-260g', 'product_name': 'Cocoa & Co. Single Origin Dark Chocolate Shimmer Egg 260g', 'product_price': '£10.00', 'product_additionals': '£3.85 / 100g'}, {'shop': 'sains', 'url': 'https://www.sainsburys.co.uk/shop/gb/groceries/product/details/easter-special-offers/cocoa-co-single-origin-dark-chocolate-shimmer-egg-260g', 'product_name': 'Cocoa & Co. Single Origin Dark Chocolate Shimmer Egg 260g', 'product_price': '£10.00', 'product_additionals': '£3.85 / 100g'}, {'shop': 'sains', 'url': 'https://www.sainsburys.co.uk/shop/gb/groceries/product/details/new-355373-44/cocoa-co-single-origin-dark-chocolate-shimmer-egg-260g', 'product_name': 'Cocoa & Co. Single Origin Dark Chocolate Shimmer Egg 260g', 'product_price': '£10.00', 'product_additionals': '£3.85 / 100g'}, {'shop': 'asda', 'url': 'https://groceries.asda.com/product/910002552463', 'product_name': 'Cow & Gate Baby Food Jar Egg Custard 6+ Months', 'product_price': '£0.58', 'product_additionals': 'No weight data'}, {'shop': 'asda', 'url': 'https://groceries.asda.com/product/910002552527', 'product_name': 'Cow & Gate Veggie & Turkey Casserole Baby Food Jar 10+ Months', 'product_price': '£0.75', 'product_additionals': 'No weight data'}, {'shop': 'asda', 'url': 'https://groceries.asda.com/product/910002551863', 'product_name': 'Cow & Gate Veggie & Turkey Risotto Baby Food Jar 10+ Months', 'product_price': '£0.75', 'product_additionals': 'No weight data'}, {'shop': 'tesco', 'url': 'https://www.tesco.com/groceries/en-GB/products/307160173', 'product_name': 'Deliciously Ella Veggie Crackers Salt & Pepper 100G', 'product_price': '£ 1.99', 'product_additionals': '£1.99/100g'}, {'shop': 'tesco', 'url': 'https://www.tesco.com/groceries/en-GB/products/307139764', 'product_name': 'Deliciously Ella Veggie Sweet Potato Crackers 100G', 'product_price': '£ 1.99', 'product_additionals': '£1.99/100g'}, {'shop': 'tesco', 'url': 'https://www.tesco.com/groceries/en-GB/products/307744986', 'product_name': 'Divine Dark Chocolate With Raspberries Easter Egg 90G', 'product_price': '£ 5.00', 'product_additionals': '£5.56/100g'}, {'shop': 'tesco', 'url': 'https://www.tesco.com/groceries/en-GB/products/307750172', 'product_name': 'Divine Dark Hazelnut Praline Easter Egg 90G', 'product_price': '£ 5.00', 'product_additionals': '£5.56/100g'}, {'shop': 'asda', 'url': 'https://groceries.asda.com/product/910001392234', 'product_name': 'Dr. Oetker Free Range Egg White Powder Sachets', 'product_price': '£1.19', 'product_additionals': '(£4.71/100g)'}, {'shop': 'tesco', 'url': 'https://www.tesco.com/groceries/en-GB/products/278837857', 'product_name': 'Dr.Oetker Egg White Powder Multipack Sachet 4X5g', 'product_price': '£ 1.20', 'product_additionals': '£60.00/kg'}, {'shop': 'tesco', 'url': 'https://www.tesco.com/groceries/en-GB/products/299957493', 'product_name': "Eastman's Pork & Egg Roll 5 Slices 125G", 'product_price': '£ 0.86', 'product_additionals': '£0.69/100g'}, {'shop': 'asda', 'url': 'https://groceries.asda.com/product/1000150186066', 'product_name': 'Eat Real Kale, Tomato & Spinach Sharing Veggie Straws', 'product_price': '£1.89', 'product_additionals': 'No weight data'}, {'shop': 'tesco', 'url': 'https://www.tesco.com/groceries/en-GB/products/297591386', 'product_name': 'Eat Real Veggie Straws Kids Multi-Pack 5X20g', 'product_price': '£ 2.00', 'product_additionals': '£20.00/kg'}, {'shop': 'asda', 'url': 'https://groceries.asda.com/product/1000009333665', 'product_name': 'Egg Noodles', 'product_price': '£1.00', 'product_additionals': 'No weight data'}, {'shop': 'asda', 'url': 'https://groceries.asda.com/product/910001968039', 'product_name': 'Egg Noodles', 'product_price': '£1.50', 'product_additionals': '(£2.50/kg)'}, {'shop': 'tesco', 'url': 'https://www.tesco.com/groceries/en-GB/products/301892208', 'product_name': "Ella's Kitchen Chicken Curry With Veggie Rice 190G", 'product_price': '£ 1.80', 'product_additionals': '£9.48/kg'}, {'shop': 'asda', 'url': 'https://groceries.asda.com/product/1000054991248', 'product_name': "Ella's Kitchen Organic Chicken Curry with Veggie Rice Baby Pouch 10+ Months", 'product_price': '£1.70', 'product_additionals': 'No weight data'}, {'shop': 'asda', 'url': 'https://groceries.asda.com/product/910000437888', 'product_name': "Ella's Kitchen Organic Veggie Bean Feast Baby Pouch 7+ Months", 'product_price': '£1.40', 'product_additionals': 'No weight data'}, {'shop': 'asda', 'url': 'https://groceries.asda.com/product/910002075874', 'product_name': "Ella's Kitchen Organic Veggie Cous Cous Baby Pouch 6+ Months", 'product_price': '£1.05', 'product_additionals': 'No weight data'}, {'shop': 'asda', 'url': 'https://groceries.asda.com/product/910001075633', 'product_name': "Ella's Kitchen Organic Veggie Lasagne Baby Pouch 7+ Months", 'product_price': '£1.40', 'product_additionals': 'No weight data'}, {'shop': 'asda', 'url': 'https://groceries.asda.com/product/910001411729', 'product_name': "Ella's Kitchen Organic Veggie Moussaka Baby Pouch 7+ Months", 'product_price': '£1.40', 'product_additionals': 'No weight data'}, {'shop': 'sains', 'url': 'https://www.sainsburys.co.uk/shop/gb/groceries/product/details/price-lock-baby-toddler/ellas-kitchen-cheeky-greek-y-veggie-moussaka-with-red-lentils--7-months-130g', 'product_name': "Ella's Kitchen Organic Veggie Moussaka Baby Pouch 7+ Months 130g", 'product_price': '£1.30', 'product_additionals': '£1.00 / 100g'}, {'shop': 'asda', 'url': 'https://groceries.asda.com/product/910001075978', 'product_name': "Ella's Kitchen Organic Veggie Moussaka Toddler Tray Meal 12+ Months", 'product_price': '£1.70', 'product_additionals': 'No weight data'}, {'shop': 'asda', 'url': 'https://groceries.asda.com/product/910002650003', 'product_name': "Ella's Kitchen Organic Veggie Risotto with Cheese Baby Pouch 7+ Months", 'product_price': '£1.40', 'product_additionals': 'No weight data'}, {'shop': 'asda', 'url': 'https://groceries.asda.com/product/1000243014200', 'product_name': "Ella's Kitchen Veggie Biryani with Mighty Mushrooms from 7+ Months", 'product_price': '£1.40', 'product_additionals': 'No weight data'}, {'shop': 'tesco', 'url': 'https://www.tesco.com/groceries/en-GB/products/295487219', 'product_name': "Ella's Kitchen Veggie Risotto With Cheese 130G", 'product_price': '£ 1.50', 'product_additionals': '£1.16/100g'}, {'shop': 'sains', 'url': 'https://www.sainsburys.co.uk/shop/gb/groceries/product/details/fresh-eggs/ellis-free-range-large-eggs-x-6', 'product_name': 'Ellis Free Range Large Eggs x6', 'product_price': '£2.00', 'product_additionals': '33p / ea'}, {'shop': 'sains', 'url': 'https://www.sainsburys.co.uk/shop/gb/groceries/product/details/fresh-eggs/ellis-free-range-medium-eggs-x-6', 'product_name': 'Ellis Free Range Medium Eggs x6', 'product_price': '£1.80', 'product_additionals': '30p / ea'}, {'shop': 'sains', 'url': 'https://www.sainsburys.co.uk/shop/gb/groceries/product/details/fresh-eggs/ellis-free-range-welsh-large-eggs-x12', 'product_name': 'Ellis Free Range Welsh Large Eggs x12', 'product_price': '£3.30', 'product_additionals': '28p / ea'}, {'shop': 'asda', 'url': 'https://groceries.asda.com/product/910000092773', 'product_name': 'Ellis Large Free Range Eggs', 'product_price': '£1.29', 'product_additionals': 'No weight data'}, {'shop': 'asda', 'url': 'https://groceries.asda.com/product/910000050610', 'product_name': 'Ellis Large Free Range Eggs', 'product_price': '£2.33', 'product_additionals': 'No weight data'}, {'shop': 'asda', 'url': 'https://groceries.asda.com/product/26458900', 'product_name': 'Ellis Medium Free Range Eggs', 'product_price': '£1.90', 'product_additionals': 'No weight data'}, {'shop': 'asda', 'url': 'https://groceries.asda.com/product/49503732', 'product_name': 'Ellis Welsh Very Large Free Range Eggs', 'product_price': '£1.60', 'product_additionals': 'No weight data'}, {'shop': 'sains', 'url': 'https://www.sainsburys.co.uk/shop/gb/groceries/product/details/all-easter-/ferrero-collection-egg-275g', 'product_name': 'Ferrero Collection Fine Milk Chocolate Egg with 6 Specialities Inside 239.8g', 'product_price': '£13.00', 'product_additionals': '£5.42 / 100g'}, {'shop': 'sains', 'url': 'https://www.sainsburys.co.uk/shop/gb/groceries/product/details/easterluxury/ferrero-collection-egg-275g', 'product_name': 'Ferrero Collection Fine Milk Chocolate Egg with 6 Specialities Inside 239.8g', 'product_price': '£13.00', 'product_additionals': '£5.42 / 100g'}, {'shop': 'tesco', 'url': 'https://www.tesco.com/groceries/en-GB/products/304791824', 'product_name': 'Ferrero Collection Milk Chocolate Egg With 6 Specialities 239.8G', 'product_price': '£ 10.00', 'product_additionals': '£4.18/100g'}, {'shop': 'tesco', 'url': 'https://www.tesco.com/groceries/en-GB/products/254633962', 'product_name': 'Ferrero Kinder Surprise Special Edition Egg 100G', 'product_price': '£ 4.00', 'product_additionals': '£4.00/100g'}, {'shop': 'tesco', 'url': 'https://www.tesco.com/groceries/en-GB/products/268319697', 'product_name': 'Ferrero Mini Eggs Cocoa 100G', 'product_price': '£ 2.50', 'product_additionals': '£2.50/100g'}, {'shop': 'tesco', 'url': 'https://www.tesco.com/groceries/en-GB/products/268317590', 'product_name': 'Ferrero Mini Eggs Hazelnut 100G', 'product_price': '£ 2.50', 'product_additionals': '£2.50/100g'}, {'shop': 'tesco', 'url': 'https://www.tesco.com/groceries/en-GB/products/299356795', 'product_name': 'Ferrero Rocher Easter Egg 212G', 'product_price': '£ 6.00', 'product_additionals': '£2.84/100g'}, {'shop': 'tesco', 'url': 'https://www.tesco.com/groceries/en-GB/products/264355256', 'product_name': 'Ferrero Rocher Easter Egg 275G', 'product_price': '£ 10.00', 'product_additionals': '£3.64/100g'}, {'shop': 'tesco', 'url': 'https://www.tesco.com/groceries/en-GB/products/302808643', 'product_name': 'Ferrero Rocher Flame Egg 225G', 'product_price': '£ 8.00', 'product_additionals': '£3.56/100g'}, {'shop': 'sains', 'url': 'https://www.sainsburys.co.uk/shop/gb/groceries/product/details/all-easter-eggs-and-chocolate-/ferrero-rocher-milk-chocolate-hazelnut-egg-with-ferrero-rocher-2125g', 'product_name': 'Ferrero Rocher Milk Chocolate & Hazelnut Egg with Ferrero Rocher 212.5g', 'product_price': '£6.50', 'product_additionals': '£3.06 / 100g'}, {'shop': 'asda', 'url': 'https://groceries.asda.com/product/1000219746339', 'product_name': 'Free and Easy Egg Replacer', 'product_price': '£2.49', 'product_additionals': 'No weight data'}, {'shop': 'sains', 'url': 'https://www.sainsburys.co.uk/shop/gb/groceries/product/details/meat-free-/fridge-raiders-mexican-veggie-bites-70g', 'product_name': 'Fridge Raiders Mexican Heatwave Veggie Snack Bites 70g', 'product_price': '£1.00', 'product_additionals': '£14.29 / kg'}, {'shop': 'sains', 'url': 'https://www.sainsburys.co.uk/shop/gb/groceries/product/details/new-savoury-snacks/fridge-raiders-mexican-veggie-bites-70g', 'product_name': 'Fridge Raiders Mexican Heatwave Veggie Snack Bites 70g', 'product_price': '£1.00', 'product_additionals': '£14.29 / kg'}, {'shop': 'sains', 'url': 'https://www.sainsburys.co.uk/shop/gb/groceries/product/details/new-savoury-snacks/fridge-raiders-simply-seasoned-veggie-bites-70g', 'product_name': 'Fridge Raiders Simply Seasoned Veggie Snack Bites 70g', 'product_price': '£1.00', 'product_additionals': '£14.29 / kg'}, {'shop': 'sains', 'url': 'https://www.sainsburys.co.uk/shop/gb/groceries/product/details/all-easter-/galaxy-caramel-chocolate-easter-mini-eggs-80g', 'product_name': 'Galaxy Caramel Chocolate Easter Mini Eggs 80g', 'product_price': '£1.00', 'product_additionals': '£1.25 / 100g'}, {'shop': 'sains', 'url': 'https://www.sainsburys.co.uk/shop/gb/groceries/product/details/easter-special-offers/galaxy-caramel-chocolate-easter-mini-eggs-80g', 'product_name': 'Galaxy Caramel Chocolate Easter Mini Eggs 80g', 'product_price': '£1.00', 'product_additionals': '£1.25 / 100g'}, {'shop': 'tesco', 'url': 'https://www.tesco.com/groceries/en-GB/products/302743275', 'product_name': 'Galaxy Chocolate Caramel Mini Egg Bag 80G', 'product_price': '£ 1.00', 'product_additionals': '£1.25/100g'}, {'shop': 'sains', 'url': 'https://www.sainsburys.co.uk/shop/gb/groceries/product/details/easter-giant/galaxy-chocolate-easter-indulgence-extra-large-egg-308g', 'product_name': 'Galaxy Chocolate Easter Indulgence Extra Large Egg 308g', 'product_price': '£8.00', 'product_additionals': '£2.60 / 100g'}, {'shop': 'sains', 'url': 'https://www.sainsburys.co.uk/shop/gb/groceries/product/details/all-easter-eggs-and-chocolate-/galaxy-chocolate-easter-indulgence-extra-large-egg-308g', 'product_name': 'Galaxy Chocolate Easter Indulgence Extra Large Egg 308g', 'product_price': '£8.00', 'product_additionals': '£2.60 / 100g'}, {'shop': 'sains', 'url': 'https://www.sainsburys.co.uk/shop/gb/groceries/product/details/miniandtreat-size/galaxy-golden-mini-chocolate-eggs-72g', 'product_name': 'Galaxy Enchanted Eggs Easter Chocolate Bag 80g', 'product_price': '75p', 'product_additionals': '94p / 100g'}, {'shop': 'tesco', 'url': 'https://www.tesco.com/groceries/en-GB/products/304788276', 'product_name': 'Galaxy Milk Chocolate Egg & Enchanted Milk Chocolate Eggs 234G', 'product_price': '£ 3.00', 'product_additionals': '£1.29/100g'}, {'shop': 'tesco', 'url': 'https://www.tesco.com/groceries/en-GB/products/304788656', 'product_name': 'Galaxy Milk Chocolate Egg Plus Enchanted Milk Chocolate Eggs 528G', 'product_price': '£ 12.00', 'product_additionals': '£2.28/100g'}, {'shop': 'tesco', 'url': 'https://www.tesco.com/groceries/en-GB/products/304799954', 'product_name': 'Galaxy Milk Chocolate Egg With Truffles 301G', 'product_price': '£ 10.00', 'product_additionals': '£3.33/100g'}, {'shop': 'tesco', 'url': 'https://www.tesco.com/groceries/en-GB/products/304783068', 'product_name': 'Galaxy Milk Chocolate Enchanted Eggs 80G', 'product_price': '£ 1.00', 'product_additionals': '£1.25/100g'}, {'shop': 'tesco', 'url': 'https://www.tesco.com/groceries/en-GB/products/251118878', 'product_name': 'Galaxy Milk Chocolate Indulgent Collection Easter Egg 308G', 'product_price': '£ 5.00', 'product_additionals': '£1.63/100g'}, {'shop': 'sains', 'url': 'https://www.sainsburys.co.uk/shop/gb/groceries/product/details/easter-special-offers/galaxy-minstrels-large-egg-262g', 'product_name': 'Galaxy Minstrels Chocolate Large Easter Egg 262g', 'product_price': '£3.00', 'product_additionals': '£1.15 / 100g'}, {'shop': 'sains', 'url': 'https://www.sainsburys.co.uk/shop/gb/groceries/product/details/all-easter-/galaxy-minstrels-large-egg-262g', 'product_name': 'Galaxy Minstrels Chocolate Large Easter Egg 262g', 'product_price': '£3.00', 'product_additionals': '£1.15 / 100g'}, {'shop': 'tesco', 'url': 'https://www.tesco.com/groceries/en-GB/products/265947643', 'product_name': 'Galaxy Minstrels Easter Egg & Chocolate 262G', 'product_price': '£ 3.00', 'product_additionals': '£1.15/100g'}, {'shop': 'asda', 'url': 'https://groceries.asda.com/product/1000203231919', 'product_name': 'George Home 100% Cotton Face Cloth - Duck Egg', 'product_price': '£1.00', 'product_additionals': '(50.0p/each)'}, {'shop': 'asda', 'url': 'https://groceries.asda.com/product/1000202846243', 'product_name': 'George Home 100% Egyptian Cotton Face Cloth - Duck Egg', 'product_price': '£0.75', 'product_additionals': '(75.0p/each)'}, {'shop': 'asda', 'url': 'https://groceries.asda.com/product/1000202846206', 'product_name': 'George Home Duck Egg 100% Egyptian Cotton Bath Sheet', 'product_price': '£7.00', 'product_additionals': '(£7.00/each)'}, {'shop': 'asda', 'url': 'https://groceries.asda.com/product/910001102628', 'product_name': 'George Home Duck Egg Egyptian Cotton Bath Towel', 'product_price': '£6.00', 'product_additionals': '(£6.00/each)'}, {'shop': 'asda', 'url': 'https://groceries.asda.com/product/1000202846493', 'product_name': 'George Home Duck Egg Egyptian Cotton Hand Towel', 'product_price': '£3.00', 'product_additionals': '(£3.00/each)'}, {'shop': 'asda', 'url': 'https://groceries.asda.com/product/1000010767311', 'product_name': 'George Home Duck Egg Pedestal Mat', 'product_price': '£5.00', 'product_additionals': '(£5.00/each)'}, {'shop': 'asda', 'url': 'https://groceries.asda.com/product/1000010766736', 'product_name': 'George Home Duck Egg Super Soft Microfibre Bath Mat', 'product_price': '£7.00', 'product_additionals': '(£7.00/each)'}, {'shop': 'asda', 'url': 'https://groceries.asda.com/product/1000176228191', 'product_name': 'George Home Eeyore Egg Cup', 'product_price': '£2.50', 'product_additionals': '(£2.50/each)'}, {'shop': 'asda', 'url': 'https://groceries.asda.com/product/1000011829672', 'product_name': 'George Home Non-stick Aluminium 4 Egg Poacher - 20cm', 'product_price': '£5.00', 'product_additionals': '(£5.00/each)'}, {'shop': 'asda', 'url': 'https://groceries.asda.com/product/1000144980456', 'product_name': 'George Home White Porcelain Egg Cups', 'product_price': '£2.50', 'product_additionals': '(£1.25/each)'}, {'shop': 'asda', 'url': 'https://groceries.asda.com/product/1000176228022', 'product_name': 'George Home Winnie The Pooh Egg Cup', 'product_price': '£2.50', 'product_additionals': '(£2.50/each)'}, {'shop': 'tesco', 'url': 'https://www.tesco.com/groceries/en-GB/products/305980518', 'product_name': 'Gosh Veggie Cocktail Sausages Sage & Black Pepper 240G', 'product_price': '£ 2.00', 'product_additionals': '£8.34/kg'}, {'shop': 'sains', 'url': 'https://www.sainsburys.co.uk/shop/gb/groceries/product/details/meat-free-/gosh!-naturally-delicious-veggie-cocktail-sausages-with-sage-black-pepper-240g', 'product_name': 'Gosh! Naturally Delicious Veggie Cocktail Sausages with Sage & Black Pepper 240g', 'product_price': '£2.95', 'product_additionals': '£1.23 / 100g'}, {'shop': 'asda', 'url': 'https://groceries.asda.com/product/1000201499398', 'product_name': 'Gosh! Veggie Cocktail Sausages with Sage & Black Pepper', 'product_price': '£2.00', 'product_additionals': 'No weight data'}, {'shop': 'sains', 'url': 'https://www.sainsburys.co.uk/shop/gb/groceries/product/details/vegan-food/gosh!-veggie-sausages-6x270g', 'product_name': 'Gosh! Veggie Sausages 6x270g', 'product_price': '£2.95', 'product_additionals': '£1.09 / 100g'}, {'shop': 'tesco', 'url': 'https://www.tesco.com/groceries/en-GB/products/293332683', 'product_name': 'Graze Sea Salt & Pepper Veggie Protein Power 128G', 'product_price': '£ 2.99', 'product_additionals': '£23.36/kg'}, {'shop': 'asda', 'url': 'https://groceries.asda.com/product/1000026958527', 'product_name': 'Graze Veggie Protein Power', 'product_price': '£1.31', 'product_additionals': '(£4.68/100g)'}, {'shop': 'tesco', 'url': 'https://www.tesco.com/groceries/en-GB/products/291315747', 'product_name': 'Graze Veggie Protein Power 28G', 'product_price': '£ 1.00', 'product_additionals': '£3.58/100g'}, {'shop': 'tesco', 'url': 'https://www.tesco.com/groceries/en-GB/products/304782858', 'product_name': "Green & Black's Milk Chocolate Large Shell Egg 345G", 'product_price': '£ 10.00', 'product_additionals': '£2.90/100g'}, {'shop': 'tesco', 'url': 'https://www.tesco.com/groceries/en-GB/products/303165738', 'product_name': 'Gro Egg 1', 'product_price': '£ 25.00', 'product_additionals': '£25.00/each'}, {'shop': 'sains', 'url': 'https://www.sainsburys.co.uk/shop/gb/groceries/product/details/new-355373-44/habitat-mid-century-house-3d-bird-egg-cup', 'product_name': 'Habitat Mid Century House 3D Bird Egg Cup', 'product_price': '£3.50', 'product_additionals': '£3.50 / ea'}, {'shop': 'tesco', 'url': 'https://www.tesco.com/groceries/en-GB/products/264328992', 'product_name': 'Happy Egg Co Large Free Range Eggs 6 Pack', 'product_price': '£ 1.65', 'product_additionals': '£0.28/each'}, {'shop': 'tesco', 'url': 'https://www.tesco.com/groceries/en-GB/products/264328894', 'product_name': 'Happy Egg Co Medium Free Range Eggs 6 Pack', 'product_price': '£ 1.40', 'product_additionals': '£0.23/each'}, {'shop': 'tesco', 'url': 'https://www.tesco.com/groceries/en-GB/products/295693390', 'product_name': 'Happy Egg Co. Free Range Eggs 10 Mixed Weight', 'product_price': '£ 2.20', 'product_additionals': '£0.22/each'}, {'shop': 'tesco', 'url': 'https://www.tesco.com/groceries/en-GB/products/304778138', 'product_name': 'Happy Egg Co. Free Range Eggs 10 Pack', 'product_price': '£ 2.20', 'product_additionals': '£0.22/each'}, {'shop': 'tesco', 'url': 'https://www.tesco.com/groceries/en-GB/products/300951423', 'product_name': 'Happy Egg Co. Free Range Eggs 12 Large', 'product_price': '£ 2.95', 'product_additionals': '£0.25/each'}, {'shop': 'tesco', 'url': 'https://www.tesco.com/groceries/en-GB/products/300951446', 'product_name': 'Happy Egg Co. Free Range Eggs 12 Medium', 'product_price': '£ 2.65', 'product_additionals': '£0.22/each'}, {'shop': 'sains', 'url': 'https://www.sainsburys.co.uk/shop/gb/groceries/product/details/fresh-eggs/happy-egg-large-free-range-eggs-x10', 'product_name': 'Happy Egg Large Free Range Eggs x10', 'product_price': '£2.75', 'product_additionals': '28p / ea'}, {'shop': 'sains', 'url': 'https://www.sainsburys.co.uk/shop/gb/groceries/product/details/fresh-eggs/happy-egg-large-free-range-eggs-x6', 'product_name': 'Happy Egg Large Free Range Eggs x6', 'product_price': '£1.75', 'product_additionals': '29p / ea'}, {'shop': 'sains', 'url': 'https://www.sainsburys.co.uk/shop/gb/groceries/product/details/miniandtreat-size/haribo-eggs-galore-multipack-160g', 'product_name': 'Haribo Eggs Galore Multipack 160g', 'product_price': '£1.00', 'product_additionals': '63p / 100g'}, {'shop': 'asda', 'url': 'https://groceries.asda.com/product/1000119983800', 'product_name': 'Hatchimals Colleggtibles 6-Pack Shell (5+ Years)', 'product_price': '£12.97', 'product_additionals': '(£12.97/each)'}, {'shop': 'asda', 'url': 'https://groceries.asda.com/product/1000219339150', 'product_name': 'Hatchimals Colleggtibles Glamfetti (5+ Years)', 'product_price': '£21.97', 'product_additionals': '(£21.97/each)'}, {'shop': 'tesco', 'url': 'https://www.tesco.com/groceries/en-GB/products/307336951', 'product_name': 'Heat & Enjoy Egg Fried Rice 400G', 'product_price': '£ 3.00', 'product_additionals': '£7.50/kg'}, {'shop': 'tesco', 'url': 'https://www.tesco.com/groceries/en-GB/products/299955316', 'product_name': "Heat 'Em Up Sausage & Egg Muffin 150G", 'product_price': '£ 1.00', 'product_additionals': '£6.67/kg'}, {'shop': 'tesco', 'url': 'https://www.tesco.com/groceries/en-GB/products/307744082', 'product_name': 'Heinz Baked Beans Protein Pot Scrambled Egg & Sausage 230G', 'product_price': '£ 2.50', 'product_additionals': '£1.09/100g'}, {'shop': 'asda', 'url': 'https://groceries.asda.com/product/1000019307060', 'product_name': 'Heinz By Nature Egg Custard 4+ Months', 'product_price': '£2.50', 'product_additionals': 'No weight data'}, {'shop': 'asda', 'url': 'https://groceries.asda.com/product/1000019306930', 'product_name': 'Heinz By Nature Egg Custard 4+ Months', 'product_price': '£0.65', 'product_additionals': 'No weight data'}, {'shop': 'asda', 'url': 'https://groceries.asda.com/product/1000019306606', 'product_name': 'Heinz By Nature Sweet Potato, Chicken & Veggies 7+ Months', 'product_price': '£1.00', 'product_additionals': 'No weight data'}, {'shop': 'asda', 'url': 'https://groceries.asda.com/product/1000019306985', 'product_name': 'Heinz By Nature Veggies with Lamb 12+ Months', 'product_price': '£1.30', 'product_additionals': 'No weight data'}, {'shop': 'sains', 'url': 'https://www.sainsburys.co.uk/shop/gb/groceries/product/details/price-lock-baby-toddler/heinz-by-nature-veggies-with-lamb-12-months-230g', 'product_name': 'Heinz By Nature Veggies with Lamb 12+ Months 230g', 'product_price': '£1.35', 'product_additionals': '59p / 100g'}, {'shop': 'asda', 'url': 'https://groceries.asda.com/product/1000020841081', 'product_name': 'Heinz By Nature Veggies, Pork & Mango 12+ Months', 'product_price': '£1.30', 'product_additionals': 'No weight data'}, {'shop': 'asda', 'url': 'https://groceries.asda.com/product/1000019306628', 'product_name': 'Heinz By Nature Winter Veggies & Lamb 7+ Months', 'product_price': '£0.75', 'product_additionals': 'No weight data'}, {'shop': 'coop', 'url': 'https://www.coop.co.uk/products/higgidy-6-cheddar-and-onion-chutney-veggie-rolls-160g', 'product_name': 'Higgidy 6 Cheddar & Onion Chutney Veggie Rolls 160g', 'product_price': '£2.60', 'product_additionals': '160g (£1.63 per 100g)\n6 pack'}, {'shop': 'coop', 'url': 'https://www.coop.co.uk/products/higgidy-6-feta-and-red-pepper-veggie-rolls-160g', 'product_name': 'Higgidy 6 Feta & Red Pepper Veggie Rolls 160g', 'product_price': '£2.60', 'product_additionals': '160g (£1.63 per 100g)\n6 pack'}, {'shop': 'tesco', 'url': 'https://www.tesco.com/groceries/en-GB/products/303853022', 'product_name': 'Higgidy Cheddar & Onion Veggie Rolls 160G', 'product_price': '£ 2.60', 'product_additionals': '£1.63/100g'}, {'shop': 'sains', 'url': 'https://www.sainsburys.co.uk/shop/gb/groceries/product/details/fresh-eggs/hoads-farm-large-sussex-eggs-x6', 'product_name': 'Hoads Farm Large Sussex Eggs x6', 'product_price': '£2.05', 'product_additionals': '34p / ea'}, {'shop': 'sains', 'url': 'https://www.sainsburys.co.uk/shop/gb/groceries/product/details/fresh-eggs/hoads-farm-medium-sussex-eggs-x6', 'product_name': 'Hoads Farm Medium Sussex Eggs x6', 'product_price': '£1.80', 'product_additionals': '30p / ea'}, {'shop': 'sains', 'url': 'https://www.sainsburys.co.uk/shop/gb/groceries/product/details/fresh-eggs/j-james-fr-mixed-weight-eggs-x10', 'product_name': 'J.James Free Range Eggs Mixed Weight x10', 'product_price': '£1.10', 'product_additionals': '11p / ea'}, {'shop': 'asda', 'url': 'https://groceries.asda.com/product/1000063918645', 'product_name': "Johnstone's New Duck Egg Matt Emulsion", 'product_price': '£8.00', 'product_additionals': '(£3.20/lt)'}, {'shop': 'asda', 'url': 'https://groceries.asda.com/product/1000063918614', 'product_name': "Johnstone's New Duck Egg Silk Emulsion", 'product_price': '£8.00', 'product_additionals': '(£3.20/lt)'}, {'shop': 'asda', 'url': 'https://groceries.asda.com/product/1000231165258', 'product_name': 'Joie Egg Poacher', 'product_price': '£3.00', 'product_additionals': '(£3.00/each)'}, {'shop': 'asda', 'url': 'https://groceries.asda.com/product/1000158056023', 'product_name': 'Joie Egg Slicer', 'product_price': '£3.00', 'product_additionals': '(£3.00/each)'}, {'shop': 'tesco', 'url': 'https://www.tesco.com/groceries/en-GB/products/303250856', 'product_name': 'Joie Silicone Egg Ring', 'product_price': '£ 2.00', 'product_additionals': '£2.00/each'}, {'shop': 'asda', 'url': 'https://groceries.asda.com/product/1000251982093', 'product_name': 'Kiddylicious Cheesy Flavour Veggie Straws', 'product_price': '£4.75', 'product_additionals': 'No weight data'}, {'shop': 'tesco', 'url': 'https://www.tesco.com/groceries/en-GB/products/305988493', 'product_name': 'Kiddylicious Cheesy Veggie Straws 4X12g', 'product_price': '£ 2.30', 'product_additionals': '£47.92/kg'}, {'shop': 'tesco', 'url': 'https://www.tesco.com/groceries/en-GB/products/302304869', 'product_name': 'Kiddylicious Cottage Pie With Veggie Mash 180G', 'product_price': '£ 1.90', 'product_additionals': '£1.06/100g'}, {'shop': 'tesco', 'url': 'https://www.tesco.com/groceries/en-GB/products/302274432', 'product_name': 'Kiddylicious Veggie Lasagne 200G', 'product_price': '£ 1.90', 'product_additionals': '£9.50/kg'}, {'shop': 'asda', 'url': 'https://groceries.asda.com/product/910003257673', 'product_name': 'Kiddylicious Veggie Straws', 'product_price': '£0.50', 'product_additionals': 'No weight data'}, {'shop': 'asda', 'url': 'https://groceries.asda.com/product/1000251982159', 'product_name': 'Kiddylicious Veggie Straws', 'product_price': '£4.75', 'product_additionals': 'No weight data'}, {'shop': 'asda', 'url': 'https://groceries.asda.com/product/910003258043', 'product_name': 'Kiddylicious Veggie Straws', 'product_price': '£2.30', 'product_additionals': 'No weight data'}, {'shop': 'tesco', 'url': 'https://www.tesco.com/groceries/en-GB/products/293944264', 'product_name': 'Kiddylicious Veggie Straws 12G', 'product_price': '£ 0.65', 'product_additionals': '£54.17/kg'}, {'shop': 'tesco', 'url': 'https://www.tesco.com/groceries/en-GB/products/298648941', 'product_name': 'Kiddylicious Veggie Straws Multipack 4X12g', 'product_price': '£ 2.30', 'product_additionals': '£4.80/100g'}, {'shop': 'tesco', 'url': 'https://www.tesco.com/groceries/en-GB/products/287260753', 'product_name': 'Kinder Joy Egg 20G', 'product_price': '£ 0.85', 'product_additionals': '£4.25/100g'}, {'shop': 'sains', 'url': 'https://www.sainsburys.co.uk/shop/gb/groceries/product/details/all-easter-eggs-and-chocolate-/kinder-mini-eggs-75g', 'product_name': 'Kinder Mini Easter Eggs Pouch 75g', 'product_price': '£1.00', 'product_additionals': '55p / 100g'}, {'shop': 'asda', 'url': 'https://groceries.asda.com/product/1000073094501', 'product_name': 'Kinder Surprise Chocolate Christmas Egg', 'product_price': '£4.00', 'product_additionals': '(£4.00/100g)'}, {'shop': 'asda', 'url': 'https://groceries.asda.com/product/21672929', 'product_name': 'Kinder Surprise Chocolate Egg Multipack 3 Pack', 'product_price': '£2.00', 'product_additionals': '(£3.33/100g)'}, {'shop': 'asda', 'url': 'https://groceries.asda.com/product/910000265231', 'product_name': 'Kinder Surprise Chocolate Egg single', 'product_price': '£0.85', 'product_additionals': '(£4.25/100g)'}, {'shop': 'coop', 'url': 'https://www.coop.co.uk/products/kinder-surprise-egg-20g', 'product_name': 'Kinder Surprise Egg 20g', 'product_price': '£0.90', 'product_additionals': '20g (£3.75 per 100g)\n1x20g'}, {'shop': 'tesco', 'url': 'https://www.tesco.com/groceries/en-GB/products/259298175', 'product_name': 'Kinder Surprise Egg 20G', 'product_price': '£ 0.85', 'product_additionals': '£4.25/100g'}, {'shop': 'tesco', 'url': 'https://www.tesco.com/groceries/en-GB/products/255028099', 'product_name': 'Kinder Surprise Egg 3 X 20G', 'product_price': '£ 1.89', 'product_additionals': '£3.15/100g'}, {'shop': 'sains', 'url': 'https://www.sainsburys.co.uk/shop/gb/groceries/product/details/all-easter-eggs-and-chocolate-/kinder-surprise-chocolate-egg-x3-60g', 'product_name': 'Kinder Surprise Eggs 3x20', 'product_price': '£1.89', 'product_additionals': '£3.15 / 100g'}, {'shop': 'sains', 'url': 'https://www.sainsburys.co.uk/shop/gb/groceries/product/details/easter-special-offers/kinder-surprise-chocolate-egg-x3-60g', 'product_name': 'Kinder Surprise Eggs 3x20', 'product_price': '£1.89', 'product_additionals': '£3.15 / 100g'}, {'shop': 'tesco', 'url': 'https://www.tesco.com/groceries/en-GB/products/302808689', 'product_name': 'Kinder Surprise Giant Egg 220G', 'product_price': '£ 10.00', 'product_additionals': '£4.55/100g'}, {'shop': 'tesco', 'url': 'https://www.tesco.com/groceries/en-GB/products/266459332', 'product_name': 'Kinnerton Plastic Surprise Egg 10G', 'product_price': '£ 0.85', 'product_additionals': '£8.50/100g'}, {'shop': 'tesco', 'url': 'https://www.tesco.com/groceries/en-GB/products/305554119', 'product_name': 'Kit Kat Bunny Milk Chocolate Large Egg 238G', 'product_price': '£ 3.00', 'product_additionals': '£1.27/100g'}, {'shop': 'tesco', 'url': 'https://www.tesco.com/groceries/en-GB/products/307960999', 'product_name': 'Kit Kat Chunky Cookie Dough Easter Egg 516G', 'product_price': '£ 8.00', 'product_additionals': '£1.56/100g'}, {'shop': 'tesco', 'url': 'https://www.tesco.com/groceries/en-GB/products/308079464', 'product_name': 'Kit Kat Chunky Milk Chocolate Easter Egg 129G', 'product_price': '£ 1.00', 'product_additionals': '£0.78/100g'}, {'shop': 'tesco', 'url': 'https://www.tesco.com/groceries/en-GB/products/305554102', 'product_name': 'Kit Kat Chunky Milk Chocolate Large Egg 260G', 'product_price': '£ 3.00', 'product_additionals': '£1.16/100g'}, {'shop': 'sains', 'url': 'https://www.sainsburys.co.uk/shop/gb/groceries/product/details/all-easter-/kit-kat-milk-chocolate-filled-mini-eggs-pouch-81g', 'product_name': 'Kit Kat Milk Chocolate Filled Mini Eggs Pouch 81g', 'product_price': '£1.00', 'product_additionals': '£1.23 / 100g'}, {'shop': 'sains', 'url': 'https://www.sainsburys.co.uk/shop/gb/groceries/product/details/easter-special-offers/kit-kat-milk-chocolate-filled-mini-eggs-pouch-81g', 'product_name': 'Kit Kat Milk Chocolate Filled Mini Eggs Pouch 81g', 'product_price': '£1.00', 'product_additionals': '£1.23 / 100g'}, {'shop': 'tesco', 'url': 'https://www.tesco.com/groceries/en-GB/products/308089826', 'product_name': 'Kit Kat Milk Chocolate Mini Eggs 81G', 'product_price': '£ 1.00', 'product_additionals': '£1.24/100g'}, {'shop': 'sains', 'url': 'https://www.sainsburys.co.uk/shop/gb/groceries/product/details/easter-special-offers/kit-kat-bunny-giant-egg-295g', 'product_name': 'KitKat Bunny Milk Chocolate Giant Egg 295g', 'product_price': '£5.00', 'product_additionals': '£1.69 / 100g'}, {'shop': 'sains', 'url': 'https://www.sainsburys.co.uk/shop/gb/groceries/product/details/easter-giant/kit-kat-bunny-giant-egg-295g', 'product_name': 'KitKat Bunny Milk Chocolate Giant Egg 295g', 'product_price': '£5.00', 'product_additionals': '£1.69 / 100g'}, {'shop': 'sains', 'url': 'https://www.sainsburys.co.uk/shop/gb/groceries/product/details/easter-giant/kitkat-chunky-cookie-dough-milk-chocolate-incredible-egg-516g', 'product_name': 'KitKat Chunky Cookie Dough Milk Chocolate Incredible Egg 516g', 'product_price': '£10.00', 'product_additionals': '£1.94 / 100g'}, {'shop': 'sains', 'url': 'https://www.sainsburys.co.uk/shop/gb/groceries/product/details/all-easter-/kitkat-chunky-cookie-dough-milk-chocolate-incredible-egg-516g', 'product_name': 'KitKat Chunky Cookie Dough Milk Chocolate Incredible Egg 516g', 'product_price': '£10.00', 'product_additionals': '£1.94 / 100g'}, {'shop': 'sains', 'url': 'https://www.sainsburys.co.uk/shop/gb/groceries/product/details/easter-special-offers/kitkat-chunky-cookie-dough-milk-chocolate-incredible-egg-516g', 'product_name': 'KitKat Chunky Cookie Dough Milk Chocolate Incredible Egg 516g', 'product_price': '£10.00', 'product_additionals': '£1.94 / 100g'}, {'shop': 'tesco', 'url': 'https://www.tesco.com/groceries/en-GB/products/308093589', 'product_name': 'Knorr 8 Zero Salt Veggie Stock Cubes 72G', 'product_price': '£ 1.50', 'product_additionals': '£2.09/100g'}, {'shop': 'tesco', 'url': 'https://www.tesco.com/groceries/en-GB/products/293258258', 'product_name': 'Kohinoor Bombay Egg Curry Cooking Sauce 375G', 'product_price': '£ 1.50', 'product_additionals': '£0.40/100g'}, {'shop': 'asda', 'url': 'https://groceries.asda.com/product/1000116563960', 'product_name': "L'Oreal Paris Infallible More Than Concealer 321 Eggshell", 'product_price': '£9.95', 'product_additionals': '(£6.97/10g)'}, {'shop': 'sains', 'url': 'https://www.sainsburys.co.uk/shop/gb/groceries/product/details/meat-free-/lazy-vegan-ready-meal-mexican-veggies-chunky-pulled-peaz-350g', 'product_name': 'Lazy Vegan Ready Meal Mexican Veggies & Chunky Pulled Peaz 350g', 'product_price': '£3.00', 'product_additionals': '£8.57 / kg'}, {'shop': 'tesco', 'url': 'https://www.tesco.com/groceries/en-GB/products/302292243', 'product_name': 'Levi Roots Jerk Wrap Kit Reggae Reggae Sauce 440G', 'product_price': '£ 3.30', 'product_additionals': '£0.75/100g'}, {'shop': 'asda', 'url': 'https://groceries.asda.com/product/910001350838', 'product_name': 'Levi Roots Reggae Reggae Jerk BBQ Sauce', 'product_price': '£1.50', 'product_additionals': 'No weight data'}, {'shop': 'asda', 'url': 'https://groceries.asda.com/product/910003186032', 'product_name': 'Levi Roots Reggae Reggae Jerk BBQ Sauce', 'product_price': '£1.35', 'product_additionals': '(40.9p/100g)'}, {'shop': 'tesco', 'url': 'https://www.tesco.com/groceries/en-GB/products/266988097', 'product_name': 'Levi Roots Reggae Sauce 490G', 'product_price': '£ 2.55', 'product_additionals': '£0.52/100g'}, {'shop': 'asda', 'url': 'https://groceries.asda.com/product/1000118273230', 'product_name': 'Levi Roots Reggaenaise Jerk Mayonnaise', 'product_price': '£1.50', 'product_additionals': '(60.0p/100ml)'}, {'shop': 'tesco', 'url': 'https://www.tesco.com/groceries/en-GB/products/302862306', 'product_name': 'Lindt Chick Chocolate Egg 18G', 'product_price': '£ 0.50', 'product_additionals': '£2.78/100g'}, {'shop': 'tesco', 'url': 'https://www.tesco.com/groceries/en-GB/products/307345456', 'product_name': 'Lindt Excellence Dark Chocolate Shell Egg & Chocolate Selection 240G', 'product_price': '£ 10.00', 'product_additionals': '£4.17/100g'}, {'shop': 'sains', 'url': 'https://www.sainsburys.co.uk/shop/gb/groceries/product/details/easter-special-offers/lindt-gold-bunny-egg-115g', 'product_name': 'Lindt Gold Bunny Easter Egg Milk Chocolate 115g', 'product_price': '£5.00', 'product_additionals': '£4.35 / 100g'}, {'shop': 'sains', 'url': 'https://www.sainsburys.co.uk/shop/gb/groceries/product/details/all-easter-/lindt-gold-bunny-egg-115g', 'product_name': 'Lindt Gold Bunny Easter Egg Milk Chocolate 115g', 'product_price': '£5.00', 'product_additionals': '£4.35 / 100g'}, {'shop': 'tesco', 'url': 'https://www.tesco.com/groceries/en-GB/products/304790854', 'product_name': 'Lindt Gold Bunny Milk Chocolate Egg 115G', 'product_price': '£ 4.00', 'product_additionals': '£3.48/100g'}, {'shop': 'tesco', 'url': 'https://www.tesco.com/groceries/en-GB/products/304797294', 'product_name': 'Lindt Gold Bunny Milk Chocolate Egg 195G', 'product_price': '£ 8.00', 'product_additionals': '£4.11/100g'}, {'shop': 'tesco', 'url': 'https://www.tesco.com/groceries/en-GB/products/304399621', 'product_name': 'Lindt Gold Bunny Milk Chocolate Egg 460G', 'product_price': '£ 15.00', 'product_additionals': '£3.27/100g'}, {'shop': 'tesco', 'url': 'https://www.tesco.com/groceries/en-GB/products/307160259', 'product_name': 'Lindt Gold Bunny White Chocolate Easter Egg 115G', 'product_price': '£ 4.00', 'product_additionals': '£3.48/100g'}, {'shop': 'sains', 'url': 'https://www.sainsburys.co.uk/shop/gb/groceries/product/details/easter-special-offers/lindt-gold-bunny-white-chocolate-easter-egg-115g', 'product_name': 'Lindt Gold Bunny White Chocolate Easter Egg 115g', 'product_price': '£5.00', 'product_additionals': '£4.35 / 100g'}, {'shop': 'tesco', 'url': 'https://www.tesco.com/groceries/en-GB/products/302862404', 'product_name': 'Lindt Lindor Assorted Milk Chocolate Shell Egg 215G', 'product_price': '£ 6.00', 'product_additionals': '£2.80/100g'}, {'shop': 'tesco', 'url': 'https://www.tesco.com/groceries/en-GB/products/258761475', 'product_name': 'Lindt Lindor Filled Egg 28G', 'product_price': '£ 0.50', 'product_additionals': '£1.79/100g'}, {'shop': 'tesco', 'url': 'https://www.tesco.com/groceries/en-GB/products/307151495', 'product_name': 'Lindt Lindor Milk Chocolate Eggs 80G', 'product_price': '£ 1.50', 'product_additionals': '£1.88/100g'}, {'shop': 'tesco', 'url': 'https://www.tesco.com/groceries/en-GB/products/302862387', 'product_name': 'Lindt Lindor Milk Chocolate Shell Egg 215G', 'product_price': '£ 6.00', 'product_additionals': '£2.80/100g'}, {'shop': 'tesco', 'url': 'https://www.tesco.com/groceries/en-GB/products/307140986', 'product_name': 'Lindt Lindor Mint Milk Chocolate Eggs 80G', 'product_price': '£ 1.50', 'product_additionals': '£1.88/100g'}, {'shop': 'tesco', 'url': 'https://www.tesco.com/groceries/en-GB/products/304798379', 'product_name': 'Lindt Lindor White Chocolate Egg With Truffles 348G', 'product_price': '£ 15.00', 'product_additionals': '£4.32/100g'}, {'shop': 'tesco', 'url': 'https://www.tesco.com/groceries/en-GB/products/307356512', 'product_name': 'Lindt Lindor White Chocolate Eggs 80G', 'product_price': '£ 1.50', 'product_additionals': '£1.88/100g'}, {'shop': 'sains', 'url': 'https://www.sainsburys.co.uk/shop/gb/groceries/product/details/easter-special-offers/lindt-lindor-white-egg-355g', 'product_name': 'Lindt Lindor White Egg 348g', 'product_price': '£1.20', 'product_additionals': '34p / 100g'}, {'shop': 'sains', 'url': 'https://www.sainsburys.co.uk/shop/gb/groceries/product/details/easter-special-offers/lindt-milk-chocolate-easter-egg-with-lindor-assorted-truffles-260g', 'product_name': 'Lindt Milk Chocolate Easter Egg with Lindor Assorted Truffles 260g', 'product_price': '£10.00', 'product_additionals': '£3.85 / 100g'}, {'shop': 'tesco', 'url': 'https://www.tesco.com/groceries/en-GB/products/307359123', 'product_name': 'Lindt Milk Chocolate Egg With Assorted Truffles 348G', 'product_price': '£ 15.00', 'product_additionals': '£4.32/100g'}, {'shop': 'tesco', 'url': 'https://www.tesco.com/groceries/en-GB/products/307157539', 'product_name': 'Lindt Milk Chocolate Egg With Lindor Assorted Truffles 260G', 'product_price': '£ 8.00', 'product_additionals': '£3.08/100g'}, {'shop': 'sains', 'url': 'https://www.sainsburys.co.uk/shop/gb/groceries/product/details/easterluxury/lindt-lindor-milk-chocolate-easter-egg-with-lindor-filled-eggs-322g', 'product_name': 'Lindt Milk Chocolate Egg with LINDOR Milk Filled Eggs 322g', 'product_price': '£12.00', 'product_additionals': '£3.73 / 100g'}, {'shop': 'tesco', 'url': 'https://www.tesco.com/groceries/en-GB/products/307361315', 'product_name': 'Lindt Milk Chocolate Egg With Lindor Milk Truffles 348G', 'product_price': '£ 15.00', 'product_additionals': '£4.32/100g'}, {'shop': 'tesco', 'url': 'https://www.tesco.com/groceries/en-GB/products/307159475', 'product_name': 'Lindt Milk Chocolate Egg With Lindor Mint Truffles 260G', 'product_price': '£ 8.00', 'product_additionals': '£3.08/100g'}, {'shop': 'sains', 'url': 'https://www.sainsburys.co.uk/shop/gb/groceries/product/details/all-easter-eggs-and-chocolate-/lindt-lindor-milk-mint-egg-285g-check-your-local-store-for-available-range-', 'product_name': 'Lindt Milk Chocolate Egg with LINDOR Mint Truffles 260g', 'product_price': '£10.00', 'product_additionals': '£3.85 / 100g'}, {'shop': 'tesco', 'url': 'https://www.tesco.com/groceries/en-GB/products/307341944', 'product_name': 'Lindt Milk Chocolate Egg With Milk & White Truffles 260G', 'product_price': '£ 8.00', 'product_additionals': '£3.08/100g'}, {'shop': 'tesco', 'url': 'https://www.tesco.com/groceries/en-GB/products/307354537', 'product_name': 'Lindt Milk Chocolate Egg With Milk Lndor Truffles 260G', 'product_price': '£ 8.00', 'product_additionals': '£3.08/100g'}, {'shop': 'tesco', 'url': 'https://www.tesco.com/groceries/en-GB/products/307137023', 'product_name': 'Lindt Milk Chocolate Egg With Salted Caramel Truffles 260G', 'product_price': '£ 8.00', 'product_additionals': '£3.08/100g'}, {'shop': 'tesco', 'url': 'https://www.tesco.com/groceries/en-GB/products/307135479', 'product_name': 'Lindt Mini Eggs Milk Chocolate With Creamy Filling 80G', 'product_price': '£ 1.50', 'product_additionals': '£1.88/100g'}, {'shop': 'tesco', 'url': 'https://www.tesco.com/groceries/en-GB/products/307755558', 'product_name': 'Lindt Mini Milk Chocolate Eggs 177G', 'product_price': '£ 4.00', 'product_additionals': '£2.26/100g'}, {'shop': 'tesco', 'url': 'https://www.tesco.com/groceries/en-GB/products/307141795', 'product_name': 'Lindt White Chocolate Egg With Strawberry & Cream Truffles 260G', 'product_price': '£ 8.00', 'product_additionals': '£3.08/100g'}, {'shop': 'sains', 'url': 'https://www.sainsburys.co.uk/shop/gb/groceries/product/details/easter-special-offers/lindt-white-easter-egg-with-lindor-white-truffles-260g', 'product_name': 'Lindt White Easter Egg with Lindor White Truffles 260g', 'product_price': '£10.00', 'product_additionals': '£3.85 / 100g'}, {'shop': 'tesco', 'url': 'https://www.tesco.com/groceries/en-GB/products/307750189', 'product_name': 'Lisner Vegetable Salad With Egg 500G', 'product_price': '£ 2.00', 'product_additionals': '£0.40/100g'}, {'shop': 'asda', 'url': 'https://groceries.asda.com/product/1000200539443', 'product_name': 'Lisner Vegetable Salad with Eggs', 'product_price': '£2.00', 'product_additionals': '(40.0p/100g)'}, {'shop': 'tesco', 'url': 'https://www.tesco.com/groceries/en-GB/products/277909550', 'product_name': 'Lubella Egg Pasta 250G', 'product_price': '£ 0.80', 'product_additionals': '£0.32/100g'}, {'shop': 'tesco', 'url': 'https://www.tesco.com/groceries/en-GB/products/295409890', 'product_name': 'M&M Large Easter Egg 268G', 'product_price': '£ 3.00', 'product_additionals': '£1.12/100g'}, {'shop': 'tesco', 'url': 'https://www.tesco.com/groceries/en-GB/products/302783751', 'product_name': "M&M's Chocolate Eggs Easter Egg 313G", 'product_price': '£ 5.00', 'product_additionals': '£1.60/100g'}, {'shop': 'sains', 'url': 'https://www.sainsburys.co.uk/shop/gb/groceries/product/details/new-355373-44/m-ms-chocolate-eggs-sharing-bag-80g', 'product_name': "M&M's Chocolate Eggs Sharing Bag 80g", 'product_price': '10p', 'product_additionals': '13p / 100g'}, {'shop': 'sains', 'url': 'https://www.sainsburys.co.uk/shop/gb/groceries/product/details/all-easter-/m-ms-chocolate-moulded-easter-eggs-200g', 'product_name': "M&M's Chocolate Moulded Easter Eggs 200g", 'product_price': '£3.50', 'product_additionals': '£1.75 / 100g'}, {'shop': 'sains', 'url': 'https://www.sainsburys.co.uk/shop/gb/groceries/product/details/easter-special-offers/m-ms-chocolate-moulded-easter-eggs-200g', 'product_name': "M&M's Chocolate Moulded Easter Eggs 200g", 'product_price': '£3.50', 'product_additionals': '£1.75 / 100g'}, {'shop': 'sains', 'url': 'https://www.sainsburys.co.uk/shop/gb/groceries/product/details/easter-special-offers/m-ms-crispy-chocolate-large-easter-egg-250g', 'product_name': "M&M's Crispy Chocolate Large Easter Egg 250g", 'product_price': '£3.00', 'product_additionals': '£1.20 / 100g'}, {'shop': 'sains', 'url': 'https://www.sainsburys.co.uk/shop/gb/groceries/product/details/easter-special-offers/m-ms-speckled-eggs-175g', 'product_name': "M&M's Speckled Eggs Easter Chocolate Pouch 175g", 'product_price': '28p', 'product_additionals': '16p / 100g'}, {'shop': 'coop', 'url': 'https://www.coop.co.uk/products/macsween-veggie-haggis-400g', 'product_name': 'MacSween Veggie Haggis 400g', 'product_price': '£2', 'product_additionals': '400g (50.0p per 100g)'}, {'shop': 'tesco', 'url': 'https://www.tesco.com/groceries/en-GB/products/281879837', 'product_name': 'Malteasers Large Teasers Egg 248G', 'product_price': '£ 3.00', 'product_additionals': '£1.21/100g'}, {'shop': 'tesco', 'url': 'https://www.tesco.com/groceries/en-GB/products/265946189', 'product_name': 'Malteaster Bunny Luxury Easter Egg & Chocolate 265G', 'product_price': '£ 5.00', 'product_additionals': '£1.89/100g'}, {'shop': 'sains', 'url': 'https://www.sainsburys.co.uk/shop/gb/groceries/product/details/easter-giant/maltesers-bunny-chocolate-extra-large-easter-egg-265g', 'product_name': 'Maltesers Bunny Chocolate Extra Large Easter Egg 265g', 'product_price': '£8.00', 'product_additionals': '£3.02 / 100g'}, {'shop': 'sains', 'url': 'https://www.sainsburys.co.uk/shop/gb/groceries/product/details/all-easter-eggs-and-chocolate-/maltesers-bunny-chocolate-mini-bunnies-small-easter-egg-80g', 'product_name': 'Maltesers Bunny Chocolate Mini Bunnies Small Easter Egg 80g', 'product_price': '£1.00', 'product_additionals': '£1.25 / 100g'}, {'shop': 'sains', 'url': 'https://www.sainsburys.co.uk/shop/gb/groceries/product/details/easter-giant/maltesers-buttons-xl-egg-274g', 'product_name': 'Maltesers Buttons Chocolate Extra Large Easter Egg 274g', 'product_price': '£8.00', 'product_additionals': '£2.92 / 100g'}, {'shop': 'sains', 'url': 'https://www.sainsburys.co.uk/shop/gb/groceries/product/details/all-easter-eggs-and-chocolate-/maltesers-chocolate-medium-easter-egg-127g', 'product_name': 'Maltesers Chocolate Medium Easter Egg 127g', 'product_price': '£1.25', 'product_additionals': '98p / 100g'}, {'shop': 'tesco', 'url': 'https://www.tesco.com/groceries/en-GB/products/265947303', 'product_name': 'Maltesers Milk Chocolate Easter Egg & Chocolate 127G', 'product_price': '£ 1.00', 'product_additionals': '£0.79/100g'}, {'shop': 'tesco', 'url': 'https://www.tesco.com/groceries/en-GB/products/304403675', 'product_name': 'Maltesers Milk Chocolate Egg With 3 Bags Of Buttons 274G', 'product_price': '£ 5.00', 'product_additionals': '£1.83/100g'}, {'shop': 'tesco', 'url': 'https://www.tesco.com/groceries/en-GB/products/307140433', 'product_name': 'Maltesers Mint Buttons & Milk Chocolate Egg 274G', 'product_price': '£ 5.00', 'product_additionals': '£1.83/100g'}, {'shop': 'sains', 'url': 'https://www.sainsburys.co.uk/shop/gb/groceries/product/details/easterluxury/maltesers-truffles-luxury-chocolate-easter-egg-286g-check-your-local-store-for-available-range-', 'product_name': 'Maltesers Truffles Luxury Chocolate Easter Egg 286g', 'product_price': '£10.00', 'product_additionals': '£3.50 / 100g'}, {'shop': 'tesco', 'url': 'https://www.tesco.com/groceries/en-GB/products/302743315', 'product_name': 'Maltesers Truffles Luxury Egg 286G', 'product_price': '£ 10.00', 'product_additionals': '£3.50/100g'}, {'shop': 'tesco', 'url': 'https://www.tesco.com/groceries/en-GB/products/304791058', 'product_name': 'Maltesers White Chocolate Egg With White Truffles 287G', 'product_price': '£ 10.00', 'product_additionals': '£3.49/100g'}, {'shop': 'tesco', 'url': 'https://www.tesco.com/groceries/en-GB/products/281879774', 'product_name': 'Mars Galaxy Milk Chocolate Ripple Easter Egg 286G', 'product_price': '£ 5.00', 'product_additionals': '£1.75/100g'}, {'shop': 'tesco', 'url': 'https://www.tesco.com/groceries/en-GB/products/265946742', 'product_name': 'Mars Milk Chocolate Easter Egg & Chocolate 141G', 'product_price': '£ 1.00', 'product_additionals': '£0.71/100g'}, {'shop': 'tesco', 'url': 'https://www.tesco.com/groceries/en-GB/products/265947614', 'product_name': 'Mars Milk Chocolate Egg With Mars Bar 280G', 'product_price': '£ 3.00', 'product_additionals': '£1.08/100g'}, {'shop': 'tesco', 'url': 'https://www.tesco.com/groceries/en-GB/products/308099394', 'product_name': 'Milkbar White Chocolate Mini Eggs 80G', 'product_price': '£ 1.00', 'product_additionals': '£1.25/100g'}, {'shop': 'tesco', 'url': 'https://www.tesco.com/groceries/en-GB/products/307762238', 'product_name': 'Milkybar Mini Eggs White Chocolate 240G', 'product_price': '£ 2.00', 'product_additionals': '£0.83/100g'}, {'shop': 'tesco', 'url': 'https://www.tesco.com/groceries/en-GB/products/261592624', 'product_name': 'Milkybar Small Easter Egg 65G', 'product_price': '£ 1.00', 'product_additionals': '£1.54/100g'}, {'shop': 'sains', 'url': 'https://www.sainsburys.co.uk/shop/gb/groceries/product/details/new-355373-44/minecraft-mini-spawn-egg--133084658-p', 'product_name': 'Minecraft Mini Spawn Egg', 'product_price': '£6.50', 'product_additionals': '£6.50 / ea'}, {'shop': 'sains', 'url': 'https://www.sainsburys.co.uk/shop/gb/groceries/product/details/fresh-eggs/mixed-weight-free-range-eggs-x6', 'product_name': 'Mixed Weight Free Range Eggs x6', 'product_price': '£1.10', 'product_additionals': '18p / ea'}, {'shop': 'tesco', 'url': 'https://www.tesco.com/groceries/en-GB/products/307355974', 'product_name': 'Moo Free Bunny Comb Easter Egg & Surprise 95G', 'product_price': '£ 2.50', 'product_additionals': '£2.64/100g'}, {'shop': 'tesco', 'url': 'https://www.tesco.com/groceries/en-GB/products/303088294', 'product_name': 'Mr Kipling Egg Fancies 8 Pack', 'product_price': '£ 1.50', 'product_additionals': '£0.19/each'}, {'shop': 'tesco', 'url': 'https://www.tesco.com/groceries/en-GB/products/303852138', 'product_name': 'Mutti Parmigiano Reggiano Cheese Pasta Sauce 400G', 'product_price': '£ 2.45', 'product_additionals': '£0.61/100g'}, {'shop': 'sains', 'url': 'https://www.sainsburys.co.uk/shop/gb/groceries/product/details/new-355373-44/naked-cantonese-style-hoisin-duck-egg-noodles-78g', 'product_name': 'Naked Cantonese Style Hoisin Duck Egg Noodles 78g', 'product_price': '£1.20', 'product_additionals': '£1.54 / 100g'}, {'shop': 'asda', 'url': 'https://groceries.asda.com/product/1000258775075', 'product_name': 'Naked Noodle Chinese Style Firecracker Chicken Egg Noodles', 'product_price': '£0.60', 'product_additionals': '(76.9p/100g)'}, {'shop': 'sains', 'url': 'https://www.sainsburys.co.uk/shop/gb/groceries/product/details/all-price-lock/naked-noodle-thai-sweet-chilli-egg-noodles-78g', 'product_name': 'Naked Noodle Thai Sweet Chilli Egg Noodles 78g', 'product_price': '60p', 'product_additionals': '77p / 100g'}, {'shop': 'asda', 'url': 'https://groceries.asda.com/product/1000053215790', 'product_name': 'Naked Noodle The Big One Egg Noodles Malaysian Mee Goreng', 'product_price': '£1.00', 'product_additionals': '(£9.62/kg)'}, {'shop': 'asda', 'url': 'https://groceries.asda.com/product/1000053215832', 'product_name': 'Naked Noodle The Big One Egg Noodles Singapore Curry', 'product_price': '£1.00', 'product_additionals': '(£9.62/kg)'}, {'shop': 'asda', 'url': 'https://groceries.asda.com/product/1000053215794', 'product_name': 'Naked Noodle The Big One Egg Noodles Thai Fiery Chicken Panang', 'product_price': '£1.00', 'product_additionals': '(£9.62/kg)'}, {'shop': 'asda', 'url': 'https://groceries.asda.com/product/1000053215781', 'product_name': 'Naked Noodle The Big One Egg Noodles Thai Green Curry', 'product_price': '£1.00', 'product_additionals': '(£9.62/kg)'}, {'shop': 'sains', 'url': 'https://www.sainsburys.co.uk/shop/gb/groceries/product/details/fresh-pasta/napolina-egg-fettuccine-250g', 'product_name': 'Napolina Egg Fettuccine 250g', 'product_price': '£2.00', 'product_additionals': '£8.00 / kg'}, {'shop': 'asda', 'url': 'https://groceries.asda.com/product/910000786275', 'product_name': 'Napolina Napolina Egg Pasta Cannelloni', 'product_price': '£1.60', 'product_additionals': '(£6.40/kg)'}, {'shop': 'tesco', 'url': 'https://www.tesco.com/groceries/en-GB/products/302917905', 'product_name': 'Nestle Kit Kat Chunky Peanut Butter Large Egg 264G', 'product_price': '£ 3.00', 'product_additionals': '£1.14/100g'}, {'shop': 'tesco', 'url': 'https://www.tesco.com/groceries/en-GB/products/302917829', 'product_name': 'Nestle Munchies Large Egg 284G', 'product_price': '£ 3.00', 'product_additionals': '£1.06/100g'}, {'shop': 'tesco', 'url': 'https://www.tesco.com/groceries/en-GB/products/302917807', 'product_name': 'Nestle Rolo Large Egg 284G', 'product_price': '£ 3.00', 'product_additionals': '£1.06/100g'}, {'shop': 'tesco', 'url': 'https://www.tesco.com/groceries/en-GB/products/302917767', 'product_name': 'Nestle Smarties Chocolate Egg 256G', 'product_price': '£ 3.00', 'product_additionals': '£1.18/100g'}, {'shop': 'tesco', 'url': 'https://www.tesco.com/groceries/en-GB/products/302917789', 'product_name': 'Nestle Smarties Large Orange Egg 256G', 'product_price': '£ 3.00', 'product_additionals': '£1.18/100g'}, {'shop': 'tesco', 'url': 'https://www.tesco.com/groceries/en-GB/products/302917842', 'product_name': 'Nestle Yorkie Large Egg 272G', 'product_price': '£ 3.00', 'product_additionals': '£1.11/100g'}, {'shop': 'tesco', 'url': 'https://www.tesco.com/groceries/en-GB/products/287221040', 'product_name': 'Nestle Yorkie Milk Chocolate Easter Egg & Chocolate 336G', 'product_price': '£ 5.00', 'product_additionals': '£1.49/100g'}, {'shop': 'tesco', 'url': 'https://www.tesco.com/groceries/en-GB/products/302918069', 'product_name': 'Nestle Yorkie Raisin & Biscuit Chocolate Egg 522G', 'product_price': '£ 8.00', 'product_additionals': '£1.54/100g'}, {'shop': 'tesco', 'url': 'https://www.tesco.com/groceries/en-GB/products/307761153', 'product_name': 'Nomo Caramel Egg & Caramel Chocolate Bar 148G', 'product_price': '£ 6.00', 'product_additionals': '£4.06/100g'}, {'shop': 'sains', 'url': 'https://www.sainsburys.co.uk/shop/gb/groceries/product/details/new-355373-44/nomo-vegan-free-from-caramel-sea-salt-egg-bar-148g', 'product_name': 'Nomo Vegan & Free From Caramel & Sea Salt Egg & Bar 148g', 'product_price': '£6.00', 'product_additionals': '£4.05 / 100g'}, {'shop': 'sains', 'url': 'https://www.sainsburys.co.uk/shop/gb/groceries/product/details/easter-special-offers/nomo-vegan-free-from-caramel-sea-salt-egg-bar-148g', 'product_name': 'Nomo Vegan & Free From Caramel & Sea Salt Egg & Bar 148g', 'product_price': '£6.00', 'product_additionals': '£4.05 / 100g'}, {'shop': 'sains', 'url': 'https://www.sainsburys.co.uk/shop/gb/groceries/product/details/all-easter-/nomo-vegan-free-from-caramel-sea-salt-egg-bar-148g', 'product_name': 'Nomo Vegan & Free From Caramel & Sea Salt Egg & Bar 148g', 'product_price': '£6.00', 'product_additionals': '£4.05 / 100g'}, {'shop': 'sains', 'url': 'https://www.sainsburys.co.uk/shop/gb/groceries/product/details/new-355373-44/nomo-vegan-free-from-creamy-chocolate-egg-bar-148g', 'product_name': 'Nomo Vegan & Free From Creamy Chocolate Egg & Bar 148g', 'product_price': '£6.00', 'product_additionals': '£4.05 / 100g'}, {'shop': 'sains', 'url': 'https://www.sainsburys.co.uk/shop/gb/groceries/product/details/easter-special-offers/nomo-vegan-free-from-creamy-chocolate-egg-bar-148g', 'product_name': 'Nomo Vegan & Free From Creamy Chocolate Egg & Bar 148g', 'product_price': '£6.00', 'product_additionals': '£4.05 / 100g'}, {'shop': 'sains', 'url': 'https://www.sainsburys.co.uk/shop/gb/groceries/product/details/all-easter-/nomo-vegan-free-from-creamy-chocolate-egg-bar-148g', 'product_name': 'Nomo Vegan & Free From Creamy Chocolate Egg & Bar 148g', 'product_price': '£6.00', 'product_additionals': '£4.05 / 100g'}, {'shop': 'sains', 'url': 'https://www.sainsburys.co.uk/shop/gb/groceries/product/details/small-and-medium/nomo-vegan-free-from-caramel-sea-salt-egg-bar-148g-8044608-p-44', 'product_name': 'NOMO Vegan & Free From Fruit & Crunch Egg & Bar 207g', 'product_price': '£6.00', 'product_additionals': '£2.90 / 100g'}, {'shop': 'sains', 'url': 'https://www.sainsburys.co.uk/shop/gb/groceries/product/details/all-easter-/nomo-vegan-free-from-caramel-sea-salt-egg-bar-148g-8044608-p-44', 'product_name': 'NOMO Vegan & Free From Fruit & Crunch Egg & Bar 207g', 'product_price': '£6.00', 'product_additionals': '£2.90 / 100g'}, {'shop': 'sains', 'url': 'https://www.sainsburys.co.uk/shop/gb/groceries/product/details/new-355373-44/nomo-vegan-free-from-caramel-sea-salt-egg-bar-148g-8044608-p-44', 'product_name': 'NOMO Vegan & Free From Fruit & Crunch Egg & Bar 207g', 'product_price': '£6.00', 'product_additionals': '£2.90 / 100g'}, {'shop': 'sains', 'url': 'https://www.sainsburys.co.uk/shop/gb/groceries/product/details/easter-special-offers/nomo-vegan-free-from-caramel-sea-salt-egg-bar-148g-8044608-p-44', 'product_name': 'NOMO Vegan & Free From Fruit & Crunch Egg & Bar 207g', 'product_price': '£6.00', 'product_additionals': '£2.90 / 100g'}, {'shop': 'asda', 'url': 'https://groceries.asda.com/product/910002433319', 'product_name': 'Nongshim Veggie Ramyun Instant Noodle Soup Mild', 'product_price': '£0.95', 'product_additionals': 'No weight data'}, {'shop': 'sains', 'url': 'https://www.sainsburys.co.uk/shop/gb/groceries/product/details/fresh-eggs/northumberland-free-range-eggs-x6-large', 'product_name': 'Northumberland Large Free Range Eggs x6', 'product_price': '£2.05', 'product_additionals': '34p / ea'}, {'shop': 'sains', 'url': 'https://www.sainsburys.co.uk/shop/gb/groceries/product/details/fresh-eggs/northumberland-free-range-eggs-x6-medium', 'product_name': 'Northumberland Medium Free Range Eggs x6', 'product_price': '£1.85', 'product_additionals': '31p / ea'}, {'shop': 'sains', 'url': 'https://www.sainsburys.co.uk/shop/gb/groceries/product/details/fresh-eggs/oggs-aquafaba-200ml', 'product_name': 'OGGS Aquafaba Egg Alternative 200ml', 'product_price': '£1.95', 'product_additionals': '98p / 100ml'}, {'shop': 'asda', 'url': 'https://groceries.asda.com/product/1000220971268', 'product_name': 'Oggs Vegan Aquafaba Egg Substitue', 'product_price': '£1.85', 'product_additionals': 'No weight data'}, {'shop': 'tesco', 'url': 'https://www.tesco.com/groceries/en-GB/products/302316580', 'product_name': 'Organix Melty Veggie Sticks 4X15g', 'product_price': '£ 2.30', 'product_additionals': '£38.34/kg'}, {'shop': 'asda', 'url': 'https://groceries.asda.com/product/1000172735644', 'product_name': 'Organix Melty Veggie Sticks 7+ Months', 'product_price': '£2.00', 'product_additionals': 'No weight data'}, {'shop': 'tesco', 'url': 'https://www.tesco.com/groceries/en-GB/products/250111964', 'product_name': 'Pandora Pickled Eggs 510G', 'product_price': '£ 2.80', 'product_additionals': '£1.00/100g DR.WT'}, {'shop': 'asda', 'url': 'https://groceries.asda.com/product/910003168561', 'product_name': 'Paperback Supertato: Run Veggies Run by Sue Hendra', 'product_price': '£4.00', 'product_additionals': '(£4.00/each)'}, {'shop': 'sains', 'url': 'https://www.sainsburys.co.uk/shop/gb/groceries/product/details/all-easter-/pastel-easter-eggs-card', 'product_name': 'Pastel Easter Eggs Card', 'product_price': '£2.75', 'product_additionals': '£2.75 / ea'}, {'shop': 'asda', 'url': 'https://groceries.asda.com/product/910000813160', 'product_name': 'Paw Patrol Surprise Egg with Jelly Beans & Collectable Toy', 'product_price': '£1.00', 'product_additionals': '(£1.00/each)'}, {'shop': 'asda', 'url': 'https://groceries.asda.com/product/910000261340', 'product_name': 'Pegga Pig Forehead Thermometer 3+ Months', 'product_price': '£3.50', 'product_additionals': '(£3.50/each)'}, {'shop': 'tesco', 'url': 'https://www.tesco.com/groceries/en-GB/products/302836160', 'product_name': 'Plush Dragons Egg Assorted', 'product_price': '£ 6.00', 'product_additionals': '£6.00/each'}, {'shop': 'asda', 'url': 'https://groceries.asda.com/product/910000815074', 'product_name': 'Poplars Large Free Range Eggs', 'product_price': '£2.33', 'product_additionals': 'No weight data'}, {'shop': 'asda', 'url': 'https://groceries.asda.com/product/26059122', 'product_name': 'Poplars Large Free Range Eggs', 'product_price': '£1.29', 'product_additionals': 'No weight data'}, {'shop': 'asda', 'url': 'https://groceries.asda.com/product/910000298432', 'product_name': 'Poplars Medium Free Range Eggs', 'product_price': '£1.90', 'product_additionals': 'No weight data'}, {'shop': 'tesco', 'url': 'https://www.tesco.com/groceries/en-GB/products/304388352', 'product_name': 'Prospero Leggero Secco Rosato 750Ml', 'product_price': '£ 7.00', 'product_additionals': '£7.00/75cl'}, {'shop': 'asda', 'url': 'https://groceries.asda.com/product/1000172735658', 'product_name': 'Pukka Veggie Leek & Potato Pie', 'product_price': '£1.65', 'product_additionals': '(77.5p/100g)'}, {'shop': 'tesco', 'url': 'https://www.tesco.com/groceries/en-GB/products/304791542', 'product_name': 'Pukka Veggie Leek & Potato Pie', 'product_price': '£ 1.65', 'product_additionals': '£1.65/each'}, {'shop': 'tesco', 'url': 'https://www.tesco.com/groceries/en-GB/products/301810088', 'product_name': 'Purely Organic Eggs Mixed Weight 10 Pack', 'product_price': '£ 3.00', 'product_additionals': '£0.30/each'}, {'shop': 'asda', 'url': 'https://groceries.asda.com/product/1000204779197', 'product_name': 'Purely Organic Free Range Eggs', 'product_price': '£2.80', 'product_additionals': 'No weight data'}, {'shop': 'sains', 'url': 'https://www.sainsburys.co.uk/shop/gb/groceries/product/details/all-easter-eggs-and-chocolate-/quality-street-easter-egg-277g-check-your-local-store-for-available-range-', 'product_name': 'Quality Street Milk Chocolate Giant Easter Egg 311g', 'product_price': '£6.00', 'product_additionals': '£1.93 / 100g'}, {'shop': 'tesco', 'url': 'https://www.tesco.com/groceries/en-GB/products/305554367', 'product_name': 'Quality Street Milk Chocolate Giant Egg 311G', 'product_price': '£ 5.00', 'product_additionals': '£1.61/100g'}, {'shop': 'tesco', 'url': 'https://www.tesco.com/groceries/en-GB/products/286748743', 'product_name': 'Quorn Picnic Egg 4X180g', 'product_price': '£ 1.50', 'product_additionals': '£8.34/kg'}, {'shop': 'asda', 'url': 'https://groceries.asda.com/product/910002082817', 'product_name': 'Quorn Picnic Eggs', 'product_price': '£1.50', 'product_additionals': '(£8.33/kg)'}, {'shop': 'sains', 'url': 'https://www.sainsburys.co.uk/shop/gb/groceries/product/details/easterlunch/quorn-picnic-eggs-180g', 'product_name': 'Quorn Picnic Eggs 180g', 'product_price': '£1.50', 'product_additionals': '£8.33 / kg'}, {'shop': 'tesco', 'url': 'https://www.tesco.com/groceries/en-GB/products/302217674', 'product_name': 'Qvs Mini Moments Blending Egg Sponge', 'product_price': '£ 2.00', 'product_additionals': '£2.00/each'}, {'shop': 'sains', 'url': 'https://www.sainsburys.co.uk/shop/gb/groceries/product/details/fresh-eggs/range-farm-large-free-hen-eggs-x10', 'product_name': 'Range Farm Large Free Hen Eggs x10', 'product_price': '£1.90', 'product_additionals': '19p / ea'}, {'shop': 'tesco', 'url': 'https://www.tesco.com/groceries/en-GB/products/304794752', 'product_name': "Reese's Milk Chocolate Egg With 3 Peanut Butter Creme Eggs 232G", 'product_price': '£ 5.00', 'product_additionals': '£2.16/100g'}, {'shop': 'tesco', 'url': 'https://www.tesco.com/groceries/en-GB/products/298231702', 'product_name': "Reese's Peanut Butter Creme Egg 34G", 'product_price': '£ 0.50', 'product_additionals': '£1.48/100g'}, {'shop': 'sains', 'url': 'https://www.sainsburys.co.uk/shop/gb/groceries/product/details/easter-special-offers/reeses-peanut-butter-creme-mini-eggs-70g', 'product_name': "Reese's Peanut Butter Creme Mini Eggs 70g", 'product_price': '£1.00', 'product_additionals': '£1.43 / 100g'}, {'shop': 'tesco', 'url': 'https://www.tesco.com/groceries/en-GB/products/308110109', 'product_name': 'Rolo Milk Chocolate Easter Egg 128G', 'product_price': '£ 1.00', 'product_additionals': '£0.78/100g'}, {'shop': 'tesco', 'url': 'https://www.tesco.com/groceries/en-GB/products/305955751', 'product_name': 'Royal Sweet & Sour Chicken With Egg Fried Rice 400G', 'product_price': '£ 3.00', 'product_additionals': '£0.75/100g'}, {'shop': 'asda', 'url': 'https://groceries.asda.com/product/1000184133233', 'product_name': "Ryan's World 48-Piece Mystery Puzzle in Plastic Egg StorCase (4+ Years)", 'product_price': '£7.97', 'product_additionals': '(£7.97/each)'}, {'shop': 'tesco', 'url': 'https://www.tesco.com/groceries/en-GB/products/285527920', 'product_name': 'Rymer Farm Eggs Large Free Range 12 Eggs', 'product_price': '£ 3.00', 'product_additionals': '£0.25/each'}, {'shop': 'tesco', 'url': 'https://www.tesco.com/groceries/en-GB/products/280418591', 'product_name': 'Rymer Farm Eggs Large Free Range 6 Eggs', 'product_price': '£ 1.80', 'product_additionals': '£0.30/each'}, {'shop': 'tesco', 'url': 'https://www.tesco.com/groceries/en-GB/products/285527908', 'product_name': 'Rymer Farm Eggs Medium Free Range 12 Eggs', 'product_price': '£ 2.95', 'product_additionals': '£0.25/each'}, {'shop': 'tesco', 'url': 'https://www.tesco.com/groceries/en-GB/products/280418429', 'product_name': 'Rymer Farm Eggs Medium Free Range 6 Eggs', 'product_price': '£ 1.50', 'product_additionals': '£0.25/each'}, {'shop': 'sains', 'url': 'https://www.sainsburys.co.uk/shop/gb/groceries/product/details/new-trending-special-offers/sainsburys-bacon---free-range-egg-sandwich', 'product_name': "Sainsbury's Bacon & Free Range Egg Sandwich", 'product_price': '£2.00', 'product_additionals': '£2.00 / ea'}, {'shop': 'sains', 'url': 'https://www.sainsburys.co.uk/shop/gb/groceries/product/details/fresh-eggs/sainsburys-barn-eggs--basics-x15-6416049-p-44', 'product_name': "Sainsbury's Barn Eggs, Basics x15", 'product_price': '£1.19', 'product_additionals': '8p / ea'}, {'shop': 'sains', 'url': 'https://www.sainsburys.co.uk/shop/gb/groceries/product/details/prepared-stir-fry/sainsburys-chilli-egg-noodles-250g', 'product_name': "Sainsbury's Chilli Egg Noodles 250g", 'product_price': '50p', 'product_additionals': '20p / 100g'}, {'shop': 'sains', 'url': 'https://www.sainsburys.co.uk/shop/gb/groceries/product/details/gluten-free-biscuits-and-chocolates/sainsburys-deliciously-free-from-chocolate-egg-100g', 'product_name': "Sainsbury's Deliciously Free From Chocolate Egg 100g", 'product_price': '£3.50', 'product_additionals': '£3.50 / 100g'}, {'shop': 'sains', 'url': 'https://www.sainsburys.co.uk/shop/gb/groceries/product/details/fresh-pasta/sainsburys-deliciously-free-from-fresh-egg-tagliatelle-250g', 'product_name': "Sainsbury's Deliciously Free From Fresh Egg Tagliatelle 250g", 'product_price': '£2.20', 'product_additionals': '88p / 100g'}, {'shop': 'sains', 'url': 'https://www.sainsburys.co.uk/shop/gb/groceries/product/details/new-355373-44/sainsburys-deliciously-free-from-mini-mallows-chocolate-egg-110g', 'product_name': "Sainsbury's Deliciously Free From Mini Mallows Chocolate Egg 110g", 'product_price': '£4.00', 'product_additionals': '£3.64 / 100g'}, {'shop': 'sains', 'url': 'https://www.sainsburys.co.uk/shop/gb/groceries/product/details/easter-special-offers/sainsburys-deliciously-free-from-mini-mallows-chocolate-egg-110g', 'product_name': "Sainsbury's Deliciously Free From Mini Mallows Chocolate Egg 110g", 'product_price': '£4.00', 'product_additionals': '£3.64 / 100g'}, {'shop': 'sains', 'url': 'https://www.sainsburys.co.uk/shop/gb/groceries/product/details/easter-special-offers/sainsburys-deliciously-free-from-strawberry-white-chocolate-egg-100g', 'product_name': "Sainsbury's Deliciously Free From Strawberry & White Chocolate Egg 100g", 'product_price': '£3.50', 'product_additionals': '£3.50 / 100g'}, {'shop': 'sains', 'url': 'https://www.sainsburys.co.uk/shop/gb/groceries/product/details/all-easter-eggs-and-chocolate-/sainsburys-deliciously-free-from-strawberry-white-chocolate-egg-100g', 'product_name': "Sainsbury's Deliciously Free From Strawberry & White Chocolate Egg 100g", 'product_price': '£3.50', 'product_additionals': '£3.50 / 100g'}, {'shop': 'sains', 'url': 'https://www.sainsburys.co.uk/shop/gb/groceries/product/details/big-night-in/sainsburys-duck-in-plum-sauce-with-egg-fried-rice-450g', 'product_name': "Sainsbury's Duck In Plum Sauce With Egg Fried Rice 400g (Serves 1)", 'product_price': '£3.50', 'product_additionals': '£8.75 / kg'}, {'shop': 'sains', 'url': 'https://www.sainsburys.co.uk/shop/gb/groceries/product/details/all-pies-pasties-quiche/sainsburys-egg-bites-x12-240g', 'product_name': "Sainsbury's Egg Bites x12 222g", 'product_price': '£1.30', 'product_additionals': '60p / 100g'}, {'shop': 'sains', 'url': 'https://www.sainsburys.co.uk/shop/gb/groceries/product/details/all-pies-pasties-quiche/sainsburys-mini-egg-bites-x18-216g', 'product_name': "Sainsbury's Egg Bites, Mini x18 216g", 'product_price': '£2.00', 'product_additionals': '93p / 100g'}, {'shop': 'sains', 'url': 'https://www.sainsburys.co.uk/shop/gb/groceries/product/details/big-night-in/sainsburys-free-range-egg-custard-tarts-x4', 'product_name': "Sainsbury's Egg Custard Tarts 4x81g", 'product_price': '£1.20', 'product_additionals': '30p / ea'}, {'shop': 'sains', 'url': 'https://www.sainsburys.co.uk/shop/gb/groceries/product/details/all-ready-meals-/sainsburys-egg-fried-rice-200g', 'product_name': "Sainsbury's Egg Fried Rice 200g (Serves 1)", 'product_price': '£1.40', 'product_additionals': '£7.00 / kg'}, {'shop': 'sains', 'url': 'https://www.sainsburys.co.uk/shop/gb/groceries/product/details/chilled-vegetarian-ready-meals/sainsburys-egg-fried-rice-200g', 'product_name': "Sainsbury's Egg Fried Rice 200g (Serves 1)", 'product_price': '£1.40', 'product_additionals': '£7.00 / kg'}, {'shop': 'sains', 'url': 'https://www.sainsburys.co.uk/shop/gb/groceries/product/details/chilled-ready-meals-for-two-or-more/sainsburys-egg-fried-rice-400g', 'product_name': "Sainsbury's Egg Fried Rice 400g (Serves 2)", 'product_price': '£1.90', 'product_additionals': '£4.75 / kg'}, {'shop': 'sains', 'url': 'https://www.sainsburys.co.uk/shop/gb/groceries/product/details/chilled-vegetarian-ready-meals/sainsburys-egg-fried-rice-400g', 'product_name': "Sainsbury's Egg Fried Rice 400g (Serves 2)", 'product_price': '£1.90', 'product_additionals': '£4.75 / kg'}, {'shop': 'sains', 'url': 'https://www.sainsburys.co.uk/shop/gb/groceries/product/details/sandwich-fillers/sainsburys-deli-filler-egg-mayonnaise-sandwich-400g', 'product_name': "Sainsbury's Egg Mayo Deli Filler 385g", 'product_price': '£2.35', 'product_additionals': '61p / 100g'}, {'shop': 'sains', 'url': 'https://www.sainsburys.co.uk/shop/gb/groceries/product/details/prepared-stir-fry/sainsburys-free-range-fresh-egg-noodles-410g', 'product_name': "Sainsbury's Free Range Fresh Egg Noodles 410g", 'product_price': '£1.00', 'product_additionals': '24p / 100g'}, {'shop': 'sains', 'url': 'https://www.sainsburys.co.uk/shop/gb/groceries/product/details/fresh-pasta/sainsburys-fresh-egg-fusilli-500g', 'product_name': "Sainsbury's Fresh Egg Fusilli 500g", 'product_price': '£1.75', 'product_additionals': '£3.50 / kg'}, {'shop': 'sains', 'url': 'https://www.sainsburys.co.uk/shop/gb/groceries/product/details/fresh-pasta/sainsburys-multi-grain-tagliatelle--be-good-to-yourself-500g', 'product_name': "Sainsbury's Fresh Egg Multigrain Tagliatelle 500g", 'product_price': '£1.75', 'product_additionals': '£3.50 / kg'}, {'shop': 'sains', 'url': 'https://www.sainsburys.co.uk/shop/gb/groceries/product/details/fresh-pasta/sainsburys-fresh-pappardelle-500g', 'product_name': "Sainsbury's Fresh Egg Pappardelle 500g", 'product_price': '£1.75', 'product_additionals': '£3.50 / kg'}, {'shop': 'sains', 'url': 'https://www.sainsburys.co.uk/shop/gb/groceries/product/details/dairy-and-chilled-essentials/sainsburys-fresh-penne-pasta-500g', 'product_name': "Sainsbury's Fresh Egg Penne 500g", 'product_price': '£1.75', 'product_additionals': '£3.50 / kg'}, {'shop': 'sains', 'url': 'https://www.sainsburys.co.uk/shop/gb/groceries/product/details/fresh-pasta/sainsburys-fresh-penne-pasta-500g', 'product_name': "Sainsbury's Fresh Egg Penne 500g", 'product_price': '£1.75', 'product_additionals': '£3.50 / kg'}, {'shop': 'sains', 'url': 'https://www.sainsburys.co.uk/shop/gb/groceries/product/details/fresh-pasta/sainsburys-fresh-tagliatelle-500g', 'product_name': "Sainsbury's Fresh Egg Tagliatelle 500g", 'product_price': '£1.75', 'product_additionals': '£3.50 / kg'}, {'shop': 'sains', 'url': 'https://www.sainsburys.co.uk/shop/gb/groceries/product/details/fresh-pasta/sainsburys-fresh-tagliatelle-verdi-500g', 'product_name': "Sainsbury's Fresh Egg Tagliatelle Verdi 500g", 'product_price': '£1.65', 'product_additionals': '£3.30 / kg'}, {'shop': 'sains', 'url': 'https://www.sainsburys.co.uk/shop/gb/groceries/product/details/dairyeggschilled-pricelockdown/sainsburys-individual-scotch-egg-113g', 'product_name': "Sainsbury's Individual Scotch Egg 113g", 'product_price': '85p', 'product_additionals': '75p / 100g'}, {'shop': 'sains', 'url': 'https://www.sainsburys.co.uk/shop/gb/groceries/product/details/all-meatfree/sainsburys-love-your-veg!-vegan-mix-burger-225g', 'product_name': "Sainsbury's Love Your Veg! Veggie Burgers 225g", 'product_price': '£2.00', 'product_additionals': '£8.89 / kg'}, {'shop': 'sains', 'url': 'https://www.sainsburys.co.uk/shop/gb/groceries/product/details/egg-free-food/sainsburys-love-your-veg!-vegan-mix-burger-225g', 'product_name': "Sainsbury's Love Your Veg! Veggie Burgers 225g", 'product_price': '£2.00', 'product_additionals': '£8.89 / kg'}, {'shop': 'sains', 'url': 'https://www.sainsburys.co.uk/shop/gb/groceries/product/details/easter-special-offers/sainsburys-egg-hunt-bag-200g', 'product_name': "Sainsbury's Milk Chocolate Hollow Eggs 200g", 'product_price': '£2.50', 'product_additionals': '£1.25 / 100g'}, {'shop': 'sains', 'url': 'https://www.sainsburys.co.uk/shop/gb/groceries/product/details/meat-free-/sainsburys-no-egg-bites-x8-176g', 'product_name': "Sainsbury's No Egg Bites x8 176g", 'product_price': '£1.75', 'product_additionals': '£9.94 / kg'}, {'shop': 'sains', 'url': 'https://www.sainsburys.co.uk/shop/gb/groceries/product/details/dairy-all-cheese/sainsburys-parmigiano-reggiano-200g', 'product_name': "Sainsbury's Parmigiano Reggiano Cheese 200g", 'product_price': '£3.30', 'product_additionals': '£16.50 / kg'}, {'shop': 'sains', 'url': 'https://www.sainsburys.co.uk/shop/gb/groceries/product/details/organic-dairy-products/sainsburys-parmigiano-reggiano--so-organic-200g', 'product_name': "Sainsbury's Parmigiano Reggiano Cheese, SO Organic 200g", 'product_price': '£4.00', 'product_additionals': '£20.00 / kg'}, {'shop': 'sains', 'url': 'https://www.sainsburys.co.uk/shop/gb/groceries/product/details/dairy-all-cheese/sainsburys-parmigiano-reggiano--so-organic-200g', 'product_name': "Sainsbury's Parmigiano Reggiano Cheese, SO Organic 200g", 'product_price': '£4.00', 'product_additionals': '£20.00 / kg'}, {'shop': 'sains', 'url': 'https://www.sainsburys.co.uk/shop/gb/groceries/product/details/speciality-and-continental-cheeses/sainsburys-parmigiano-reggiano--taste-the-difference-200g', 'product_name': "Sainsbury's Parmigiano Reggiano Cheese, Taste the Difference 200g", 'product_price': '£4.00', 'product_additionals': '£20.00 / kg'}, {'shop': 'sains', 'url': 'https://www.sainsburys.co.uk/shop/gb/groceries/product/details/dairyeggschilled-pricelockdown/sainsburys-lattice-gala-pork---egg-pie-450g', 'product_name': "Sainsbury's Pork & Egg Lattice Gala Pie 450g", 'product_price': '£2.70', 'product_additionals': '60p / 100g'}, {'shop': 'sains', 'url': 'https://www.sainsburys.co.uk/shop/gb/groceries/product/details/new-355373-44/sainsburys-rtb-smoked-salmon-scotch-eggs-taste-the-difference-190g', 'product_name': "Sainsbury's Ready to Bake Smoked Salmon Scotch Eggs, Taste the Difference 190g", 'product_price': '£4.00', 'product_additionals': '£2.11 / 100g'}, {'shop': 'sains', 'url': 'https://www.sainsburys.co.uk/shop/gb/groceries/product/details/all-pies-pasties-quiche/sainsburys-scotch-egg--taste-the-difference', 'product_name': "Sainsbury's Scotch Egg, Taste the Difference 140g", 'product_price': '£1.30', 'product_additionals': '93p / 100g'}, {'shop': 'sains', 'url': 'https://www.sainsburys.co.uk/shop/gb/groceries/product/details/all-pies-pasties-quiche/sainsburys-scotch-eggs-x2-226g', 'product_name': "Sainsbury's Scotch Eggs x2 226g", 'product_price': '£1.20', 'product_additionals': '53p / 100g'}, {'shop': 'sains', 'url': 'https://www.sainsburys.co.uk/shop/gb/groceries/product/details/miniandtreat-size/sainsburys-swiss-milk-choc-mini-eggs-taste-the-difference-120g-check-your-local-store-for-available-range-', 'product_name': "Sainsbury's Swiss Milk Chocolate Eggs, Taste the Difference 120g", 'product_price': '£2.00', 'product_additionals': '£1.67 / 100g'}, {'shop': 'sains', 'url': 'https://www.sainsburys.co.uk/shop/gb/groceries/product/details/miniandtreat-size/sainsburys-swiss-white-choc-mini-eggs-taste-the-difference-120g-check-your-local-store-for-available-range-', 'product_name': "Sainsbury's Swiss White Chocolate Eggs, Taste the Difference 120g", 'product_price': '£2.00', 'product_additionals': '£1.67 / 100g'}, {'shop': 'sains', 'url': 'https://www.sainsburys.co.uk/shop/gb/groceries/product/details/dairy-all-cheese/sainsburys-taleggio--taste-the-difference-200g', 'product_name': "Sainsbury's Taleggio Cheese, Taste the Difference 200g", 'product_price': '£3.00', 'product_additionals': '£15.00 / kg'}, {'shop': 'sains', 'url': 'https://www.sainsburys.co.uk/shop/gb/groceries/product/details/perfect-cheeseboards/sainsburys-taleggio--taste-the-difference-200g', 'product_name': "Sainsbury's Taleggio Cheese, Taste the Difference 200g", 'product_price': '£3.00', 'product_additionals': '£15.00 / kg'}, {'shop': 'sains', 'url': 'https://www.sainsburys.co.uk/shop/gb/groceries/product/details/baby-vegetables/sainsburys-veggie-burger-225g', 'product_name': "Sainsbury's Veggie Burgers x2 225g", 'product_price': '£2.00', 'product_additionals': '£8.89 / kg'}, {'shop': 'sains', 'url': 'https://www.sainsburys.co.uk/shop/gb/groceries/product/details/breakfastbrunch/sainsburys-golden-yolked-free-range-eggs--taste-the-difference-x6', 'product_name': "Sainsbury's Woodland Free Range Golden Yolked Mixed Weight Eggs, Taste the Difference x6", 'product_price': '£1.90', 'product_additionals': '32p / ea'}, {'shop': 'sains', 'url': 'https://www.sainsburys.co.uk/shop/gb/groceries/product/details/breakfast-in-bed/sainsburys-golden-yolked-free-range-eggs--taste-the-difference-x6', 'product_name': "Sainsbury's Woodland Free Range Golden Yolked Mixed Weight Eggs, Taste the Difference x6", 'product_price': '£1.90', 'product_additionals': '32p / ea'}, {'shop': 'sains', 'url': 'https://www.sainsburys.co.uk/shop/gb/groceries/product/details/fresh-eggs/sainsburys-golden-yolked-free-range-eggs--taste-the-difference-x6', 'product_name': "Sainsbury's Woodland Free Range Golden Yolked Mixed Weight Eggs, Taste the Difference x6", 'product_price': '£1.90', 'product_additionals': '32p / ea'}, {'shop': 'sains', 'url': 'https://www.sainsburys.co.uk/shop/gb/groceries/product/details/all-mothers-day/sainsburys-golden-yolked-free-range-eggs--taste-the-difference-x6', 'product_name': "Sainsbury's Woodland Free Range Golden Yolked Mixed Weight Eggs, Taste the Difference x6", 'product_price': '£1.90', 'product_additionals': '32p / ea'}, {'shop': 'sains', 'url': 'https://www.sainsburys.co.uk/shop/gb/groceries/product/details/fresh-eggs/sainsburys-free-range-large-eggs-x12', 'product_name': "Sainsbury's Woodland Free Range Large Eggs x12", 'product_price': '£2.05', 'product_additionals': '17p / ea'}, {'shop': 'sains', 'url': 'https://www.sainsburys.co.uk/shop/gb/groceries/product/details/first-shop-essentials/sainsburys-free-range-large-eggs-x12', 'product_name': "Sainsbury's Woodland Free Range Large Eggs x12", 'product_price': '£2.05', 'product_additionals': '17p / ea'}, {'shop': 'sains', 'url': 'https://www.sainsburys.co.uk/shop/gb/groceries/product/details/fresh-eggs/sainsburys-free-range-woodland-large-eggs-x6', 'product_name': "Sainsbury's Woodland Free Range Large Eggs x6", 'product_price': '£1.10', 'product_additionals': '18p / ea'}, {'shop': 'sains', 'url': 'https://www.sainsburys.co.uk/shop/gb/groceries/product/details/breakfastbrunch/sainsburys-free-range-woodland-large-eggs--so-organic-x6', 'product_name': "Sainsbury's Woodland Free Range Large Eggs, SO Organic x6", 'product_price': '£2.15', 'product_additionals': '36p / ea'}, {'shop': 'sains', 'url': 'https://www.sainsburys.co.uk/shop/gb/groceries/product/details/fresh-eggs/sainsburys-free-range-woodland-large-eggs--so-organic-x6', 'product_name': "Sainsbury's Woodland Free Range Large Eggs, SO Organic x6", 'product_price': '£2.15', 'product_additionals': '36p / ea'}, {'shop': 'sains', 'url': 'https://www.sainsburys.co.uk/shop/gb/groceries/product/details/fresh-eggs/sainsburys-free-range-woodland-medium-eggs-x12', 'product_name': "Sainsbury's Woodland Free Range Medium Eggs x12", 'product_price': '£1.70', 'product_additionals': '14p / ea'}, {'shop': 'sains', 'url': 'https://www.sainsburys.co.uk/shop/gb/groceries/product/details/dairy-and-chilled-essentials/sainsburys-free-range-woodland-medium-eggs-x6', 'product_name': "Sainsbury's Woodland Free Range Medium Eggs x6", 'product_price': '90p', 'product_additionals': '15p / ea'}, {'shop': 'sains', 'url': 'https://www.sainsburys.co.uk/shop/gb/groceries/product/details/fresh-eggs/sainsburys-free-range-woodland-medium-eggs-x6', 'product_name': "Sainsbury's Woodland Free Range Medium Eggs x6", 'product_price': '90p', 'product_additionals': '15p / ea'}, {'shop': 'sains', 'url': 'https://www.sainsburys.co.uk/shop/gb/groceries/product/details/fresh-eggs/sainsburys-free-range-woodland-medium-eggs--so-organic-x6', 'product_name': "Sainsbury's Woodland Free Range Medium Eggs, SO Organic x6", 'product_price': '£1.80', 'product_additionals': '30p / ea'}, {'shop': 'sains', 'url': 'https://www.sainsburys.co.uk/shop/gb/groceries/product/details/breakfastbrunch/sainsburys-free-range-woodland-medium-eggs--so-organic-x6', 'product_name': "Sainsbury's Woodland Free Range Medium Eggs, SO Organic x6", 'product_price': '£1.80', 'product_additionals': '30p / ea'}, {'shop': 'sains', 'url': 'https://www.sainsburys.co.uk/shop/gb/groceries/product/details/special-offers-/sainsburys-free-range-woodland-medium-eggs--so-organic-x6', 'product_name': "Sainsbury's Woodland Free Range Medium Eggs, SO Organic x6", 'product_price': '£1.80', 'product_additionals': '30p / ea'}, {'shop': 'sains', 'url': 'https://www.sainsburys.co.uk/shop/gb/groceries/product/details/fresh-eggs/sainsburys-free-range-woodland-mixed-sizes-eggs--so-organic-x12', 'product_name': "Sainsbury's Woodland Free Range Mixed Weight Eggs, SO Organic x12", 'product_price': '£3.50', 'product_additionals': '29p / ea'}, {'shop': 'sains', 'url': 'https://www.sainsburys.co.uk/shop/gb/groceries/product/details/fresh-eggs/sainsburys-northern-ireland-free-range-woodland-medium-eggs-x12', 'product_name': "Sainsbury's Woodland Northern Ireland Free Range Medium Eggs x12", 'product_price': '£1.70', 'product_additionals': '14p / ea'}, {'shop': 'sains', 'url': 'https://www.sainsburys.co.uk/shop/gb/groceries/product/details/all-price-lock/sainsburys-vegetable-curry-400g', 'product_name': 'Sainsbury’s Love Your Veg! Very Veggie Curry 400g', 'product_price': '£1.50', 'product_additionals': '£3.75 / kg'}, {'shop': 'asda', 'url': 'https://groceries.asda.com/product/1000118028695', 'product_name': 'Salter Egg Cooker', 'product_price': '£15.00', 'product_additionals': '(£15.00/each)'}, {'shop': 'asda', 'url': 'https://groceries.asda.com/product/1000156149130', 'product_name': 'Scoville Mini Egg Pan', 'product_price': '£8.00', 'product_additionals': '(£8.00/each)'}, {'shop': 'asda', 'url': 'https://groceries.asda.com/product/1000045650585', 'product_name': "Sharwood's Fine Egg Noodles", 'product_price': '£1.75', 'product_additionals': '(£5.15/kg)'}, {'shop': 'asda', 'url': 'https://groceries.asda.com/product/1000045650671', 'product_name': "Sharwood's Medium Egg Noodles", 'product_price': '£1.75', 'product_additionals': '(£5.15/kg)'}, {'shop': 'coop', 'url': 'https://www.coop.co.uk/products/sharwoods-medium-egg-noodles-340g', 'product_name': "Sharwood's Medium Egg Noodles 340g", 'product_price': '£1.85', 'product_additionals': '340g (54.4p per 100g)'}, {'shop': 'sains', 'url': 'https://www.sainsburys.co.uk/shop/gb/groceries/product/details/big-night-in/sharwoods-medium-egg-noodles-375g', 'product_name': "Sharwood's Medium Egg Noodles 340g", 'product_price': '£1.75', 'product_additionals': '£5.15 / kg'}, {'shop': 'tesco', 'url': 'https://www.tesco.com/groceries/en-GB/products/301412450', 'product_name': 'Sharwoods Fine Egg Noodles 340G', 'product_price': '£ 1.60', 'product_additionals': '£4.71/kg'}, {'shop': 'tesco', 'url': 'https://www.tesco.com/groceries/en-GB/products/301412473', 'product_name': 'Sharwoods Medium Egg Noodles 340G', 'product_price': '£ 1.60', 'product_additionals': '£4.71/kg'}, {'shop': 'asda', 'url': 'https://groceries.asda.com/product/1000006804992', 'product_name': 'Sistema Microwave Easy Eggs', 'product_price': '£4.00', 'product_additionals': '(£4.00/each)'}, {'shop': 'sains', 'url': 'https://www.sainsburys.co.uk/shop/gb/groceries/product/details/fresh-eggs/skea-eggs-big-10-free-range-eggs-x10', 'product_name': 'Skea Eggs Big Free Range Eggs x10', 'product_price': '£2.80', 'product_additionals': '28p / ea'}, {'shop': 'sains', 'url': 'https://www.sainsburys.co.uk/shop/gb/groceries/product/details/fresh-eggs/skea-eggs-big-6-free-range-eggs-x6', 'product_name': 'Skea Eggs Big Free Range Eggs x6', 'product_price': '£1.85', 'product_additionals': '31p / ea'}, {'shop': 'tesco', 'url': 'https://www.tesco.com/groceries/en-GB/products/307961204', 'product_name': 'Smarties Buttons Milk Chocolate Easter Egg 290G', 'product_price': '£ 5.00', 'product_additionals': '£1.73/100g'}, {'shop': 'sains', 'url': 'https://www.sainsburys.co.uk/shop/gb/groceries/product/details/easter-special-offers/smarties-giant-inclusion-egg-470g', 'product_name': 'Smarties Incredible Inclusion Milk Chocolate Giant Easter Egg 470g', 'product_price': '£1.00', 'product_additionals': '21p / 100g'}, {'shop': 'tesco', 'url': 'https://www.tesco.com/groceries/en-GB/products/305548185', 'product_name': 'Smarties Milk Cho Incredible Easter Egg 470G', 'product_price': '£ 8.00', 'product_additionals': '£1.71/100g'}, {'shop': 'tesco', 'url': 'https://www.tesco.com/groceries/en-GB/products/308103753', 'product_name': 'Smarties Milk Chocolate Easter Egg 119G', 'product_price': '£ 1.00', 'product_additionals': '£0.84/100g'}, {'shop': 'tesco', 'url': 'https://www.tesco.com/groceries/en-GB/products/307961066', 'product_name': 'Smarties Milk Chocolate Easter Egg Hunt 8 Pack 140G', 'product_price': '£ 3.00', 'product_additionals': '£2.15/100g'}, {'shop': 'tesco', 'url': 'https://www.tesco.com/groceries/en-GB/products/305554281', 'product_name': 'Smarties Milk Chocolate Mini Eggs 80G', 'product_price': '£ 1.00', 'product_additionals': '£1.25/100g'}, {'shop': 'tesco', 'url': 'https://www.tesco.com/groceries/en-GB/products/305554465', 'product_name': 'Smarties Milk Chocolate Mini Eggs Giant Bag 240G', 'product_price': '£ 2.00', 'product_additionals': '£0.83/100g'}, {'shop': 'tesco', 'url': 'https://www.tesco.com/groceries/en-GB/products/308115946', 'product_name': 'Smarties Orange Mini Eggs 80G', 'product_price': '£ 1.00', 'product_additionals': '£1.25/100g'}, {'shop': 'sains', 'url': 'https://www.sainsburys.co.uk/shop/gb/groceries/product/details/vegetarian-food/smorgasbord-veggie-snack-balls-80g', 'product_name': 'Smorgasbord Veggie Snack Balls 80g', 'product_price': '£1.00', 'product_additionals': '£12.50 / kg'}, {'shop': 'sains', 'url': 'https://www.sainsburys.co.uk/shop/gb/groceries/product/details/sandwich-fillers/spar-deli-filler-egg-mayonnaise-230g', 'product_name': 'SPAR Deli Filler Egg & Mayonnaise 230g', 'product_price': '£1.75', 'product_additionals': '76p / 100g'}, {'shop': 'sains', 'url': 'https://www.sainsburys.co.uk/shop/gb/groceries/product/details/cooked-meats-deli-and-dips-special-offers/spar-deli-filler-egg-mayonnaise-230g', 'product_name': 'SPAR Deli Filler Egg & Mayonnaise 230g', 'product_price': '£1.75', 'product_additionals': '76p / 100g'}, {'shop': 'sains', 'url': 'https://www.sainsburys.co.uk/shop/gb/groceries/product/details/fresh-eggs/st-ewe-free-range-eggs-medium-x6', 'product_name': 'St Ewe Free Range Medium Eggs x6', 'product_price': '£1.90', 'product_additionals': '32p / ea'}, {'shop': 'asda', 'url': 'https://groceries.asda.com/product/910000281651', 'product_name': 'Staveley 12 Large Free Range Eggs', 'product_price': '£2.33', 'product_additionals': 'No weight data'}, {'shop': 'asda', 'url': 'https://groceries.asda.com/product/910000281482', 'product_name': 'Staveley 12 Medium Free Range Eggs', 'product_price': '£1.90', 'product_additionals': 'No weight data'}, {'shop': 'asda', 'url': 'https://groceries.asda.com/product/35426600', 'product_name': 'Staveley Large Free Range Eggs', 'product_price': '£1.29', 'product_additionals': 'No weight data'}, {'shop': 'asda', 'url': 'https://groceries.asda.com/product/35426599', 'product_name': 'Staveley Very Large Free Range Eggs', 'product_price': '£1.60', 'product_additionals': 'No weight data'}, {'shop': 'asda', 'url': 'https://groceries.asda.com/product/1000069554563', 'product_name': 'Supertato Veggies in the Valley of Doom by Sue Hendra', 'product_price': '£4.00', 'product_additionals': '(£4.00/each)'}, {'shop': 'asda', 'url': 'https://groceries.asda.com/product/910002460202', 'product_name': 'Supertato: Veggies Assemble by Sue Hendra & Paul Linnet', 'product_price': '£4.00', 'product_additionals': '(£4.00/each)'}, {'shop': 'asda', 'url': 'https://groceries.asda.com/product/1000004205351', 'product_name': 'Tefal Ideal One Egg Wonder Frypan', 'product_price': '£8.00', 'product_additionals': '(£8.00/each)'}, {'shop': 'sains', 'url': 'https://www.sainsburys.co.uk/shop/gb/groceries/product/details/easter-special-offers/terrys-chocolate-orange-mini-eggs-80g', 'product_name': "Terry's Chocolate Orange Mini Eggs 80g", 'product_price': '75p', 'product_additionals': '94p / 100g'}, {'shop': 'sains', 'url': 'https://www.sainsburys.co.uk/shop/gb/groceries/product/details/all-easter-/terrys-chocolate-orange-mini-eggs-80g', 'product_name': "Terry's Chocolate Orange Mini Eggs 80g", 'product_price': '75p', 'product_additionals': '94p / 100g'}, {'shop': 'sains', 'url': 'https://www.sainsburys.co.uk/shop/gb/groceries/product/details/easter-special-offers/terrys-orange-chocolate-mini-eggs-260g', 'product_name': "Terry's Orange Chocolate & Mini Eggs 260g", 'product_price': '£3.00', 'product_additionals': '£1.15 / 100g'}, {'shop': 'tesco', 'url': 'https://www.tesco.com/groceries/en-GB/products/306955588', 'product_name': 'Terrys Chocolate Orange Egg With Bars 250G', 'product_price': '£ 3.00', 'product_additionals': '£1.20/100g'}, {'shop': 'tesco', 'url': 'https://www.tesco.com/groceries/en-GB/products/307337247', 'product_name': 'Terrys Chocolate Orange Egg With Mini Candy 250G', 'product_price': '£ 3.00', 'product_additionals': '£1.20/100g'}, {'shop': 'tesco', 'url': 'https://www.tesco.com/groceries/en-GB/products/305525759', 'product_name': 'Terrys Chocolate Orange Mini Eggs 80G', 'product_price': '£ 1.00', 'product_additionals': '£1.25/100g'}, {'shop': 'tesco', 'url': 'https://www.tesco.com/groceries/en-GB/products/307353861', 'product_name': 'Terrys Chocolate Orange Mini Eggs White 80G', 'product_price': '£ 1.00', 'product_additionals': '£1.25/100g'}, {'shop': 'tesco', 'url': 'https://www.tesco.com/groceries/en-GB/products/268904010', 'product_name': 'Tesco 12 Mini Savoury Eggs 216G', 'product_price': '£ 1.20', 'product_additionals': '£0.56/100g'}, {'shop': 'tesco', 'url': 'https://www.tesco.com/groceries/en-GB/products/299626009', 'product_name': 'Tesco 15 Eggs', 'product_price': '£ 1.18', 'product_additionals': '£0.08/each'}, {'shop': 'tesco', 'url': 'https://www.tesco.com/groceries/en-GB/products/263534887', 'product_name': 'Tesco 18 Bitesize Mini Savoury Eggs 216G', 'product_price': '£ 1.75', 'product_additionals': '£0.81/100g'}, {'shop': 'tesco', 'url': 'https://www.tesco.com/groceries/en-GB/products/263759212', 'product_name': 'Tesco 2 Pork & Egg Gala Slices 250G', 'product_price': '£ 1.90', 'product_additionals': '£0.76/100g'}, {'shop': 'tesco', 'url': 'https://www.tesco.com/groceries/en-GB/products/250301492', 'product_name': 'Tesco 2 Scotch Eggs 227G', 'product_price': '£ 1.20', 'product_additionals': '£0.53/100g'}, {'shop': 'tesco', 'url': 'https://www.tesco.com/groceries/en-GB/products/254606808', 'product_name': 'Tesco 4 Scotch Eggs 454G', 'product_price': '£ 1.85', 'product_additionals': '£0.41/100g'}, {'shop': 'tesco', 'url': 'https://www.tesco.com/groceries/en-GB/products/305527187', 'product_name': 'Tesco 5 Decorate Your Own Gingerbread Easter Egg Kit', 'product_price': '£ 1.80', 'product_additionals': '£0.36/each'}, {'shop': 'tesco', 'url': 'https://www.tesco.com/groceries/en-GB/products/299625707', 'product_name': 'Tesco 6 Eggs', 'product_price': '£ 0.70', 'product_additionals': '£0.12/each'}, {'shop': 'tesco', 'url': 'https://www.tesco.com/groceries/en-GB/products/278418052', 'product_name': 'Tesco East Anglian Free Range Eggs Very Large 6 Pack', 'product_price': '£ 1.50', 'product_additionals': '£0.25/each'}, {'shop': 'tesco', 'url': 'https://www.tesco.com/groceries/en-GB/products/254279200', 'product_name': 'Tesco Egg & Bacon Sandwich', 'product_price': '£ 2.50', 'product_additionals': '£2.50/each'}, {'shop': 'tesco', 'url': 'https://www.tesco.com/groceries/en-GB/products/307138212', 'product_name': 'Tesco Egg & Bacon Sandwich Filler 250G', 'product_price': '£ 1.45', 'product_additionals': '£0.58/100g'}, {'shop': 'tesco', 'url': 'https://www.tesco.com/groceries/en-GB/products/257328680', 'product_name': 'Tesco Egg & Cress Sandwich', 'product_price': '£ 1.30', 'product_additionals': '£1.30/each'}, {'shop': 'tesco', 'url': 'https://www.tesco.com/groceries/en-GB/products/257471134', 'product_name': 'Tesco Egg Custard Tarts 4 Pack', 'product_price': '£ 1.40', 'product_additionals': '£0.35/each'}, {'shop': 'tesco', 'url': 'https://www.tesco.com/groceries/en-GB/products/265214819', 'product_name': 'Tesco Egg Fried Rice 250G', 'product_price': '£ 1.50', 'product_additionals': '£6.00/kg'}, {'shop': 'tesco', 'url': 'https://www.tesco.com/groceries/en-GB/products/294606237', 'product_name': 'Tesco Egg Hunt Basket 340G', 'product_price': '£ 3.00', 'product_additionals': '£0.88/100g'}, {'shop': 'tesco', 'url': 'https://www.tesco.com/groceries/en-GB/products/307154117', 'product_name': 'Tesco Egg Mayonaise 250G', 'product_price': '£ 1.45', 'product_additionals': '£0.58/100g'}, {'shop': 'tesco', 'url': 'https://www.tesco.com/groceries/en-GB/products/268325996', 'product_name': 'Tesco Egg Mayonnaise Sandwich Filler 450G', 'product_price': '£ 2.20', 'product_additionals': '£0.49/100g'}, {'shop': 'tesco', 'url': 'https://www.tesco.com/groceries/en-GB/products/290981391', 'product_name': 'Tesco Egg Noodles 300G', 'product_price': '£ 1.25', 'product_additionals': '£4.17/kg'}, {'shop': 'tesco', 'url': 'https://www.tesco.com/groceries/en-GB/products/303675912', 'product_name': 'Tesco Egg Protein Pot 90G', 'product_price': '£ 1.00', 'product_additionals': '£1.12/100g'}, {'shop': 'tesco', 'url': 'https://www.tesco.com/groceries/en-GB/products/251680458', 'product_name': 'Tesco Egg Rice 250G', 'product_price': '£ 0.65', 'product_additionals': '£2.60/kg'}, {'shop': 'tesco', 'url': 'https://www.tesco.com/groceries/en-GB/products/272640511', 'product_name': 'Tesco Fine Egg Noodles 250G', 'product_price': '£ 1.00', 'product_additionals': '£4.00/kg'}, {'shop': 'tesco', 'url': 'https://www.tesco.com/groceries/en-GB/products/305981689', 'product_name': 'Tesco Finest 10 Leggero Coffee Capsules Strength 6 54G', 'product_price': '£ 2.50', 'product_additionals': '£4.63/100g'}, {'shop': 'tesco', 'url': 'https://www.tesco.com/groceries/en-GB/products/305966087', 'product_name': 'Tesco Finest 2 Scotch Eggs 260G', 'product_price': '£ 2.20', 'product_additionals': '£0.85/100g'}, {'shop': 'tesco', 'url': 'https://www.tesco.com/groceries/en-GB/products/277393000', 'product_name': 'Tesco Finest 6 Free Range Bluebell Aurancana Eggs', 'product_price': '£ 1.90', 'product_additionals': '£0.32/each'}, {'shop': 'tesco', 'url': 'https://www.tesco.com/groceries/en-GB/products/275399728', 'product_name': 'Tesco Finest 6 Free Range Chestnut Maran Eggs', 'product_price': '£ 1.90', 'product_additionals': '£0.32/each'}, {'shop': 'tesco', 'url': 'https://www.tesco.com/groceries/en-GB/products/276772509', 'product_name': 'Tesco Finest Parmigiano Reggiano Parmesan 170G', 'product_price': '£ 3.00', 'product_additionals': '£17.65/kg'}, {'shop': 'tesco', 'url': 'https://www.tesco.com/groceries/en-GB/products/307745609', 'product_name': 'Tesco Free From White Chocolate Egg & Strawberry 90G', 'product_price': '£ 2.50', 'product_additionals': '£2.78/100g'}, {'shop': 'tesco', 'url': 'https://www.tesco.com/groceries/en-GB/products/274622236', 'product_name': 'Tesco Free Range Egg Mayonnaise Sandwich', 'product_price': '£ 2.00', 'product_additionals': '£2.00/each'}, {'shop': 'tesco', 'url': 'https://www.tesco.com/groceries/en-GB/products/257471105', 'product_name': 'Tesco Fresh Egg Custard Tarts 2 Pack', 'product_price': '£ 0.80', 'product_additionals': '£0.40/each'}, {'shop': 'tesco', 'url': 'https://www.tesco.com/groceries/en-GB/products/255081368', 'product_name': 'Tesco Grated Parmigiano Reggiano 100G', 'product_price': '£ 2.20', 'product_additionals': '£22.00/kg'}, {'shop': 'tesco', 'url': 'https://www.tesco.com/groceries/en-GB/products/304405499', 'product_name': 'Tesco Green Veggies 100G', 'product_price': '£ 0.65', 'product_additionals': '£0.65/100g'}, {'shop': 'tesco', 'url': 'https://www.tesco.com/groceries/en-GB/products/260298456', 'product_name': 'Tesco Large Free Range Eggs 12 Pack', 'product_price': '£ 2.05', 'product_additionals': '£0.17/each'}, {'shop': 'tesco', 'url': 'https://www.tesco.com/groceries/en-GB/products/250802567', 'product_name': 'Tesco Large Free Range Eggs 6 Pack', 'product_price': '£ 1.10', 'product_additionals': '£0.18/each'}, {'shop': 'tesco', 'url': 'https://www.tesco.com/groceries/en-GB/products/272640603', 'product_name': 'Tesco Medium Egg Noodles 250G', 'product_price': '£ 1.00', 'product_additionals': '£4.00/kg'}, {'shop': 'tesco', 'url': 'https://www.tesco.com/groceries/en-GB/products/260298462', 'product_name': 'Tesco Medium Free Range Eggs 12 Pack', 'product_price': '£ 1.69', 'product_additionals': '£0.14/each'}, {'shop': 'tesco', 'url': 'https://www.tesco.com/groceries/en-GB/products/250802613', 'product_name': 'Tesco Medium Free Range Eggs 6 Pack', 'product_price': '£ 0.89', 'product_additionals': '£0.15/each'}, {'shop': 'tesco', 'url': 'https://www.tesco.com/groceries/en-GB/products/305439003', 'product_name': 'Tesco Mega Egg Hunt 725G', 'product_price': '£ 6.00', 'product_additionals': '£0.83/100g'}, {'shop': 'tesco', 'url': 'https://www.tesco.com/groceries/en-GB/products/278636398', 'product_name': 'Tesco Micro Rice Egg Fried Rice 4 X 150G', 'product_price': '£ 1.75', 'product_additionals': '£2.92/kg'}, {'shop': 'tesco', 'url': 'https://www.tesco.com/groceries/en-GB/products/307347863', 'product_name': 'Tesco Milk & White Egg Hunt 475G', 'product_price': '£ 5.00', 'product_additionals': '£1.06/100g'}, {'shop': 'tesco', 'url': 'https://www.tesco.com/groceries/en-GB/products/265422924', 'product_name': 'Tesco Mixed Sized Free Range Eggs 15 Pack', 'product_price': '£ 2.00', 'product_additionals': '£0.13/each'}, {'shop': 'tesco', 'url': 'https://www.tesco.com/groceries/en-GB/products/268263786', 'product_name': 'Tesco Mixed Sized Organic Eggs 6 Pack', 'product_price': '£ 1.80', 'product_additionals': '£0.30/each'}, {'shop': 'tesco', 'url': 'https://www.tesco.com/groceries/en-GB/products/305951951', 'product_name': 'Tesco Organic 12 Mixed Sizes Free Range Eggs', 'product_price': '£ 3.50', 'product_additionals': '£0.29/each'}, {'shop': 'tesco', 'url': 'https://www.tesco.com/groceries/en-GB/products/276889389', 'product_name': 'Tesco Parmigiano Reggiano 100G', 'product_price': '£ 2.00', 'product_additionals': '£20.00/kg'}, {'shop': 'tesco', 'url': 'https://www.tesco.com/groceries/en-GB/products/304410770', 'product_name': 'Tesco Parmigiano Reggiano 150G', 'product_price': '£ 2.75', 'product_additionals': '£1.84/100g'}, {'shop': 'tesco', 'url': 'https://www.tesco.com/groceries/en-GB/products/260663698', 'product_name': 'Tesco Parmigiano Reggiano 200G', 'product_price': '£ 3.00', 'product_additionals': '£15.00/kg'}, {'shop': 'tesco', 'url': 'https://www.tesco.com/groceries/en-GB/products/304394125', 'product_name': 'Tesco Pork & Egg Gala Slice 125G', 'product_price': '£ 1.00', 'product_additionals': '£0.80/100g'}, {'shop': 'tesco', 'url': 'https://www.tesco.com/groceries/en-GB/products/260422235', 'product_name': 'Tesco Sausage Bacon & & Egg Triple', 'product_price': '£ 2.75', 'product_additionals': '£2.75/each'}, {'shop': 'tesco', 'url': 'https://www.tesco.com/groceries/en-GB/products/299965650', 'product_name': 'Tesco Scotch Egg 113G', 'product_price': '£ 1.00', 'product_additionals': '£0.88/100g'}, {'shop': 'tesco', 'url': 'https://www.tesco.com/groceries/en-GB/products/303617003', 'product_name': 'Tesco Scotch Egg Quiche 180G', 'product_price': '£ 1.50', 'product_additionals': '£0.83/100g'}, {'shop': 'tesco', 'url': 'https://www.tesco.com/groceries/en-GB/products/303676905', 'product_name': 'Tesco Silicone Egg Poacher 2 Pack', 'product_price': '£ 2.50', 'product_additionals': '£1.25/each'}, {'shop': 'tesco', 'url': 'https://www.tesco.com/groceries/en-GB/products/299582618', 'product_name': 'Tesco Sweet & Sour Chicken Egg Fried Rice 400G', 'product_price': '£ 1.60', 'product_additionals': '£4.00/kg'}, {'shop': 'tesco', 'url': 'https://www.tesco.com/groceries/en-GB/products/299651543', 'product_name': 'Tesco Sweet & Sour Chicken With Egg Fried Rice 380G', 'product_price': '£ 2.50', 'product_additionals': '£6.58/kg'}, {'shop': 'tesco', 'url': 'https://www.tesco.com/groceries/en-GB/products/307340945', 'product_name': 'Tescomilk Chocolate Eggs 75G', 'product_price': '£ 0.75', 'product_additionals': '£1.00/100g'}, {'shop': 'sains', 'url': 'https://www.sainsburys.co.uk/shop/gb/groceries/product/details/fresh-eggs/the-good-egg-free-range-eggs-with-omega-3-x6', 'product_name': 'The Good Egg Free Range Eggs With Omega 3 x6', 'product_price': '£1.95', 'product_additionals': '33p / ea'}, {'shop': 'tesco', 'url': 'https://www.tesco.com/groceries/en-GB/products/307141334', 'product_name': 'The Grange Free Range Eggs 15 Mixed Weight', 'product_price': '£ 2.00', 'product_additionals': '£0.13/each'}, {'shop': 'tesco', 'url': 'https://www.tesco.com/groceries/en-GB/products/307708137', 'product_name': 'The Hairy Bikers Veggie Feasts Hairy Bikers', 'product_price': '£ 12.50', 'product_additionals': '£12.50/each'}, {'shop': 'asda', 'url': 'https://groceries.asda.com/product/910003061500', 'product_name': 'The Happy Egg Co 10 Large Free Range Eggs', 'product_price': '£2.75', 'product_additionals': 'No weight data'}, {'shop': 'asda', 'url': 'https://groceries.asda.com/product/910000045549', 'product_name': 'The Happy Egg Co 6 Large Free Range Eggs', 'product_price': '£1.65', 'product_additionals': 'No weight data'}, {'shop': 'asda', 'url': 'https://groceries.asda.com/product/1000034443404', 'product_name': 'The Happy Egg Co Free Range Liquid Egg Whites', 'product_price': '£2.00', 'product_additionals': 'No weight data'}, {'shop': 'tesco', 'url': 'https://www.tesco.com/groceries/en-GB/products/305520822', 'product_name': 'The Happy Egg Co Liquid Egg Whites 500G', 'product_price': '£ 2.50', 'product_additionals': '£0.50/100g'}, {'shop': 'sains', 'url': 'https://www.sainsburys.co.uk/shop/gb/groceries/product/details/fresh-eggs/happy-egg-mixed-weight-x10', 'product_name': 'The Happy Egg Co. Free Range Mixed Sizes x10 497g', 'product_price': '£2.00', 'product_additionals': '20p / ea'}, {'shop': 'tesco', 'url': 'https://www.tesco.com/groceries/en-GB/products/306503761', 'product_name': 'The Jolly Hogg Great British Scotch Egg 120G', 'product_price': '£ 1.85', 'product_additionals': '£1.55/100g'}, {'shop': 'sains', 'url': 'https://www.sainsburys.co.uk/shop/gb/groceries/product/details/fresh-eggs/the-lakes-free-range-eggs-large-x6', 'product_name': 'The Lakes Laid with Love Free Range Eggs Large x6', 'product_price': '£1.20', 'product_additionals': '20p / ea'}, {'shop': 'sains', 'url': 'https://www.sainsburys.co.uk/shop/gb/groceries/product/details/fresh-eggs/the-lakes-fr-medium-eggs-x6', 'product_name': 'The Lakes Laid with Love Free Range Eggs Medium x6', 'product_price': '£1.05', 'product_additionals': '18p / ea'}, {'shop': 'tesco', 'url': 'https://www.tesco.com/groceries/en-GB/products/304383259', 'product_name': 'Thorntons Classic Collection Egg 207G', 'product_price': '£ 4.00', 'product_additionals': '£1.94/100g'}, {'shop': 'tesco', 'url': 'https://www.tesco.com/groceries/en-GB/products/307345617', 'product_name': 'Thorntons Classic Easter Egg 262G', 'product_price': '£ 8.00', 'product_additionals': '£3.06/100g'}, {'shop': 'tesco', 'url': 'https://www.tesco.com/groceries/en-GB/products/307356748', 'product_name': 'Thorntons Continental Dark Chocolate Easter Egg 257G', 'product_price': '£ 8.00', 'product_additionals': '£3.12/100g'}, {'shop': 'tesco', 'url': 'https://www.tesco.com/groceries/en-GB/products/307363630', 'product_name': 'Thorntons Continental Milk Chocolate Easter Egg 257G', 'product_price': '£ 8.00', 'product_additionals': '£3.12/100g'}, {'shop': 'tesco', 'url': 'https://www.tesco.com/groceries/en-GB/products/304788973', 'product_name': 'Thorntons Milk Chocolate Dinosaur Egg 151G', 'product_price': '£ 2.50', 'product_additionals': '£1.66/100g'}, {'shop': 'sains', 'url': 'https://www.sainsburys.co.uk/shop/gb/groceries/product/details/all-easter-/thorntons-milk-chocolate-unicorn-easter-egg-151g', 'product_name': 'Thorntons Milk Chocolate Unicorn Easter Egg 151g', 'product_price': '£3.50', 'product_additionals': '£2.35 / 100g'}, {'shop': 'tesco', 'url': 'https://www.tesco.com/groceries/en-GB/products/304414558', 'product_name': 'Thorntons Milk Chocolate Unicorn Egg 151G', 'product_price': '£ 2.50', 'product_additionals': '£1.66/100g'}, {'shop': 'asda', 'url': 'https://groceries.asda.com/product/56724311', 'product_name': 'Tilda Egg Fried Basmati Rice', 'product_price': '£1.00', 'product_additionals': '(£4.00/kg)'}, {'shop': 'sains', 'url': 'https://www.sainsburys.co.uk/shop/gb/groceries/product/details/easter-special-offers/tonys-chocolonely-easter-eggs-155g', 'product_name': "Tony's Chocolonely Fairtrade Great Big Chocolate Eggs 155g", 'product_price': '£3.75', 'product_additionals': '£2.50 / 100g'}, {'shop': 'sains', 'url': 'https://www.sainsburys.co.uk/shop/gb/groceries/product/details/all-easter-eggs-and-chocolate-/tonys-chocolonely-easter-eggs-155g', 'product_name': "Tony's Chocolonely Fairtrade Great Big Chocolate Eggs 155g", 'product_price': '£3.75', 'product_additionals': '£2.50 / 100g'}, {'shop': 'tesco', 'url': 'https://www.tesco.com/groceries/en-GB/products/305508187', 'product_name': 'Treasure X Egg', 'product_price': '£ 5.00', 'product_additionals': '£5.00/each'}, {'shop': 'tesco', 'url': 'https://www.tesco.com/groceries/en-GB/products/307342586', 'product_name': 'Twix Large Easter Egg 274G', 'product_price': '£ 3.00', 'product_additionals': '£1.10/100g'}, {'shop': 'tesco', 'url': 'https://www.tesco.com/groceries/en-GB/products/308113689', 'product_name': 'Twix White Chocolate Easter Egg 316G', 'product_price': '£ 5.00', 'product_additionals': '£1.59/100g'}, {'shop': 'tesco', 'url': 'https://www.tesco.com/groceries/en-GB/products/266552250', 'product_name': 'Two Chicks Free Range Liquid Egg White 500Ml', 'product_price': '£ 2.50', 'product_additionals': '£5.00/litre'}, {'shop': 'asda', 'url': 'https://groceries.asda.com/product/38293', 'product_name': "Uncle Ben's Egg Fried Microwave Rice", 'product_price': '£0.99', 'product_additionals': '(£3.96/kg)'}, {'shop': 'coop', 'url': 'https://www.coop.co.uk/products/uncle-bens-special-egg-fried-rice-250g', 'product_name': "Uncle Ben's Special Egg Fried Rice 250g", 'product_price': '£1.80', 'product_additionals': '250g (£7.20 per kg)'}, {'shop': 'tesco', 'url': 'https://www.tesco.com/groceries/en-GB/products/252222737', 'product_name': 'Uncle Bens Special Egg Fried Rice 250G', 'product_price': '£ 0.99', 'product_additionals': '£3.96/kg'}, {'shop': 'tesco', 'url': 'https://www.tesco.com/groceries/en-GB/products/268739390', 'product_name': 'Vatika Egg Protein Hair Masque 500G', 'product_price': '£ 6.00', 'product_additionals': '£1.20/100g'}, {'shop': 'tesco', 'url': 'https://www.tesco.com/groceries/en-GB/products/268745451', 'product_name': 'Vatika Egg Protein Shampoo200ml', 'product_price': '£ 3.00', 'product_additionals': '£1.50/100ml'}, {'shop': 'aldi', 'url': 'https://www.aldi.co.uk/veggie-puffs-pickled-onion-flavour/p/019057321507000', 'product_name': 'Veggie Puffs Pickled Onion Flavour', 'product_price': '0.55', 'product_additionals': '£2.62 per 100g'}, {'shop': 'sains', 'url': 'https://www.sainsburys.co.uk/shop/gb/groceries/product/details/vegetarian-food/vivera-plant-veggie-burgers-200g', 'product_name': 'Vivera Plant Veggie Burgers 200g', 'product_price': '£2.50', 'product_additionals': '£12.50 / kg'}, {'shop': 'sains', 'url': 'https://www.sainsburys.co.uk/shop/gb/groceries/product/details/meat-free-/vivera-plant-veggie-burgers-200g', 'product_name': 'Vivera Plant Veggie Burgers 200g', 'product_price': '£2.50', 'product_additionals': '£12.50 / kg'}, {'shop': 'tesco', 'url': 'https://www.tesco.com/groceries/en-GB/products/304403024', 'product_name': 'Vivera Veggie Bacon Pieces 175G', 'product_price': '£ 3.00', 'product_additionals': '£17.15/kg'}, {'shop': 'sains', 'url': 'https://www.sainsburys.co.uk/shop/gb/groceries/product/details/all-vegan-products/vivera-veggie-fish-fillet-170g', 'product_name': 'Vivera Veggie Fish Fillet 170g', 'product_price': '£3.00', 'product_additionals': '£17.65 / kg'}, {'shop': 'tesco', 'url': 'https://www.tesco.com/groceries/en-GB/products/303543032', 'product_name': 'Vivera Veggie Greek Kebab 175G', 'product_price': '£ 2.50', 'product_additionals': '£14.29/kg'}, {'shop': 'tesco', 'url': 'https://www.tesco.com/groceries/en-GB/products/303543019', 'product_name': 'Vivera Veggie Mince 220G', 'product_price': '£ 2.50', 'product_additionals': '£11.37/kg'}, {'shop': 'tesco', 'url': 'https://www.tesco.com/groceries/en-GB/products/303646705', 'product_name': 'Vivera Veggie Steak 200G', 'product_price': '£ 3.00', 'product_additionals': '£15.00/kg'}, {'shop': 'asda', 'url': 'https://groceries.asda.com/product/1000213879479', 'product_name': "Wall's Lean & Mean Chicken Scotch Egg", 'product_price': '£0.75', 'product_additionals': '(66.4p/100g)'}, {'shop': 'sains', 'url': 'https://www.sainsburys.co.uk/shop/gb/groceries/product/details/fresh-eggs/wood-farm-free-range-medium-eggs-x6', 'product_name': 'Wood Farm Free Range Medium Eggs x6', 'product_price': '£1.75', 'product_additionals': '29p / ea'}, {'shop': 'sains', 'url': 'https://www.sainsburys.co.uk/shop/gb/groceries/product/details/easter-giant/yorkie-milk-chocolate-collection-giant-easter-egg-336g', 'product_name': 'Yorkie Milk Chocolate Collection Giant Easter Egg 336g', 'product_price': '£5.00', 'product_additionals': '£1.49 / 100g'}, {'shop': 'sains', 'url': 'https://www.sainsburys.co.uk/shop/gb/groceries/product/details/fresh-eggs/yorkshire-large-free-range-eggs-x12', 'product_name': 'Yorkshire Free Range Large Eggs x12', 'product_price': '£3.15', 'product_additionals': '26p / ea'}, {'shop': 'sains', 'url': 'https://www.sainsburys.co.uk/shop/gb/groceries/product/details/fresh-eggs/yorkshire-large-free-range-eggs-x6', 'product_name': 'Yorkshire Free Range Large Eggs x6', 'product_price': '£1.95', 'product_additionals': '33p / ea'}, {'shop': 'sains', 'url': 'https://www.sainsburys.co.uk/shop/gb/groceries/product/details/fresh-eggs/yorkshire-medium-free-range-eggs-x-6', 'product_name': 'Yorkshire Free Range Medium Eggs x6', 'product_price': '£1.90', 'product_additionals': '32p / ea'}, {'shop': 'sains', 'url': 'https://www.sainsburys.co.uk/shop/gb/groceries/product/details/boxedchocolates/youre-a-good-egg-message-bottle-350g', 'product_name': "You're a Good Egg Mini Fried Egg Gummies 350g", 'product_price': '£4.00', 'product_additionals': '£1.14 / 100g'}, {'shop': 'sains', 'url': 'https://www.sainsburys.co.uk/shop/gb/groceries/product/details/easter-special-offers/youre-a-good-egg-message-bottle-350g', 'product_name': "You're a Good Egg Mini Fried Egg Gummies 350g", 'product_price': '£4.00', 'product_additionals': '£1.14 / 100g'}, {'shop': 'asda', 'url': 'https://groceries.asda.com/product/1000219339204', 'product_name': 'Zuru Rainbocorns Itzy Glitzy Surpise Collectible Eggs (3+ Years)', 'product_price': '£9.97', 'product_additionals': '(£9.97/each)'}]


x[{'shop': 'tesco', 'url': 'https://www.tesco.com/groceries/en-GB/products/304388352', 'product_name': 'Prospero Leggero Secco Rosato 750Ml', 'product_price': '£ 7.00', 'product_additionals': '£7.00/75cl'}, {'shop': 'tesco', 'url': 'https://www.tesco.com/groceries/en-GB/products/268745451', 'product_name': 'Vatika Egg Protein Shampoo200ml', 'product_price': '£ 3.00', 'product_additionals': '£1.50/100ml'}, {'shop': 'asda', 'url': 'https://groceries.asda.com/product/1000118273230', 'product_name': 'Levi Roots Reggaenaise Jerk Mayonnaise', 'product_price': '£1.50', 'product_additionals': '(60.0p/100ml)'}, {'shop': 'tesco', 'url': 'https://www.tesco.com/groceries/en-GB/products/299626009', 'product_name': 'Tesco 15 Eggs', 'product_price': '£ 1.18', 'product_additionals': '£0.08/each'}, {'shop': 'tesco', 'url': 'https://www.tesco.com/groceries/en-GB/products/299625707', 'product_name': 'Tesco 6 Eggs', 'product_price': '£ 0.70', 'product_additionals': '£0.12/each'}, {'shop': 'tesco', 'url': 'https://www.tesco.com/groceries/en-GB/products/260298462', 'product_name': 'Tesco Medium Free Range Eggs 12 Pack', 'product_price': '£ 1.69', 'product_additionals': '£0.14/each'}, {'shop': 'tesco', 'url': 'https://www.tesco.com/groceries/en-GB/products/250802613', 'product_name': 'Tesco Medium Free Range Eggs 6 Pack', 'product_price': '£ 0.89', 'product_additionals': '£0.15/each'}, {'shop': 'tesco', 'url': 'https://www.tesco.com/groceries/en-GB/products/265422924', 'product_name': 'Tesco Mixed Sized Free Range Eggs 15 Pack', 'product_price': '£ 2.00', 'product_additionals': '£0.13/each'}, {'shop': 'tesco', 'url': 'https://www.tesco.com/groceries/en-GB/products/307141334', 'product_name': 'The Grange Free Range Eggs 15 Mixed Weight', 'product_price': '£ 2.00', 'product_additionals': '£0.13/each'}, {'shop': 'tesco', 'url': 'https://www.tesco.com/groceries/en-GB/products/260298456', 'product_name': 'Tesco Large Free Range Eggs 12 Pack', 'product_price': '£ 2.05', 'product_additionals': '£0.17/each'}, {'shop': 'tesco', 'url': 'https://www.tesco.com/groceries/en-GB/products/305950860', 'product_name': 'Big & Fresh Jumbo 6 Eggs', 'product_price': '£ 1.45', 'product_additionals': '£0.24/each'}, {'shop': 'tesco', 'url': 'https://www.tesco.com/groceries/en-GB/products/250802567', 'product_name': 'Tesco Large Free Range Eggs 6 Pack', 'product_price': '£ 1.10', 'product_additionals': '£0.18/each'}, {'shop': 'tesco', 'url': 'https://www.tesco.com/groceries/en-GB/products/251744530', 'product_name': 'Big & Fresh Mixed Sized Eggs 10 Pack', 'product_price': '£ 1.75', 'product_additionals': '£0.18/each'}, {'shop': 'tesco', 'url': 'https://www.tesco.com/groceries/en-GB/products/253270171', 'product_name': 'Big & Fresh Mixed Sized Eggs 6 Pack', 'product_price': '£ 1.15', 'product_additionals': '£0.19/each'}, {'shop': 'tesco', 'url': 'https://www.tesco.com/groceries/en-GB/products/303088294', 'product_name': 'Mr Kipling Egg Fancies 8 Pack', 'product_price': '£ 1.50', 'product_additionals': '£0.19/each'}, {'shop': 'tesco', 'url': 'https://www.tesco.com/groceries/en-GB/products/306934262', 'product_name': 'Big & Free Large White Free Range Eggs 10 Pack', 'product_price': '£ 2.00', 'product_additionals': '£0.20/each'}, {'shop': 'tesco', 'url': 'https://www.tesco.com/groceries/en-GB/products/285527920', 'product_name': 'Rymer Farm Eggs Large Free Range 12 Eggs', 'product_price': '£ 3.00', 'product_additionals': '£0.25/each'}, {'shop': 'tesco', 'url': 'https://www.tesco.com/groceries/en-GB/products/280418429', 'product_name': 'Rymer Farm Eggs Medium Free Range 6 Eggs', 'product_price': '£ 1.50', 'product_additionals': '£0.25/each'}, {'shop': 'tesco', 'url': 'https://www.tesco.com/groceries/en-GB/products/285527908', 'product_name': 'Rymer Farm Eggs Medium Free Range 12 Eggs', 'product_price': '£ 2.95', 'product_additionals': '£0.25/each'}, {'shop': 'tesco', 'url': 'https://www.tesco.com/groceries/en-GB/products/257471134', 'product_name': 'Tesco Egg Custard Tarts 4 Pack', 'product_price': '£ 1.40', 'product_additionals': '£0.35/each'}, {'shop': 'tesco', 'url': 'https://www.tesco.com/groceries/en-GB/products/268263786', 'product_name': 'Tesco Mixed Sized Organic Eggs 6 Pack', 'product_price': '£ 1.80', 'product_additionals': '£0.30/each'}, {'shop': 'tesco', 'url': 'https://www.tesco.com/groceries/en-GB/products/280418591', 'product_name': 'Rymer Farm Eggs Large Free Range 6 Eggs', 'product_price': '£ 1.80', 'product_additionals': '£0.30/each'}, {'shop': 'tesco', 'url': 'https://www.tesco.com/groceries/en-GB/products/301810088', 'product_name': 'Purely Organic Eggs Mixed Weight 10 Pack', 'product_price': '£ 3.00', 'product_additionals': '£0.30/each'}, {'shop': 'tesco', 'url': 'https://www.tesco.com/groceries/en-GB/products/304778138', 'product_name': 'Happy Egg Co. Free Range Eggs 10 Pack', 'product_price': '£ 2.20', 'product_additionals': '£0.22/each'}, {'shop': 'tesco', 'url': 'https://www.tesco.com/groceries/en-GB/products/305527636', 'product_name': 'Cadbury Creme Egg Chocolate Cake 6Pack', 'product_price': '£ 2.00', 'product_additionals': '£0.33/each'}, {'shop': 'tesco', 'url': 'https://www.tesco.com/groceries/en-GB/products/305951951', 'product_name': 'Tesco Organic 12 Mixed Sizes Free Range Eggs', 'product_price': '£ 3.50', 'product_additionals': '£0.29/each'}, {'shop': 'tesco', 'url': 'https://www.tesco.com/groceries/en-GB/products/278418052', 'product_name': 'Tesco East Anglian Free Range Eggs Very Large 6 Pack', 'product_price': '£ 1.50', 'product_additionals': '£0.25/each'}, {'shop': 'tesco', 'url': 'https://www.tesco.com/groceries/en-GB/products/300951446', 'product_name': 'Happy Egg Co. Free Range Eggs 12 Medium', 'product_price': '£ 2.65', 'product_additionals': '£0.22/each'}, {'shop': 'tesco', 'url': 'https://www.tesco.com/groceries/en-GB/products/275399728', 'product_name': 'Tesco Finest 6 Free Range Chestnut Maran Eggs', 'product_price': '£ 1.90', 'product_additionals': '£0.32/each'}, {'shop': 'tesco', 'url': 'https://www.tesco.com/groceries/en-GB/products/300951423', 'product_name': 'Happy Egg Co. Free Range Eggs 12 Large', 'product_price': '£ 2.95', 'product_additionals': '£0.25/each'}, {'shop': 'tesco', 'url': 'https://www.tesco.com/groceries/en-GB/products/264328894', 'product_name': 'Happy Egg Co Medium Free Range Eggs 6 Pack', 'product_price': '£ 1.40', 'product_additionals': '£0.23/each'}, {'shop': 'tesco', 'url': 'https://www.tesco.com/groceries/en-GB/products/257471105', 'product_name': 'Tesco Fresh Egg Custard Tarts 2 Pack', 'product_price': '£ 0.80', 'product_additionals': '£0.40/each'}, {'shop': 'tesco', 'url': 'https://www.tesco.com/groceries/en-GB/products/295693390', 'product_name': 'Happy Egg Co. Free Range Eggs 10 Mixed Weight', 'product_price': '£ 2.20', 'product_additionals': '£0.22/each'}, {'shop': 'tesco', 'url': 'https://www.tesco.com/groceries/en-GB/products/277393000', 'product_name': 'Tesco Finest 6 Free Range Bluebell Aurancana Eggs', 'product_price': '£ 1.90', 'product_additionals': '£0.32/each'}, {'shop': 'tesco', 'url': 'https://www.tesco.com/groceries/en-GB/products/257169389', 'product_name': 'Cadbury 6 Mini Eggs Easter Cakes', 'product_price': '£ 2.00', 'product_additionals': '£0.33/each'}, {'shop': 'tesco', 'url': 'https://www.tesco.com/groceries/en-GB/products/264328992', 'product_name': 'Happy Egg Co Large Free Range Eggs 6 Pack', 'product_price': '£ 1.65', 'product_additionals': '£0.28/each'}, {'shop': 'tesco', 'url': 'https://www.tesco.com/groceries/en-GB/products/305527187', 'product_name': 'Tesco 5 Decorate Your Own Gingerbread Easter Egg Kit', 'product_price': '£ 1.80', 'product_additionals': '£0.36/each'}, {'shop': 'tesco', 'url': 'https://www.tesco.com/groceries/en-GB/products/301868238', 'product_name': 'Clarence Court Old Cotswold Free Range Eggs 6 Pack', 'product_price': '£ 2.25', 'product_additionals': '£0.38/each'}, {'shop': 'tesco', 'url': 'https://www.tesco.com/groceries/en-GB/products/301868215', 'product_name': 'Clarence Court Burford Browns Free Range Eggs 6 Pack', 'product_price': '£ 2.50', 'product_additionals': '£0.42/each'}, {'shop': 'tesco', 'url': 'https://www.tesco.com/groceries/en-GB/products/299773970', 'product_name': 'Cadbury 4 Mini Egg Nest Cakes', 'product_price': '£ 2.00', 'product_additionals': '£0.50/each'}, {'shop': 'tesco', 'url': 'https://www.tesco.com/groceries/en-GB/products/301868250', 'product_name': 'Clarence Court Braddock White Duck Free Range Eggs 6 Pack', 'product_price': '£ 2.50', 'product_additionals': '£0.42/each'}, {'shop': 'tesco', 'url': 'https://www.tesco.com/groceries/en-GB/products/257328680', 'product_name': 'Tesco Egg & Cress Sandwich', 'product_price': '£ 1.30', 'product_additionals': '£1.30/each'}, {'shop': 'asda', 'url': 'https://groceries.asda.com/product/1000227127218', 'product_name': 'Alien Invasion Alien Birth Egg (3+ Years)', 'product_price': '£1.00', 'product_additionals': '(£1.00/each)'}, {'shop': 'tesco', 'url': 'https://www.tesco.com/groceries/en-GB/products/303676905', 'product_name': 'Tesco Silicone Egg Poacher 2 Pack', 'product_price': '£ 2.50', 'product_additionals': '£1.25/each'}, {'shop': 'asda', 'url': 'https://groceries.asda.com/product/1000001546253', 'product_name': 'ASDA Egg & Cress Sandwich', 'product_price': '£1.10', 'product_additionals': '(£1.10/each)'}, {'shop': 'asda', 'url': 'https://groceries.asda.com/product/1000144980456', 'product_name': 'George Home White Porcelain Egg Cups', 'product_price': '£2.50', 'product_additionals': '(£1.25/each)'}, {'shop': 'tesco', 'url': 'https://www.tesco.com/groceries/en-GB/products/303250856', 'product_name': 'Joie Silicone Egg Ring', 'product_price': '£ 2.00', 'product_additionals': '£2.00/each'}, {'shop': 'asda', 'url': 'https://groceries.asda.com/product/1000158056023', 'product_name': 'Joie Egg Slicer', 'product_price': '£3.00', 'product_additionals': '(£3.00/each)'}, {'shop': 'tesco', 'url': 'https://www.tesco.com/groceries/en-GB/products/304791542', 'product_name': 'Pukka Veggie Leek & Potato Pie', 'product_price': '£ 1.65', 'product_additionals': '£1.65/each'}, {'shop': 'asda', 'url': 'https://groceries.asda.com/product/1000231165258', 'product_name': 'Joie Egg Poacher', 'product_price': '£3.00', 'product_additionals': '(£3.00/each)'}, {'shop': 'asda', 'url': 'https://groceries.asda.com/product/910000813160', 'product_name': 'Paw Patrol Surprise Egg with Jelly Beans & Collectable Toy', 'product_price': '£1.00', 'product_additionals': '(£1.00/each)'}, {'shop': 'asda', 'url': 'https://groceries.asda.com/product/1000176228191', 'product_name': 'George Home Eeyore Egg Cup', 'product_price': '£2.50', 'product_additionals': '(£2.50/each)'}, {'shop': 'tesco', 'url': 'https://www.tesco.com/groceries/en-GB/products/254279200', 'product_name': 'Tesco Egg & Bacon Sandwich', 'product_price': '£ 2.50', 'product_additionals': '£2.50/each'}, {'shop': 'tesco', 'url': 'https://www.tesco.com/groceries/en-GB/products/302217674', 'product_name': 'Qvs Mini Moments Blending Egg Sponge', 'product_price': '£ 2.00', 'product_additionals': '£2.00/each'}, {'shop': 'tesco', 'url': 'https://www.tesco.com/groceries/en-GB/products/305508187', 'product_name': 'Treasure X Egg', 'product_price': '£ 5.00', 'product_additionals': '£5.00/each'}, {'shop': 'tesco', 'url': 'https://www.tesco.com/groceries/en-GB/products/274622236', 'product_name': 'Tesco Free Range Egg Mayonnaise Sandwich', 'product_price': '£ 2.00', 'product_additionals': '£2.00/each'}, {'shop': 'asda', 'url': 'https://groceries.asda.com/product/1000176228022', 'product_name': 'George Home Winnie The Pooh Egg Cup', 'product_price': '£2.50', 'product_additionals': '(£2.50/each)'}, {'shop': 'tesco', 'url': 'https://www.tesco.com/groceries/en-GB/products/260422235', 'product_name': 'Tesco Sausage Bacon & & Egg Triple', 'product_price': '£ 2.75', 'product_additionals': '£2.75/each'}, {'shop': 'asda', 'url': 'https://groceries.asda.com/product/1000006804992', 'product_name': 'Sistema Microwave Easy Eggs', 'product_price': '£4.00', 'product_additionals': '(£4.00/each)'}, {'shop': 'asda', 'url': 'https://groceries.asda.com/product/1000202846493', 'product_name': 'George Home Duck Egg Egyptian Cotton Hand Towel', 'product_price': '£3.00', 'product_additionals': '(£3.00/each)'}, {'shop': 'asda', 'url': 'https://groceries.asda.com/product/910000261340', 'product_name': 'Pegga Pig Forehead Thermometer 3+ Months', 'product_price': '£3.50', 'product_additionals': '(£3.50/each)'}, {'shop': 'asda', 'url': 'https://groceries.asda.com/product/1000250547375', 'product_name': 'CD Greatest Ever Reggae', 'product_price': '£6.00', 'product_additionals': '(£6.00/each)'}, {'shop': 'asda', 'url': 'https://groceries.asda.com/product/1000010767311', 'product_name': 'George Home Duck Egg Pedestal Mat', 'product_price': '£5.00', 'product_additionals': '(£5.00/each)'}, {'shop': 'tesco', 'url': 'https://www.tesco.com/groceries/en-GB/products/254949335', 'product_name': 'Cadbury Mini Eggs Chocolate Gateau Each', 'product_price': '£ 3.00', 'product_additionals': '£3.00/each'}, {'shop': 'asda', 'url': 'https://groceries.asda.com/product/1000156149130', 'product_name': 'Scoville Mini Egg Pan', 'product_price': '£8.00', 'product_additionals': '(£8.00/each)'}, {'shop': 'tesco', 'url': 'https://www.tesco.com/groceries/en-GB/products/302809291', 'product_name': 'Cadbury Mini Eggs Chocolate Egg & Mug 177G', 'product_price': '£ 3.00', 'product_additionals': '£3.00/each'}, {'shop': 'asda', 'url': 'https://groceries.asda.com/product/910003168561', 'product_name': 'Paperback Supertato: Run Veggies Run by Sue Hendra', 'product_price': '£4.00', 'product_additionals': '(£4.00/each)'}, {'shop': 'asda', 'url': 'https://groceries.asda.com/product/22006', 'product_name': 'ASDA Smart Price 15 Eggs', 'product_price': '£1.18', 'product_additionals': '(7.9p/each)'}, {'shop': 'asda', 'url': 'https://groceries.asda.com/product/1000069554563', 'product_name': 'Supertato Veggies in the Valley of Doom by Sue Hendra', 'product_price': '£4.00', 'product_additionals': '(£4.00/each)'}, {'shop': 'asda', 'url': 'https://groceries.asda.com/product/910002460202', 'product_name': 'Supertato: Veggies Assemble by Sue Hendra & Paul Linnet', 'product_price': '£4.00', 'product_additionals': '(£4.00/each)'}, {'shop': 'tesco', 'url': 'https://www.tesco.com/groceries/en-GB/products/302836160', 'product_name': 'Plush Dragons Egg Assorted', 'product_price': '£ 6.00', 'product_additionals': '£6.00/each'}, {'shop': 'asda', 'url': 'https://groceries.asda.com/product/1000011829672', 'product_name': 'George Home Non-stick Aluminium 4 Egg Poacher - 20cm', 'product_price': '£5.00', 'product_additionals': '(£5.00/each)'}, {'shop': 'asda', 'url': 'https://groceries.asda.com/product/1000004205351', 'product_name': 'Tefal Ideal One Egg Wonder Frypan', 'product_price': '£8.00', 'product_additionals': '(£8.00/each)'}, {'shop': 'asda', 'url': 'https://groceries.asda.com/product/1000118028695', 'product_name': 'Salter Egg Cooker', 'product_price': '£15.00', 'product_additionals': '(£15.00/each)'}, {'shop': 'asda', 'url': 'https://groceries.asda.com/product/910001102628', 'product_name': 'George Home Duck Egg Egyptian Cotton Bath Towel', 'product_price': '£6.00', 'product_additionals': '(£6.00/each)'}, {'shop': 'asda', 'url': 'https://groceries.asda.com/product/1000063918733', 'product_name': 'CD Trojan: Ska & Reggae Classics by Various Artists', 'product_price': '£6.00', 'product_additionals': '(£6.00/each)'}, {'shop': 'asda', 'url': 'https://groceries.asda.com/product/1000010766736', 'product_name': 'George Home Duck Egg Super Soft Microfibre Bath Mat', 'product_price': '£7.00', 'product_additionals': '(£7.00/each)'}, {'shop': 'asda', 'url': 'https://groceries.asda.com/product/910001228389', 'product_name': 'Big & Fresh 10 Eggs', 'product_price': '£1.74', 'product_additionals': '(17.4p/each)'}, {'shop': 'asda', 'url': 'https://groceries.asda.com/product/1000202846206', 'product_name': 'George Home Duck Egg 100% Egyptian Cotton Bath Sheet', 'product_price': '£7.00', 'product_additionals': '(£7.00/each)'}, {'shop': 'tesco', 'url': 'https://www.tesco.com/groceries/en-GB/products/303165738', 'product_name': 'Gro Egg 1', 'product_price': '£ 25.00', 'product_additionals': '£25.00/each'}, {'shop': 'asda', 'url': 'https://groceries.asda.com/product/404198', 'product_name': "ASDA Chef's Value 30 Medium Eggs", 'product_price': '£4.00', 'product_additionals': '(13.3p/each)'}, {'shop': 'tesco', 'url': 'https://www.tesco.com/groceries/en-GB/products/307708137', 'product_name': 'The Hairy Bikers Veggie Feasts Hairy Bikers', 'product_price': '£ 12.50', 'product_additionals': '£12.50/each'}, {'shop': 'asda', 'url': 'https://groceries.asda.com/product/1000184133233', 'product_name': "Ryan's World 48-Piece Mystery Puzzle in Plastic Egg StorCase (4+ Years)", 'product_price': '£7.97', 'product_additionals': '(£7.97/each)'}, {'shop': 'asda', 'url': 'https://groceries.asda.com/product/1000119983800', 'product_name': 'Hatchimals Colleggtibles 6-Pack Shell (5+ Years)', 'product_price': '£12.97', 'product_additionals': '(£12.97/each)'}, {'shop': 'asda', 'url': 'https://groceries.asda.com/product/1000219339204', 'product_name': 'Zuru Rainbocorns Itzy Glitzy Surpise Collectible Eggs (3+ Years)', 'product_price': '£9.97', 'product_additionals': '(£9.97/each)'}, {'shop': 'asda', 'url': 'https://groceries.asda.com/product/910003033511', 'product_name': 'ASDA Egg Custard Tarts', 'product_price': '£0.95', 'product_additionals': '(23.8p/each)'}, {'shop': 'asda', 'url': 'https://groceries.asda.com/product/1000219339150', 'product_name': 'Hatchimals Colleggtibles Glamfetti (5+ Years)', 'product_price': '£21.97', 'product_additionals': '(£21.97/each)'}, {'shop': 'asda', 'url': 'https://groceries.asda.com/product/910003033909', 'product_name': 'ASDA Egg Custards', 'product_price': '£0.80', 'product_additionals': '(40.0p/each)'}, {'shop': 'asda', 'url': 'https://groceries.asda.com/product/1000203231919', 'product_name': 'George Home 100% Cotton Face Cloth - Duck Egg', 'product_price': '£1.00', 'product_additionals': '(50.0p/each)'}, {'shop': 'asda', 'url': 'https://groceries.asda.com/product/1000202846243', 'product_name': 'George Home 100% Egyptian Cotton Face Cloth - Duck Egg', 'product_price': '£0.75', 'product_additionals': '(75.0p/each)'}, {'shop': 'asda', 'url': 'https://groceries.asda.com/product/910001968039', 'product_name': 'Egg Noodles', 'product_price': '£1.50', 'product_additionals': '(£2.50/kg)'}, {'shop': 'tesco', 'url': 'https://www.tesco.com/groceries/en-GB/products/251680458', 'product_name': 'Tesco Egg Rice 250G', 'product_price': '£ 0.65', 'product_additionals': '£2.60/kg'}, {'shop': 'tesco', 'url': 'https://www.tesco.com/groceries/en-GB/products/277909550', 'product_name': 'Lubella Egg Pasta 250G', 'product_price': '£ 0.80', 'product_additionals': '£0.32/100g'}, {'shop': 'asda', 'url': 'https://groceries.asda.com/product/910002524751', 'product_name': 'ASDA Egg Fried Micro Rice', 'product_price': '£0.49', 'product_additionals': '(£1.96/kg)'}, {'shop': 'asda', 'url': 'https://groceries.asda.com/product/1000000986503', 'product_name': 'Blue Dragon Fine Egg Noodles', 'product_price': '£1.00', 'product_additionals': '(£3.33/kg)'}, {'shop': 'tesco', 'url': 'https://www.tesco.com/groceries/en-GB/products/290981391', 'product_name': 'Tesco Egg Noodles 300G', 'product_price': '£ 1.25', 'product_additionals': '£4.17/kg'}, {'shop': 'asda', 'url': 'https://groceries.asda.com/product/910000782454', 'product_name': 'Blue Dragon Medium Egg Noodles', 'product_price': '£1.00', 'product_additionals': '(£3.33/kg)'}, {'shop': 'tesco', 'url': 'https://www.tesco.com/groceries/en-GB/products/254606808', 'product_name': 'Tesco 4 Scotch Eggs 454G', 'product_price': '£ 1.85', 'product_additionals': '£0.41/100g'}, {'shop': 'tesco', 'url': 'https://www.tesco.com/groceries/en-GB/products/272640511', 'product_name': 'Tesco Fine Egg Noodles 250G', 'product_price': '£ 1.00', 'product_additionals': '£4.00/kg'}, {'shop': 'tesco', 'url': 'https://www.tesco.com/groceries/en-GB/products/272854241', 'product_name': 'Blue Dragon Fine Egg Noodles 300G', 'product_price': '£ 1.00', 'product_additionals': '£3.34/kg'}, {'shop': 'tesco', 'url': 'https://www.tesco.com/groceries/en-GB/products/278636398', 'product_name': 'Tesco Micro Rice Egg Fried Rice 4 X 150G', 'product_price': '£ 1.75', 'product_additionals': '£2.92/kg'}, {'shop': 'tesco', 'url': 'https://www.tesco.com/groceries/en-GB/products/272854385', 'product_name': 'Blue Dragon Medium Egg Noodles 300G', 'product_price': '£ 1.00', 'product_additionals': '£3.34/kg'}, {'shop': 'tesco', 'url': 'https://www.tesco.com/groceries/en-GB/products/272640603', 'product_name': 'Tesco Medium Egg Noodles 250G', 'product_price': '£ 1.00', 'product_additionals': '£4.00/kg'}, {'shop': 'tesco', 'url': 'https://www.tesco.com/groceries/en-GB/products/250301492', 'product_name': 'Tesco 2 Scotch Eggs 227G', 'product_price': '£ 1.20', 'product_additionals': '£0.53/100g'}, {'shop': 'asda', 'url': 'https://groceries.asda.com/product/38293', 'product_name': "Uncle Ben's Egg Fried Microwave Rice", 'product_price': '£0.99', 'product_additionals': '(£3.96/kg)'}, {'shop': 'asda', 'url': 'https://groceries.asda.com/product/1000045650585', 'product_name': "Sharwood's Fine Egg Noodles", 'product_price': '£1.75', 'product_additionals': '(£5.15/kg)'}, {'shop': 'tesco', 'url': 'https://www.tesco.com/groceries/en-GB/products/307750189', 'product_name': 'Lisner Vegetable Salad With Egg 500G', 'product_price': '£ 2.00', 'product_additionals': '£0.40/100g'}, {'shop': 'tesco', 'url': 'https://www.tesco.com/groceries/en-GB/products/307154117', 'product_name': 'Tesco Egg Mayonaise 250G', 'product_price': '£ 1.45', 'product_additionals': '£0.58/100g'}, {'shop': 'tesco', 'url': 'https://www.tesco.com/groceries/en-GB/products/301412450', 'product_name': 'Sharwoods Fine Egg Noodles 340G', 'product_price': '£ 1.60', 'product_additionals': '£4.71/kg'}, {'shop': 'tesco', 'url': 'https://www.tesco.com/groceries/en-GB/products/266988097', 'product_name': 'Levi Roots Reggae Sauce 490G', 'product_price': '£ 2.55', 'product_additionals': '£0.52/100g'}, {'shop': 'tesco', 'url': 'https://www.tesco.com/groceries/en-GB/products/252222737', 'product_name': 'Uncle Bens Special Egg Fried Rice 250G', 'product_price': '£ 0.99', 'product_additionals': '£3.96/kg'}, {'shop': 'asda', 'url': 'https://groceries.asda.com/product/1000045650671', 'product_name': "Sharwood's Medium Egg Noodles", 'product_price': '£1.75', 'product_additionals': '(£5.15/kg)'}, {'shop': 'tesco', 'url': 'https://www.tesco.com/groceries/en-GB/products/265214819', 'product_name': 'Tesco Egg Fried Rice 250G', 'product_price': '£ 1.50', 'product_additionals': '£6.00/kg'}, {'shop': 'tesco', 'url': 'https://www.tesco.com/groceries/en-GB/products/301412473', 'product_name': 'Sharwoods Medium Egg Noodles 340G', 'product_price': '£ 1.60', 'product_additionals': '£4.71/kg'}, {'shop': 'tesco', 'url': 'https://www.tesco.com/groceries/en-GB/products/304405499', 'product_name': 'Tesco Green Veggies 100G', 'product_price': '£ 0.65', 'product_additionals': '£0.65/100g'}, {'shop': 'asda', 'url': 'https://groceries.asda.com/product/1000219746243', 'product_name': 'ASDA Italian Fresh Egg Lasagne Sheets', 'product_price': '£1.35', 'product_additionals': '(£4.50/kg)'}, {'shop': 'asda', 'url': 'https://groceries.asda.com/product/56724311', 'product_name': 'Tilda Egg Fried Basmati Rice', 'product_price': '£1.00', 'product_additionals': '(£4.00/kg)'}, {'shop': 'tesco', 'url': 'https://www.tesco.com/groceries/en-GB/products/268904010', 'product_name': 'Tesco 12 Mini Savoury Eggs 216G', 'product_price': '£ 1.20', 'product_additionals': '£0.56/100g'}, {'shop': 'tesco', 'url': 'https://www.tesco.com/groceries/en-GB/products/299582618', 'product_name': 'Tesco Sweet & Sour Chicken Egg Fried Rice 400G', 'product_price': '£ 1.60', 'product_additionals': '£4.00/kg'}, {'shop': 'tesco', 'url': 'https://www.tesco.com/groceries/en-GB/products/305520822', 'product_name': 'The Happy Egg Co Liquid Egg Whites 500G', 'product_price': '£ 2.50', 'product_additionals': '£0.50/100g'}, {'shop': 'tesco', 'url': 'https://www.tesco.com/groceries/en-GB/products/299965650', 'product_name': 'Tesco Scotch Egg 113G', 'product_price': '£ 1.00', 'product_additionals': '£0.88/100g'}, {'shop': 'tesco', 'url': 'https://www.tesco.com/groceries/en-GB/products/268325996', 'product_name': 'Tesco Egg Mayonnaise Sandwich Filler 450G', 'product_price': '£ 2.20', 'product_additionals': '£0.49/100g'}, {'shop': 'tesco', 'url': 'https://www.tesco.com/groceries/en-GB/products/305439003', 'product_name': 'Tesco Mega Egg Hunt 725G', 'product_price': '£ 6.00', 'product_additionals': '£0.83/100g'}, {'shop': 'tesco', 'url': 'https://www.tesco.com/groceries/en-GB/products/307138212', 'product_name': 'Tesco Egg & Bacon Sandwich Filler 250G', 'product_price': '£ 1.45', 'product_additionals': '£0.58/100g'}, {'shop': 'tesco', 'url': 'https://www.tesco.com/groceries/en-GB/products/305253389', 'product_name': 'Cadbury Caramel Medium Egg 139G', 'product_price': '£ 1.00', 'product_additionals': '£0.72/100g'}, {'shop': 'asda', 'url': 'https://groceries.asda.com/product/910002082817', 'product_name': 'Quorn Picnic Eggs', 'product_price': '£1.50', 'product_additionals': '(£8.33/kg)'}, {'shop': 'tesco', 'url': 'https://www.tesco.com/groceries/en-GB/products/294606237', 'product_name': 'Tesco Egg Hunt Basket 340G', 'product_price': '£ 3.00', 'product_additionals': '£0.88/100g'}, {'shop': 'tesco', 'url': 'https://www.tesco.com/groceries/en-GB/products/303617003', 'product_name': 'Tesco Scotch Egg Quiche 180G', 'product_price': '£ 1.50', 'product_additionals': '£0.83/100g'}, {'shop': 'tesco', 'url': 'https://www.tesco.com/groceries/en-GB/products/307336951', 'product_name': 'Heat & Enjoy Egg Fried Rice 400G', 'product_price': '£ 3.00', 'product_additionals': '£7.50/kg'}, {'shop': 'tesco', 'url': 'https://www.tesco.com/groceries/en-GB/products/299955316', 'product_name': "Heat 'Em Up Sausage & Egg Muffin 150G", 'product_price': '£ 1.00', 'product_additionals': '£6.67/kg'}, {'shop': 'tesco', 'url': 'https://www.tesco.com/groceries/en-GB/products/304394125', 'product_name': 'Tesco Pork & Egg Gala Slice 125G', 'product_price': '£ 1.00', 'product_additionals': '£0.80/100g'}, {'shop': 'tesco', 'url': 'https://www.tesco.com/groceries/en-GB/products/293258258', 'product_name': 'Kohinoor Bombay Egg Curry Cooking Sauce 375G', 'product_price': '£ 1.50', 'product_additionals': '£0.40/100g'}, {'shop': 'tesco', 'url': 'https://www.tesco.com/groceries/en-GB/products/307133125', 'product_name': 'Cadbury Creme Egg 10 X 40G', 'product_price': '£ 3.95', 'product_additionals': '£0.99/100g'}, {'shop': 'tesco', 'url': 'https://www.tesco.com/groceries/en-GB/products/307345829', 'product_name': 'Birds Eye Green Cuisine 2 Veggie Burgers 250G', 'product_price': '£ 1.50', 'product_additionals': '£6.00/kg'}, {'shop': 'tesco', 'url': 'https://www.tesco.com/groceries/en-GB/products/250237084', 'product_name': 'Cadbury Creme Egg 40G', 'product_price': '£ 0.50', 'product_additionals': '£0.12/10g'}, {'shop': 'tesco', 'url': 'https://www.tesco.com/groceries/en-GB/products/263759212', 'product_name': 'Tesco 2 Pork & Egg Gala Slices 250G', 'product_price': '£ 1.90', 'product_additionals': '£0.76/100g'}, {'shop': 'tesco', 'url': 'https://www.tesco.com/groceries/en-GB/products/305966087', 'product_name': 'Tesco Finest 2 Scotch Eggs 260G', 'product_price': '£ 2.20', 'product_additionals': '£0.85/100g'}, {'shop': 'tesco', 'url': 'https://www.tesco.com/groceries/en-GB/products/308110109', 'product_name': 'Rolo Milk Chocolate Easter Egg 128G', 'product_price': '£ 1.00', 'product_additionals': '£0.78/100g'}, {'shop': 'tesco', 'url': 'https://www.tesco.com/groceries/en-GB/products/303543019', 'product_name': 'Vivera Veggie Mince 220G', 'product_price': '£ 2.50', 'product_additionals': '£11.37/kg'}, {'shop': 'tesco', 'url': 'https://www.tesco.com/groceries/en-GB/products/302917807', 'product_name': 'Nestle Rolo Large Egg 284G', 'product_price': '£ 3.00', 'product_additionals': '£1.06/100g'}, {'shop': 'tesco', 'url': 'https://www.tesco.com/groceries/en-GB/products/255135070', 'product_name': 'Cadbury Creme Egg Medium Easter Egg 138G', 'product_price': '£ 1.00', 'product_additionals': '£0.72/100g'}, {'shop': 'tesco', 'url': 'https://www.tesco.com/groceries/en-GB/products/307340945', 'product_name': 'Tescomilk Chocolate Eggs 75G', 'product_price': '£ 0.75', 'product_additionals': '£1.00/100g'}, {'shop': 'tesco', 'url': 'https://www.tesco.com/groceries/en-GB/products/254332425', 'product_name': 'Cadbury Caramel Egg 40G', 'product_price': '£ 0.50', 'product_additionals': '£0.12/10g'}, {'shop': 'tesco', 'url': 'https://www.tesco.com/groceries/en-GB/products/295409890', 'product_name': 'M&M Large Easter Egg 268G', 'product_price': '£ 3.00', 'product_additionals': '£1.12/100g'}, {'shop': 'tesco', 'url': 'https://www.tesco.com/groceries/en-GB/products/303675912', 'product_name': 'Tesco Egg Protein Pot 90G', 'product_price': '£ 1.00', 'product_additionals': '£1.12/100g'}, {'shop': 'tesco', 'url': 'https://www.tesco.com/groceries/en-GB/products/303852138', 'product_name': 'Mutti Parmigiano Reggiano Cheese Pasta Sauce 400G', 'product_price': '£ 2.45', 'product_additionals': '£0.61/100g'}, {'shop': 'tesco', 'url': 'https://www.tesco.com/groceries/en-GB/products/307342586', 'product_name': 'Twix Large Easter Egg 274G', 'product_price': '£ 3.00', 'product_additionals': '£1.10/100g'}, {'shop': 'tesco', 'url': 'https://www.tesco.com/groceries/en-GB/products/286748743', 'product_name': 'Quorn Picnic Egg 4X180g', 'product_price': '£ 1.50', 'product_additionals': '£8.34/kg'}, {'shop': 'tesco', 'url': 'https://www.tesco.com/groceries/en-GB/products/302274432', 'product_name': 'Kiddylicious Veggie Lasagne 200G', 'product_price': '£ 1.90', 'product_additionals': '£9.50/kg'}, {'shop': 'tesco', 'url': 'https://www.tesco.com/groceries/en-GB/products/287062141', 'product_name': 'Cadbury Creme Egg 5 X 40G Pack', 'product_price': '£ 2.00', 'product_additionals': '£1.02/100g'}, {'shop': 'tesco', 'url': 'https://www.tesco.com/groceries/en-GB/products/302917842', 'product_name': 'Nestle Yorkie Large Egg 272G', 'product_price': '£ 3.00', 'product_additionals': '£1.11/100g'}, {'shop': 'tesco', 'url': 'https://www.tesco.com/groceries/en-GB/products/263534887', 'product_name': 'Tesco 18 Bitesize Mini Savoury Eggs 216G', 'product_price': '£ 1.75', 'product_additionals': '£0.81/100g'}, {'shop': 'tesco', 'url': 'https://www.tesco.com/groceries/en-GB/products/302917829', 'product_name': 'Nestle Munchies Large Egg 284G', 'product_price': '£ 3.00', 'product_additionals': '£1.06/100g'}, {'shop': 'tesco', 'url': 'https://www.tesco.com/groceries/en-GB/products/308103753', 'product_name': 'Smarties Milk Chocolate Easter Egg 119G', 'product_price': '£ 1.00', 'product_additionals': '£0.84/100g'}, {'shop': 'tesco', 'url': 'https://www.tesco.com/groceries/en-GB/products/265946742', 'product_name': 'Mars Milk Chocolate Easter Egg & Chocolate 141G', 'product_price': '£ 1.00', 'product_additionals': '£0.71/100g'}, {'shop': 'tesco', 'url': 'https://www.tesco.com/groceries/en-GB/products/299651543', 'product_name': 'Tesco Sweet & Sour Chicken With Egg Fried Rice 380G', 'product_price': '£ 2.50', 'product_additionals': '£6.58/kg'}, {'shop': 'tesco', 'url': 'https://www.tesco.com/groceries/en-GB/products/304793769', 'product_name': 'Cadbury Creme Egg Tin 409G', 'product_price': '£ 5.00', 'product_additionals': '£1.23/100g'}, {'shop': 'tesco', 'url': 'https://www.tesco.com/groceries/en-GB/products/307347863', 'product_name': 'Tesco Milk & White Egg Hunt 475G', 'product_price': '£ 5.00', 'product_additionals': '£1.06/100g'}, {'shop': 'tesco', 'url': 'https://www.tesco.com/groceries/en-GB/products/308079464', 'product_name': 'Kit Kat Chunky Milk Chocolate Easter Egg 129G', 'product_price': '£ 1.00', 'product_additionals': '£0.78/100g'}, {'shop': 'tesco', 'url': 'https://www.tesco.com/groceries/en-GB/products/307747879', 'product_name': 'Aero Bubbles Milk Chocolate Easter Egg 121G', 'product_price': '£ 1.00', 'product_additionals': '£0.83/100g'}, {'shop': 'tesco', 'url': 'https://www.tesco.com/groceries/en-GB/products/307340824', 'product_name': 'Cadbury Mini Creme Eggs 78G', 'product_price': '£ 1.00', 'product_additionals': '£1.29/100g'}, {'shop': 'tesco', 'url': 'https://www.tesco.com/groceries/en-GB/products/302292243', 'product_name': 'Levi Roots Jerk Wrap Kit Reggae Reggae Sauce 440G', 'product_price': '£ 3.30', 'product_additionals': '£0.75/100g'}, {'shop': 'asda', 'url': 'https://groceries.asda.com/product/910000786275', 'product_name': 'Napolina Napolina Egg Pasta Cannelloni', 'product_price': '£1.60', 'product_additionals': '(£6.40/kg)'}, {'shop': 'tesco', 'url': 'https://www.tesco.com/groceries/en-GB/products/308115946', 'product_name': 'Smarties Orange Mini Eggs 80G', 'product_price': '£ 1.00', 'product_additionals': '£1.25/100g'}, {'shop': 'tesco', 'url': 'https://www.tesco.com/groceries/en-GB/products/305955751', 'product_name': 'Royal Sweet & Sour Chicken With Egg Fried Rice 400G', 'product_price': '£ 3.00', 'product_additionals': '£0.75/100g'}, {'shop': 'tesco', 'url': 'https://www.tesco.com/groceries/en-GB/products/303646705', 'product_name': 'Vivera Veggie Steak 200G', 'product_price': '£ 3.00', 'product_additionals': '£15.00/kg'}, {'shop': 'tesco', 'url': 'https://www.tesco.com/groceries/en-GB/products/264315195', 'product_name': 'Cadbury Dairy Milk Buttons Medium Easter Egg 128G', 'product_price': '£ 1.00', 'product_additionals': '£0.78/100g'}, {'shop': 'tesco', 'url': 'https://www.tesco.com/groceries/en-GB/products/307366074', 'product_name': 'Cadbury Twirl Easter Egg 237G', 'product_price': '£ 3.00', 'product_additionals': '£1.27/100g'}, {'shop': 'tesco', 'url': 'https://www.tesco.com/groceries/en-GB/products/307338217', 'product_name': 'Cadbury Easter Creme Egg 233G', 'product_price': '£ 3.00', 'product_additionals': '£1.29/100g'}, {'shop': 'tesco', 'url': 'https://www.tesco.com/groceries/en-GB/products/307358850', 'product_name': 'Cadbury Heroes Easter Egg 236G', 'product_price': '£ 3.00', 'product_additionals': '£1.28/100g'}, {'shop': 'tesco', 'url': 'https://www.tesco.com/groceries/en-GB/products/305554465', 'product_name': 'Smarties Milk Chocolate Mini Eggs Giant Bag 240G', 'product_price': '£ 2.00', 'product_additionals': '£0.83/100g'}, {'shop': 'tesco', 'url': 'https://www.tesco.com/groceries/en-GB/products/265947303', 'product_name': 'Maltesers Milk Chocolate Easter Egg & Chocolate 127G', 'product_price': '£ 1.00', 'product_additionals': '£0.79/100g'}, {'shop': 'tesco', 'url': 'https://www.tesco.com/groceries/en-GB/products/299957493', 'product_name': "Eastman's Pork & Egg Roll 5 Slices 125G", 'product_price': '£ 0.86', 'product_additionals': '£0.69/100g'}, {'shop': 'tesco', 'url': 'https://www.tesco.com/groceries/en-GB/products/281879837', 'product_name': 'Malteasers Large Teasers Egg 248G', 'product_price': '£ 3.00', 'product_additionals': '£1.21/100g'}, {'shop': 'tesco', 'url': 'https://www.tesco.com/groceries/en-GB/products/302917767', 'product_name': 'Nestle Smarties Chocolate Egg 256G', 'product_price': '£ 3.00', 'product_additionals': '£1.18/100g'}, {'shop': 'tesco', 'url': 'https://www.tesco.com/groceries/en-GB/products/307146922', 'product_name': 'Cadbury Mixed Creme Egg & Caramel 10 X 40G', 'product_price': '£ 3.95', 'product_additionals': '£0.99/100g'}, {'shop': 'tesco', 'url': 'https://www.tesco.com/groceries/en-GB/products/307352021', 'product_name': 'Cadbury Wispa Gold Easter Egg 248G', 'product_price': '£ 3.00', 'product_additionals': '£1.21/100g'}, {'shop': 'tesco', 'url': 'https://www.tesco.com/groceries/en-GB/products/291244675', 'product_name': 'Cadbury Dairy Milk Freddo Faces Medium Easter Egg 122G', 'product_price': '£ 1.00', 'product_additionals': '£0.82/100g'}, {'shop': 'tesco', 'url': 'https://www.tesco.com/groceries/en-GB/products/307348009', 'product_name': 'Cadbury Wispa Chocolate Egg 224G', 'product_price': '£ 3.00', 'product_additionals': '£1.34/100g'}, {'shop': 'tesco', 'url': 'https://www.tesco.com/groceries/en-GB/products/303543032', 'product_name': 'Vivera Veggie Greek Kebab 175G', 'product_price': '£ 2.50', 'product_additionals': '£14.29/kg'}, {'shop': 'tesco', 'url': 'https://www.tesco.com/groceries/en-GB/products/302917789', 'product_name': 'Nestle Smarties Large Orange Egg 256G', 'product_price': '£ 3.00', 'product_additionals': '£1.18/100g'}, {'shop': 'tesco', 'url': 'https://www.tesco.com/groceries/en-GB/products/305980518', 'product_name': 'Gosh Veggie Cocktail Sausages Sage & Black Pepper 240G', 'product_price': '£ 2.00', 'product_additionals': '£8.34/kg'}, {'shop': 'tesco', 'url': 'https://www.tesco.com/groceries/en-GB/products/308089826', 'product_name': 'Kit Kat Milk Chocolate Mini Eggs 81G', 'product_price': '£ 1.00', 'product_additionals': '£1.24/100g'}, {'shop': 'tesco', 'url': 'https://www.tesco.com/groceries/en-GB/products/302819099', 'product_name': 'Cadbury Mini Eggs Pouch 385G', 'product_price': '£ 4.00', 'product_additionals': '£1.04/100g'}, {'shop': 'tesco', 'url': 'https://www.tesco.com/groceries/en-GB/products/265947614', 'product_name': 'Mars Milk Chocolate Egg With Mars Bar 280G', 'product_price': '£ 3.00', 'product_additionals': '£1.08/100g'}, {'shop': 'tesco', 'url': 'https://www.tesco.com/groceries/en-GB/products/261592624', 'product_name': 'Milkybar Small Easter Egg 65G', 'product_price': '£ 1.00', 'product_additionals': '£1.54/100g'}, {'shop': 'tesco', 'url': 'https://www.tesco.com/groceries/en-GB/products/260663698', 'product_name': 'Tesco Parmigiano Reggiano 200G', 'product_price': '£ 3.00', 'product_additionals': '£15.00/kg'}, {'shop': 'tesco', 'url': 'https://www.tesco.com/groceries/en-GB/products/261674666', 'product_name': 'Cadbury Mini Eggs Medium Easter Egg 130G', 'product_price': '£ 1.00', 'product_additionals': '£7.70/kg'}, {'shop': 'tesco', 'url': 'https://www.tesco.com/groceries/en-GB/products/308099394', 'product_name': 'Milkbar White Chocolate Mini Eggs 80G', 'product_price': '£ 1.00', 'product_additionals': '£1.25/100g'}, {'shop': 'tesco', 'url': 'https://www.tesco.com/groceries/en-GB/products/305554281', 'product_name': 'Smarties Milk Chocolate Mini Eggs 80G', 'product_price': '£ 1.00', 'product_additionals': '£1.25/100g'}, {'shop': 'tesco', 'url': 'https://www.tesco.com/groceries/en-GB/products/305525759', 'product_name': 'Terrys Chocolate Orange Mini Eggs 80G', 'product_price': '£ 1.00', 'product_additionals': '£1.25/100g'}, {'shop': 'tesco', 'url': 'https://www.tesco.com/groceries/en-GB/products/301892208', 'product_name': "Ella's Kitchen Chicken Curry With Veggie Rice 190G", 'product_price': '£ 1.80', 'product_additionals': '£9.48/kg'}, {'shop': 'tesco', 'url': 'https://www.tesco.com/groceries/en-GB/products/302304869', 'product_name': 'Kiddylicious Cottage Pie With Veggie Mash 180G', 'product_price': '£ 1.90', 'product_additionals': '£1.06/100g'}, {'shop': 'tesco', 'url': 'https://www.tesco.com/groceries/en-GB/products/307762238', 'product_name': 'Milkybar Mini Eggs White Chocolate 240G', 'product_price': '£ 2.00', 'product_additionals': '£0.83/100g'}, {'shop': 'tesco', 'url': 'https://www.tesco.com/groceries/en-GB/products/302809043', 'product_name': 'Cadbury Mini Eggs Bag 80G', 'product_price': '£ 1.00', 'product_additionals': '£1.25/100g'}, {'shop': 'asda', 'url': 'https://groceries.asda.com/product/1000053215832', 'product_name': 'Naked Noodle The Big One Egg Noodles Singapore Curry', 'product_price': '£1.00', 'product_additionals': '(£9.62/kg)'}, {'shop': 'tesco', 'url': 'https://www.tesco.com/groceries/en-GB/products/302808729', 'product_name': 'Cadbury Oreo Chocolate Egg 31G', 'product_price': '£ 0.50', 'product_additionals': '£1.62/100g'}, {'shop': 'tesco', 'url': 'https://www.tesco.com/groceries/en-GB/products/264356514', 'product_name': 'Cadbury Creme Egg Egg & Mug 197G', 'product_price': '£ 3.00', 'product_additionals': '£1.53/100g'}, {'shop': 'tesco', 'url': 'https://www.tesco.com/groceries/en-GB/products/258761475', 'product_name': 'Lindt Lindor Filled Egg 28G', 'product_price': '£ 0.50', 'product_additionals': '£1.79/100g'}, {'shop': 'tesco', 'url': 'https://www.tesco.com/groceries/en-GB/products/304783068', 'product_name': 'Galaxy Milk Chocolate Enchanted Eggs 80G', 'product_price': '£ 1.00', 'product_additionals': '£1.25/100g'}, {'shop': 'asda', 'url': 'https://groceries.asda.com/product/1000053215781', 'product_name': 'Naked Noodle The Big One Egg Noodles Thai Green Curry', 'product_price': '£1.00', 'product_additionals': '(£9.62/kg)'}, {'shop': 'tesco', 'url': 'https://www.tesco.com/groceries/en-GB/products/306955588', 'product_name': 'Terrys Chocolate Orange Egg With Bars 250G', 'product_price': '£ 3.00', 'product_additionals': '£1.20/100g'}, {'shop': 'tesco', 'url': 'https://www.tesco.com/groceries/en-GB/products/265947643', 'product_name': 'Galaxy Minstrels Easter Egg & Chocolate 262G', 'product_price': '£ 3.00', 'product_additionals': '£1.15/100g'}, {'shop': 'tesco', 'url': 'https://www.tesco.com/groceries/en-GB/products/307341587', 'product_name': 'Cadbury Dairy Milk Oreo Easter Egg 233G', 'product_price': '£ 3.00', 'product_additionals': '£1.29/100g'}, {'shop': 'tesco', 'url': 'https://www.tesco.com/groceries/en-GB/products/305554102', 'product_name': 'Kit Kat Chunky Milk Chocolate Large Egg 260G', 'product_price': '£ 3.00', 'product_additionals': '£1.16/100g'}, {'shop': 'tesco', 'url': 'https://www.tesco.com/groceries/en-GB/products/302743275', 'product_name': 'Galaxy Chocolate Caramel Mini Egg Bag 80G', 'product_price': '£ 1.00', 'product_additionals': '£1.25/100g'}, {'shop': 'tesco', 'url': 'https://www.tesco.com/groceries/en-GB/products/307736656', 'product_name': 'Cadbury Dairy Milk Oreo Mini Eggs 72G', 'product_price': '£ 1.00', 'product_additionals': '£1.39/100g'}, {'shop': 'tesco', 'url': 'https://www.tesco.com/groceries/en-GB/products/298231702', 'product_name': "Reese's Peanut Butter Creme Egg 34G", 'product_price': '£ 0.50', 'product_additionals': '£1.48/100g'}, {'shop': 'tesco', 'url': 'https://www.tesco.com/groceries/en-GB/products/307358019', 'product_name': 'Cadbury Minis Mix Eggs 240G', 'product_price': '£ 3.00', 'product_additionals': '£1.25/100g'}, {'shop': 'tesco', 'url': 'https://www.tesco.com/groceries/en-GB/products/302809066', 'product_name': 'Cadbury Mini Eggs 96G', 'product_price': '£ 1.50', 'product_additionals': '£1.57/100g'}, {'shop': 'tesco', 'url': 'https://www.tesco.com/groceries/en-GB/products/295487219', 'product_name': "Ella's Kitchen Veggie Risotto With Cheese 130G", 'product_price': '£ 1.50', 'product_additionals': '£1.16/100g'}, {'shop': 'tesco', 'url': 'https://www.tesco.com/groceries/en-GB/products/305547825', 'product_name': 'Aero Milk Chocolate Mini Eggs Bag 70G', 'product_price': '£ 1.00', 'product_additionals': '£1.43/100g'}, {'shop': 'tesco', 'url': 'https://www.tesco.com/groceries/en-GB/products/307353861', 'product_name': 'Terrys Chocolate Orange Mini Eggs White 80G', 'product_price': '£ 1.00', 'product_additionals': '£1.25/100g'}, {'shop': 'tesco', 'url': 'https://www.tesco.com/groceries/en-GB/products/307358084', 'product_name': 'Cadbury White With Oreo Easter Egg 220G', 'product_price': '£ 3.00', 'product_additionals': '£1.37/100g'}, {'shop': 'asda', 'url': 'https://groceries.asda.com/product/1000053215790', 'product_name': 'Naked Noodle The Big One Egg Noodles Malaysian Mee Goreng', 'product_price': '£1.00', 'product_additionals': '(£9.62/kg)'}, {'shop': 'tesco', 'url': 'https://www.tesco.com/groceries/en-GB/products/303004400', 'product_name': 'Cadbury Mini Egg Chocolate Egg 296G', 'product_price': '£ 3.00', 'product_additionals': '£1.02/100g'}, {'shop': 'tesco', 'url': 'https://www.tesco.com/groceries/en-GB/products/304403024', 'product_name': 'Vivera Veggie Bacon Pieces 175G', 'product_price': '£ 3.00', 'product_additionals': '£17.15/kg'}, {'shop': 'tesco', 'url': 'https://www.tesco.com/groceries/en-GB/products/305554119', 'product_name': 'Kit Kat Bunny Milk Chocolate Large Egg 238G', 'product_price': '£ 3.00', 'product_additionals': '£1.27/100g'}, {'shop': 'tesco', 'url': 'https://www.tesco.com/groceries/en-GB/products/302917905', 'product_name': 'Nestle Kit Kat Chunky Peanut Butter Large Egg 264G', 'product_price': '£ 3.00', 'product_additionals': '£1.14/100g'}, {'shop': 'tesco', 'url': 'https://www.tesco.com/groceries/en-GB/products/304410770', 'product_name': 'Tesco Parmigiano Reggiano 150G', 'product_price': '£ 2.75', 'product_additionals': '£1.84/100g'}, {'shop': 'tesco', 'url': 'https://www.tesco.com/groceries/en-GB/products/307337247', 'product_name': 'Terrys Chocolate Orange Egg With Mini Candy 250G', 'product_price': '£ 3.00', 'product_additionals': '£1.20/100g'}, {'shop': 'tesco', 'url': 'https://www.tesco.com/groceries/en-GB/products/308113689', 'product_name': 'Twix White Chocolate Easter Egg 316G', 'product_price': '£ 5.00', 'product_additionals': '£1.59/100g'}, {'shop': 'tesco', 'url': 'https://www.tesco.com/groceries/en-GB/products/304389823', 'product_name': 'Bounty Milk Chocolate Egg With 3 Fun Size Bars 263G', 'product_price': '£ 3.00', 'product_additionals': '£1.15/100g'}, {'shop': 'tesco', 'url': 'https://www.tesco.com/groceries/en-GB/products/302783751', 'product_name': "M&M's Chocolate Eggs Easter Egg 313G", 'product_price': '£ 5.00', 'product_additionals': '£1.60/100g'}, {'shop': 'asda', 'url': 'https://groceries.asda.com/product/1000053215794', 'product_name': 'Naked Noodle The Big One Egg Noodles Thai Fiery Chicken Panang', 'product_price': '£1.00', 'product_additionals': '(£9.62/kg)'}, {'shop': 'tesco', 'url': 'https://www.tesco.com/groceries/en-GB/products/307350893', 'product_name': 'Cadbury Roses Easter Egg 255G', 'product_price': '£ 5.00', 'product_additionals': '£1.97/100g'}, {'shop': 'tesco', 'url': 'https://www.tesco.com/groceries/en-GB/products/307356155', 'product_name': 'Cadbury Flake Easter Egg 249G', 'product_price': '£ 5.00', 'product_additionals': '£2.01/100g'}, {'shop': 'tesco', 'url': 'https://www.tesco.com/groceries/en-GB/products/307352833', 'product_name': 'Cadbury Dairy Milk Easter Egg 286G', 'product_price': '£ 5.00', 'product_additionals': '£1.75/100g'}, {'shop': 'tesco', 'url': 'https://www.tesco.com/groceries/en-GB/products/302809319', 'product_name': 'Cadbury Mini Eggs Carton 38.3G', 'product_price': '£ 0.50', 'product_additionals': '£1.31/100g'}, {'shop': 'tesco', 'url': 'https://www.tesco.com/groceries/en-GB/products/305548346', 'product_name': 'Aero Peppemint Milk Chocolate Mini Eggs 70G', 'product_price': '£ 1.00', 'product_additionals': '£1.43/100g'}, {'shop': 'tesco', 'url': 'https://www.tesco.com/groceries/en-GB/products/305554004', 'product_name': 'Aero Peppermint Milk Chocolate Large Easter Egg 252G', 'product_price': '£ 3.00', 'product_additionals': '£1.20/100g'}, {'shop': 'tesco', 'url': 'https://www.tesco.com/groceries/en-GB/products/276889389', 'product_name': 'Tesco Parmigiano Reggiano 100G', 'product_price': '£ 2.00', 'product_additionals': '£20.00/kg'}, {'shop': 'tesco', 'url': 'https://www.tesco.com/groceries/en-GB/products/307744082', 'product_name': 'Heinz Baked Beans Protein Pot Scrambled Egg & Sausage 230G', 'product_price': '£ 2.50', 'product_additionals': '£1.09/100g'}, {'shop': 'tesco', 'url': 'https://www.tesco.com/groceries/en-GB/products/304394684', 'product_name': 'Cadbury Mini Eggs Tin 319G', 'product_price': '£ 5.00', 'product_additionals': '£1.57/100g'}, {'shop': 'tesco', 'url': 'https://www.tesco.com/groceries/en-GB/products/268739390', 'product_name': 'Vatika Egg Protein Hair Masque 500G', 'product_price': '£ 6.00', 'product_additionals': '£1.20/100g'}, {'shop': 'tesco', 'url': 'https://www.tesco.com/groceries/en-GB/products/307353262', 'product_name': 'Cadbury Dairy Milk Easter Egg Marvellous Creations 246G', 'product_price': '£ 3.00', 'product_additionals': '£1.22/100g'}, {'shop': 'tesco', 'url': 'https://www.tesco.com/groceries/en-GB/products/303853022', 'product_name': 'Higgidy Cheddar & Onion Veggie Rolls 160G', 'product_price': '£ 2.60', 'product_additionals': '£1.63/100g'}, {'shop': 'tesco', 'url': 'https://www.tesco.com/groceries/en-GB/products/307960999', 'product_name': 'Kit Kat Chunky Cookie Dough Easter Egg 516G', 'product_price': '£ 8.00', 'product_additionals': '£1.56/100g'}, {'shop': 'tesco', 'url': 'https://www.tesco.com/groceries/en-GB/products/306503761', 'product_name': 'The Jolly Hogg Great British Scotch Egg 120G', 'product_price': '£ 1.85', 'product_additionals': '£1.55/100g'}, {'shop': 'tesco', 'url': 'https://www.tesco.com/groceries/en-GB/products/304414558', 'product_name': 'Thorntons Milk Chocolate Unicorn Egg 151G', 'product_price': '£ 2.50', 'product_additionals': '£1.66/100g'}, {'shop': 'tesco', 'url': 'https://www.tesco.com/groceries/en-GB/products/307151495', 'product_name': 'Lindt Lindor Milk Chocolate Eggs 80G', 'product_price': '£ 1.50', 'product_additionals': '£1.88/100g'}, {'shop': 'tesco', 'url': 'https://www.tesco.com/groceries/en-GB/products/304788973', 'product_name': 'Thorntons Milk Chocolate Dinosaur Egg 151G', 'product_price': '£ 2.50', 'product_additionals': '£1.66/100g'}, {'shop': 'tesco', 'url': 'https://www.tesco.com/groceries/en-GB/products/307356512', 'product_name': 'Lindt Lindor White Chocolate Eggs 80G', 'product_price': '£ 1.50', 'product_additionals': '£1.88/100g'}, {'shop': 'tesco', 'url': 'https://www.tesco.com/groceries/en-GB/products/305554367', 'product_name': 'Quality Street Milk Chocolate Giant Egg 311G', 'product_price': '£ 5.00', 'product_additionals': '£1.61/100g'}, {'shop': 'tesco', 'url': 'https://www.tesco.com/groceries/en-GB/products/268319697', 'product_name': 'Ferrero Mini Eggs Cocoa 100G', 'product_price': '£ 2.50', 'product_additionals': '£2.50/100g'}, {'shop': 'tesco', 'url': 'https://www.tesco.com/groceries/en-GB/products/304383259', 'product_name': 'Thorntons Classic Collection Egg 207G', 'product_price': '£ 4.00', 'product_additionals': '£1.94/100g'}, {'shop': 'tesco', 'url': 'https://www.tesco.com/groceries/en-GB/products/307362631', 'product_name': 'Cadbury Dairy Milk Daim Mini Eggs 77G', 'product_price': '£ 1.00', 'product_additionals': '£1.30/100g'}, {'shop': 'tesco', 'url': 'https://www.tesco.com/groceries/en-GB/products/307145693', 'product_name': 'Cadbury Dairy Milk Mini Eggs Eggs 77G', 'product_price': '£ 1.00', 'product_additionals': '£1.30/100g'}, {'shop': 'tesco', 'url': 'https://www.tesco.com/groceries/en-GB/products/287230737', 'product_name': 'Celebrations Large Milk Chocolate Easter Egg & Chocolates 248G', 'product_price': '£ 3.00', 'product_additionals': '£1.21/100g'}, {'shop': 'tesco', 'url': 'https://www.tesco.com/groceries/en-GB/products/307343245', 'product_name': 'Cadbury Dairy Milk Caramel Easter Egg 286G', 'product_price': '£ 5.00', 'product_additionals': '£1.75/100g'}, {'shop': 'tesco', 'url': 'https://www.tesco.com/groceries/en-GB/products/302918069', 'product_name': 'Nestle Yorkie Raisin & Biscuit Chocolate Egg 522G', 'product_price': '£ 8.00', 'product_additionals': '£1.54/100g'}, {'shop': 'tesco', 'url': 'https://www.tesco.com/groceries/en-GB/products/307356079', 'product_name': 'Cadbury Fingers Easter Egg 212G', 'product_price': '£ 5.00', 'product_additionals': '£2.36/100g'}, {'shop': 'tesco', 'url': 'https://www.tesco.com/groceries/en-GB/products/305548185', 'product_name': 'Smarties Milk Cho Incredible Easter Egg 470G', 'product_price': '£ 8.00', 'product_additionals': '£1.71/100g'}, {'shop': 'tesco', 'url': 'https://www.tesco.com/groceries/en-GB/products/307136116', 'product_name': 'Cadbury Dairy Milk Fruit & Nut Easter Egg 302G', 'product_price': '£ 5.00', 'product_additionals': '£1.66/100g'}, {'shop': 'tesco', 'url': 'https://www.tesco.com/groceries/en-GB/products/307140986', 'product_name': 'Lindt Lindor Mint Milk Chocolate Eggs 80G', 'product_price': '£ 1.50', 'product_additionals': '£1.88/100g'}, {'shop': 'tesco', 'url': 'https://www.tesco.com/groceries/en-GB/products/307356869', 'product_name': 'Cadbury Fruit & Chocolate Egg 532G', 'product_price': '£ 12.00', 'product_additionals': '£2.26/100g'}, {'shop': 'tesco', 'url': 'https://www.tesco.com/groceries/en-GB/products/304788276', 'product_name': 'Galaxy Milk Chocolate Egg & Enchanted Milk Chocolate Eggs 234G', 'product_price': '£ 3.00', 'product_additionals': '£1.29/100g'}, {'shop': 'tesco', 'url': 'https://www.tesco.com/groceries/en-GB/products/268317590', 'product_name': 'Ferrero Mini Eggs Hazelnut 100G', 'product_price': '£ 2.50', 'product_additionals': '£2.50/100g'}, {'shop': 'tesco', 'url': 'https://www.tesco.com/groceries/en-GB/products/307755558', 'product_name': 'Lindt Mini Milk Chocolate Eggs 177G', 'product_price': '£ 4.00', 'product_additionals': '£2.26/100g'}, {'shop': 'tesco', 'url': 'https://www.tesco.com/groceries/en-GB/products/276772509', 'product_name': 'Tesco Finest Parmigiano Reggiano Parmesan 170G', 'product_price': '£ 3.00', 'product_additionals': '£17.65/kg'}, {'shop': 'tesco', 'url': 'https://www.tesco.com/groceries/en-GB/products/307961204', 'product_name': 'Smarties Buttons Milk Chocolate Easter Egg 290G', 'product_price': '£ 5.00', 'product_additionals': '£1.73/100g'}, {'shop': 'tesco', 'url': 'https://www.tesco.com/groceries/en-GB/products/287221040', 'product_name': 'Nestle Yorkie Milk Chocolate Easter Egg & Chocolate 336G', 'product_price': '£ 5.00', 'product_additionals': '£1.49/100g'}, {'shop': 'tesco', 'url': 'https://www.tesco.com/groceries/en-GB/products/255081368', 'product_name': 'Tesco Grated Parmigiano Reggiano 100G', 'product_price': '£ 2.20', 'product_additionals': '£22.00/kg'}, {'shop': 'tesco', 'url': 'https://www.tesco.com/groceries/en-GB/products/302862306', 'product_name': 'Lindt Chick Chocolate Egg 18G', 'product_price': '£ 0.50', 'product_additionals': '£2.78/100g'}, {'shop': 'tesco', 'url': 'https://www.tesco.com/groceries/en-GB/products/287260753', 'product_name': 'Kinder Joy Egg 20G', 'product_price': '£ 0.85', 'product_additionals': '£4.25/100g'}, {'shop': 'tesco', 'url': 'https://www.tesco.com/groceries/en-GB/products/263070686', 'product_name': 'Cadbury Dairy Milk Egg Heads Easter Egg 77G', 'product_price': '£ 1.00', 'product_additionals': '£1.30/100g'}, {'shop': 'tesco', 'url': 'https://www.tesco.com/groceries/en-GB/products/308093589', 'product_name': 'Knorr 8 Zero Salt Veggie Stock Cubes 72G', 'product_price': '£ 1.50', 'product_additionals': '£2.09/100g'}, {'shop': 'tesco', 'url': 'https://www.tesco.com/groceries/en-GB/products/281879774', 'product_name': 'Mars Galaxy Milk Chocolate Ripple Easter Egg 286G', 'product_price': '£ 5.00', 'product_additionals': '£1.75/100g'}, {'shop': 'tesco', 'url': 'https://www.tesco.com/groceries/en-GB/products/305548254', 'product_name': 'Aero Bubble Peppermint Chocolate Giant Egg 270G', 'product_price': '£ 5.00', 'product_additionals': '£1.86/100g'}, {'shop': 'tesco', 'url': 'https://www.tesco.com/groceries/en-GB/products/307140433', 'product_name': 'Maltesers Mint Buttons & Milk Chocolate Egg 274G', 'product_price': '£ 5.00', 'product_additionals': '£1.83/100g'}, {'shop': 'tesco', 'url': 'https://www.tesco.com/groceries/en-GB/products/299356795', 'product_name': 'Ferrero Rocher Easter Egg 212G', 'product_price': '£ 6.00', 'product_additionals': '£2.84/100g'}, {'shop': 'tesco', 'url': 'https://www.tesco.com/groceries/en-GB/products/297591386', 'product_name': 'Eat Real Veggie Straws Kids Multi-Pack 5X20g', 'product_price': '£ 2.00', 'product_additionals': '£20.00/kg'}, {'shop': 'tesco', 'url': 'https://www.tesco.com/groceries/en-GB/products/255028099', 'product_name': 'Kinder Surprise Egg 3 X 20G', 'product_price': '£ 1.89', 'product_additionals': '£3.15/100g'}, {'shop': 'tesco', 'url': 'https://www.tesco.com/groceries/en-GB/products/299586827', 'product_name': 'Cadbury Egg Hunt Pack 342.7G', 'product_price': '£ 7.00', 'product_additionals': '£2.05/100g'}, {'shop': 'tesco', 'url': 'https://www.tesco.com/groceries/en-GB/products/265923654', 'product_name': 'Cadbury Dairy Milk Extra Large Easter Egg 515G', 'product_price': '£ 10.00', 'product_additionals': '£1.95/100g'}, {'shop': 'tesco', 'url': 'https://www.tesco.com/groceries/en-GB/products/251118878', 'product_name': 'Galaxy Milk Chocolate Indulgent Collection Easter Egg 308G', 'product_price': '£ 5.00', 'product_additionals': '£1.63/100g'}, {'shop': 'tesco', 'url': 'https://www.tesco.com/groceries/en-GB/products/307961014', 'product_name': 'After Eight Mint Dark Chocolate Easter Egg 400G', 'product_price': '£ 8.00', 'product_additionals': '£2.00/100g'}, {'shop': 'tesco', 'url': 'https://www.tesco.com/groceries/en-GB/products/307339019', 'product_name': 'Cadbury Dairy Milk Egg & Spoon Oreo 128G', 'product_price': '£ 2.00', 'product_additionals': '£1.57/100g'}, {'shop': 'tesco', 'url': 'https://www.tesco.com/groceries/en-GB/products/265946189', 'product_name': 'Malteaster Bunny Luxury Easter Egg & Chocolate 265G', 'product_price': '£ 5.00', 'product_additionals': '£1.89/100g'}, {'shop': 'tesco', 'url': 'https://www.tesco.com/groceries/en-GB/products/276185997', 'product_name': "Cadbury Egg 'N' Spoon Double Chocolate 136G", 'product_price': '£ 2.00', 'product_additionals': '£1.48/100g'}, {'shop': 'tesco', 'url': 'https://www.tesco.com/groceries/en-GB/products/304793718', 'product_name': 'Celebrations Milk Chocolate Egg With 14 Mini Chocolates 305G', 'product_price': '£ 5.00', 'product_additionals': '£1.64/100g'}, {'shop': 'tesco', 'url': 'https://www.tesco.com/groceries/en-GB/products/307139764', 'product_name': 'Deliciously Ella Veggie Sweet Potato Crackers 100G', 'product_price': '£ 1.99', 'product_additionals': '£1.99/100g'}, {'shop': 'tesco', 'url': 'https://www.tesco.com/groceries/en-GB/products/307160173', 'product_name': 'Deliciously Ella Veggie Crackers Salt & Pepper 100G', 'product_price': '£ 1.99', 'product_additionals': '£1.99/100g'}, {'shop': 'tesco', 'url': 'https://www.tesco.com/groceries/en-GB/products/304403675', 'product_name': 'Maltesers Milk Chocolate Egg With 3 Bags Of Buttons 274G', 'product_price': '£ 5.00', 'product_additionals': '£1.83/100g'}, {'shop': 'tesco', 'url': 'https://www.tesco.com/groceries/en-GB/products/307345617', 'product_name': 'Thorntons Classic Easter Egg 262G', 'product_price': '£ 8.00', 'product_additionals': '£3.06/100g'}, {'shop': 'tesco', 'url': 'https://www.tesco.com/groceries/en-GB/products/259298175', 'product_name': 'Kinder Surprise Egg 20G', 'product_price': '£ 0.85', 'product_additionals': '£4.25/100g'}, {'shop': 'tesco', 'url': 'https://www.tesco.com/groceries/en-GB/products/302808643', 'product_name': 'Ferrero Rocher Flame Egg 225G', 'product_price': '£ 8.00', 'product_additionals': '£3.56/100g'}, {'shop': 'tesco', 'url': 'https://www.tesco.com/groceries/en-GB/products/307343700', 'product_name': 'Cadbury Mini Egg Easter Egg 231G', 'product_price': '£ 5.00', 'product_additionals': '£2.17/100g'}, {'shop': 'tesco', 'url': 'https://www.tesco.com/groceries/en-GB/products/307961066', 'product_name': 'Smarties Milk Chocolate Easter Egg Hunt 8 Pack 140G', 'product_price': '£ 3.00', 'product_additionals': '£2.15/100g'}, {'shop': 'tesco', 'url': 'https://www.tesco.com/groceries/en-GB/products/291315747', 'product_name': 'Graze Veggie Protein Power 28G', 'product_price': '£ 1.00', 'product_additionals': '£3.58/100g'}, {'shop': 'tesco', 'url': 'https://www.tesco.com/groceries/en-GB/products/264355256', 'product_name': 'Ferrero Rocher Easter Egg 275G', 'product_price': '£ 10.00', 'product_additionals': '£3.64/100g'}, {'shop': 'tesco', 'url': 'https://www.tesco.com/groceries/en-GB/products/293332683', 'product_name': 'Graze Sea Salt & Pepper Veggie Protein Power 128G', 'product_price': '£ 2.99', 'product_additionals': '£23.36/kg'}, {'shop': 'tesco', 'url': 'https://www.tesco.com/groceries/en-GB/products/302862387', 'product_name': 'Lindt Lindor Milk Chocolate Shell Egg 215G', 'product_price': '£ 6.00', 'product_additionals': '£2.80/100g'}, {'shop': 'tesco', 'url': 'https://www.tesco.com/groceries/en-GB/products/307355974', 'product_name': 'Moo Free Bunny Comb Easter Egg & Surprise 95G', 'product_price': '£ 2.50', 'product_additionals': '£2.64/100g'}, {'shop': 'tesco', 'url': 'https://www.tesco.com/groceries/en-GB/products/307346858', 'product_name': 'Cadbury Mini Eggs Easter Egg 507G', 'product_price': '£ 12.00', 'product_additionals': '£2.37/100g'}, {'shop': 'tesco', 'url': 'https://www.tesco.com/groceries/en-GB/products/302819117', 'product_name': 'Cadbury Mini Eggs Chocolate Egg 455G', 'product_price': '£ 10.00', 'product_additionals': '£2.20/100g'}, {'shop': 'tesco', 'url': 'https://www.tesco.com/groceries/en-GB/products/302743315', 'product_name': 'Maltesers Truffles Luxury Egg 286G', 'product_price': '£ 10.00', 'product_additionals': '£3.50/100g'}, {'shop': 'tesco', 'url': 'https://www.tesco.com/groceries/en-GB/products/307361528', 'product_name': 'Cadbury Dairy Milk Ultimate Chopped Nut Easter Egg 518G', 'product_price': '£ 12.00', 'product_additionals': '£2.32/100g'}, {'shop': 'asda', 'url': 'https://groceries.asda.com/product/1000026958527', 'product_name': 'Graze Veggie Protein Power', 'product_price': '£1.31', 'product_additionals': '(£4.68/100g)'}, {'shop': 'tesco', 'url': 'https://www.tesco.com/groceries/en-GB/products/302316580', 'product_name': 'Organix Melty Veggie Sticks 4X15g', 'product_price': '£ 2.30', 'product_additionals': '£38.34/kg'}, {'shop': 'tesco', 'url': 'https://www.tesco.com/groceries/en-GB/products/304399621', 'product_name': 'Lindt Gold Bunny Milk Chocolate Egg 460G', 'product_price': '£ 15.00', 'product_additionals': '£3.27/100g'}, {'shop': 'tesco', 'url': 'https://www.tesco.com/groceries/en-GB/products/307339406', 'product_name': 'Cadbury Dairy Milk Orange Giant Buttons Easter Egg 410G', 'product_price': '£ 10.00', 'product_additionals': '£2.44/100g'}, {'shop': 'tesco', 'url': 'https://www.tesco.com/groceries/en-GB/products/304794752', 'product_name': "Reese's Milk Chocolate Egg With 3 Peanut Butter Creme Eggs 232G", 'product_price': '£ 5.00', 'product_additionals': '£2.16/100g'}, {'shop': 'tesco', 'url': 'https://www.tesco.com/groceries/en-GB/products/304790854', 'product_name': 'Lindt Gold Bunny Milk Chocolate Egg 115G', 'product_price': '£ 4.00', 'product_additionals': '£3.48/100g'}, {'shop': 'tesco', 'url': 'https://www.tesco.com/groceries/en-GB/products/302808689', 'product_name': 'Kinder Surprise Giant Egg 220G', 'product_price': '£ 10.00', 'product_additionals': '£4.55/100g'}, {'shop': 'tesco', 'url': 'https://www.tesco.com/groceries/en-GB/products/302862404', 'product_name': 'Lindt Lindor Assorted Milk Chocolate Shell Egg 215G', 'product_price': '£ 6.00', 'product_additionals': '£2.80/100g'}, {'shop': 'tesco', 'url': 'https://www.tesco.com/groceries/en-GB/products/307745609', 'product_name': 'Tesco Free From White Chocolate Egg & Strawberry 90G', 'product_price': '£ 2.50', 'product_additionals': '£2.78/100g'}, {'shop': 'tesco', 'url': 'https://www.tesco.com/groceries/en-GB/products/304788656', 'product_name': 'Galaxy Milk Chocolate Egg Plus Enchanted Milk Chocolate Eggs 528G', 'product_price': '£ 12.00', 'product_additionals': '£2.28/100g'}, {'shop': 'tesco', 'url': 'https://www.tesco.com/groceries/en-GB/products/304799954', 'product_name': 'Galaxy Milk Chocolate Egg With Truffles 301G', 'product_price': '£ 10.00', 'product_additionals': '£3.33/100g'}, {'shop': 'tesco', 'url': 'https://www.tesco.com/groceries/en-GB/products/304782858', 'product_name': "Green & Black's Milk Chocolate Large Shell Egg 345G", 'product_price': '£ 10.00', 'product_additionals': '£2.90/100g'}, {'shop': 'asda', 'url': 'https://groceries.asda.com/product/1000218525335', 'product_name': 'BOSH! Smoky BBQ Roast Veggie Spice Rub', 'product_price': '£2.49', 'product_additionals': '(£3.83/100g)'}, {'shop': 'tesco', 'url': 'https://www.tesco.com/groceries/en-GB/products/307135479', 'product_name': 'Lindt Mini Eggs Milk Chocolate With Creamy Filling 80G', 'product_price': '£ 1.50', 'product_additionals': '£1.88/100g'}, {'shop': 'asda', 'url': 'https://groceries.asda.com/product/21672929', 'product_name': 'Kinder Surprise Chocolate Egg Multipack 3 Pack', 'product_price': '£2.00', 'product_additionals': '(£3.33/100g)'}, {'shop': 'asda', 'url': 'https://groceries.asda.com/product/910000265231', 'product_name': 'Kinder Surprise Chocolate Egg single', 'product_price': '£0.85', 'product_additionals': '(£4.25/100g)'}, {'shop': 'asda', 'url': 'https://groceries.asda.com/product/1000073094501', 'product_name': 'Kinder Surprise Chocolate Christmas Egg', 'product_price': '£4.00', 'product_additionals': '(£4.00/100g)'}, {'shop': 'tesco', 'url': 'https://www.tesco.com/groceries/en-GB/products/307356748', 'product_name': 'Thorntons Continental Dark Chocolate Easter Egg 257G', 'product_price': '£ 8.00', 'product_additionals': '£3.12/100g'}, {'shop': 'tesco', 'url': 'https://www.tesco.com/groceries/en-GB/products/307363630', 'product_name': 'Thorntons Continental Milk Chocolate Easter Egg 257G', 'product_price': '£ 8.00', 'product_additionals': '£3.12/100g'}, {'shop': 'asda', 'url': 'https://groceries.asda.com/product/1000218525332', 'product_name': 'BOSH! Smoky Paprika Roast Veggie Spice Rub', 'product_price': '£2.49', 'product_additionals': '(£3.83/100g)'}, {'shop': 'tesco', 'url': 'https://www.tesco.com/groceries/en-GB/products/307354537', 'product_name': 'Lindt Milk Chocolate Egg With Milk Lndor Truffles 260G', 'product_price': '£ 8.00', 'product_additionals': '£3.08/100g'}, {'shop': 'tesco', 'url': 'https://www.tesco.com/groceries/en-GB/products/304797294', 'product_name': 'Lindt Gold Bunny Milk Chocolate Egg 195G', 'product_price': '£ 8.00', 'product_additionals': '£4.11/100g'}, {'shop': 'tesco', 'url': 'https://www.tesco.com/groceries/en-GB/products/307160259', 'product_name': 'Lindt Gold Bunny White Chocolate Easter Egg 115G', 'product_price': '£ 4.00', 'product_additionals': '£3.48/100g'}, {'shop': 'tesco', 'url': 'https://www.tesco.com/groceries/en-GB/products/307159475', 'product_name': 'Lindt Milk Chocolate Egg With Lindor Mint Truffles 260G', 'product_price': '£ 8.00', 'product_additionals': '£3.08/100g'}, {'shop': 'tesco', 'url': 'https://www.tesco.com/groceries/en-GB/products/293944264', 'product_name': 'Kiddylicious Veggie Straws 12G', 'product_price': '£ 0.65', 'product_additionals': '£54.17/kg'}, {'shop': 'tesco', 'url': 'https://www.tesco.com/groceries/en-GB/products/307341944', 'product_name': 'Lindt Milk Chocolate Egg With Milk & White Truffles 260G', 'product_price': '£ 8.00', 'product_additionals': '£3.08/100g'}, {'shop': 'tesco', 'url': 'https://www.tesco.com/groceries/en-GB/products/307137023', 'product_name': 'Lindt Milk Chocolate Egg With Salted Caramel Truffles 260G', 'product_price': '£ 8.00', 'product_additionals': '£3.08/100g'}, {'shop': 'tesco', 'url': 'https://www.tesco.com/groceries/en-GB/products/307157539', 'product_name': 'Lindt Milk Chocolate Egg With Lindor Assorted Truffles 260G', 'product_price': '£ 8.00', 'product_additionals': '£3.08/100g'}, {'shop': 'tesco', 'url': 'https://www.tesco.com/groceries/en-GB/products/307761153', 'product_name': 'Nomo Caramel Egg & Caramel Chocolate Bar 148G', 'product_price': '£ 6.00', 'product_additionals': '£4.06/100g'}, {'shop': 'tesco', 'url': 'https://www.tesco.com/groceries/en-GB/products/304791058', 'product_name': 'Maltesers White Chocolate Egg With White Truffles 287G', 'product_price': '£ 10.00', 'product_additionals': '£3.49/100g'}, {'shop': 'tesco', 'url': 'https://www.tesco.com/groceries/en-GB/products/305988493', 'product_name': 'Kiddylicious Cheesy Veggie Straws 4X12g', 'product_price': '£ 2.30', 'product_additionals': '£47.92/kg'}, {'shop': 'tesco', 'url': 'https://www.tesco.com/groceries/en-GB/products/307141795', 'product_name': 'Lindt White Chocolate Egg With Strawberry & Cream Truffles 260G', 'product_price': '£ 8.00', 'product_additionals': '£3.08/100g'}, {'shop': 'tesco', 'url': 'https://www.tesco.com/groceries/en-GB/products/254633962', 'product_name': 'Ferrero Kinder Surprise Special Edition Egg 100G', 'product_price': '£ 4.00', 'product_additionals': '£4.00/100g'}, {'shop': 'tesco', 'url': 'https://www.tesco.com/groceries/en-GB/products/298648941', 'product_name': 'Kiddylicious Veggie Straws Multipack 4X12g', 'product_price': '£ 2.30', 'product_additionals': '£4.80/100g'}, {'shop': 'tesco', 'url': 'https://www.tesco.com/groceries/en-GB/products/307736282', 'product_name': 'Buttermilk Dairy Free Zingy Orange Egg Chocolate Bar 165G', 'product_price': '£ 6.00', 'product_additionals': '£3.64/100g'}, {'shop': 'tesco', 'url': 'https://www.tesco.com/groceries/en-GB/products/307750206', 'product_name': 'Buttermilk Dairy Free Salted Caramel Crunch Easter Egg 165G', 'product_price': '£ 6.00', 'product_additionals': '£3.64/100g'}, {'shop': 'asda', 'url': 'https://groceries.asda.com/product/910001392234', 'product_name': 'Dr. Oetker Free Range Egg White Powder Sachets', 'product_price': '£1.19', 'product_additionals': '(£4.71/100g)'}, {'shop': 'tesco', 'url': 'https://www.tesco.com/groceries/en-GB/products/304798379', 'product_name': 'Lindt Lindor White Chocolate Egg With Truffles 348G', 'product_price': '£ 15.00', 'product_additionals': '£4.32/100g'}, {'shop': 'tesco', 'url': 'https://www.tesco.com/groceries/en-GB/products/307359123', 'product_name': 'Lindt Milk Chocolate Egg With Assorted Truffles 348G', 'product_price': '£ 15.00', 'product_additionals': '£4.32/100g'}, {'shop': 'tesco', 'url': 'https://www.tesco.com/groceries/en-GB/products/307361315', 'product_name': 'Lindt Milk Chocolate Egg With Lindor Milk Truffles 348G', 'product_price': '£ 15.00', 'product_additionals': '£4.32/100g'}, {'shop': 'tesco', 'url': 'https://www.tesco.com/groceries/en-GB/products/307750172', 'product_name': 'Divine Dark Hazelnut Praline Easter Egg 90G', 'product_price': '£ 5.00', 'product_additionals': '£5.56/100g'}, {'shop': 'tesco', 'url': 'https://www.tesco.com/groceries/en-GB/products/305981689', 'product_name': 'Tesco Finest 10 Leggero Coffee Capsules Strength 6 54G', 'product_price': '£ 2.50', 'product_additionals': '£4.63/100g'}, {'shop': 'tesco', 'url': 'https://www.tesco.com/groceries/en-GB/products/304791824', 'product_name': 'Ferrero Collection Milk Chocolate Egg With 6 Specialities 239.8G', 'product_price': '£ 10.00', 'product_additionals': '£4.18/100g'}, {'shop': 'tesco', 'url': 'https://www.tesco.com/groceries/en-GB/products/307345456', 'product_name': 'Lindt Excellence Dark Chocolate Shell Egg & Chocolate Selection 240G', 'product_price': '£ 10.00', 'product_additionals': '£4.17/100g'}, {'shop': 'tesco', 'url': 'https://www.tesco.com/groceries/en-GB/products/278837857', 'product_name': 'Dr.Oetker Egg White Powder Multipack Sachet 4X5g', 'product_price': '£ 1.20', 'product_additionals': '£60.00/kg'}, {'shop': 'tesco', 'url': 'https://www.tesco.com/groceries/en-GB/products/307744986', 'product_name': 'Divine Dark Chocolate With Raspberries Easter Egg 90G', 'product_price': '£ 5.00', 'product_additionals': '£5.56/100g'}, {'shop': 'tesco', 'url': 'https://www.tesco.com/groceries/en-GB/products/266459332', 'product_name': 'Kinnerton Plastic Surprise Egg 10G', 'product_price': '£ 0.85', 'product_additionals': '£8.50/100g'}, {'shop': 'tesco', 'url': 'https://www.tesco.com/groceries/en-GB/products/307342102', 'product_name': 'Cadbury Dairy Milk Peter Rabbit Egg 72G', 'product_price': '£ 6.00', 'product_additionals': '£8.34/100g'}, {'shop': 'tesco', 'url': 'https://www.tesco.com/groceries/en-GB/products/307356760', 'product_name': 'Cadbury Dairy Milk Peter Rabbit Easter Egg 100G', 'product_price': '£ 10.00', 'product_additionals': '£10.00/100g'}, {'shop': 'asda', 'url': 'https://groceries.asda.com/product/910002208697', 'product_name': 'ASDA Egg Noodles', 'product_price': '£0.75', 'product_additionals': '(30.0p/100g)'}, {'shop': 'asda', 'url': 'https://groceries.asda.com/product/1000200539443', 'product_name': 'Lisner Vegetable Salad with Eggs', 'product_price': '£2.00', 'product_additionals': '(40.0p/100g)'}, {'shop': 'asda', 'url': 'https://groceries.asda.com/product/910002250162', 'product_name': 'ASDA Egg Mayonnaise', 'product_price': '£1.75', 'product_additionals': '(42.7p/100g)'}, {'shop': 'asda', 'url': 'https://groceries.asda.com/product/910000425172', 'product_name': 'ASDA 4 Pork Scotch Eggs', 'product_price': '£1.84', 'product_additionals': '(40.7p/100g)'}, {'shop': 'asda', 'url': 'https://groceries.asda.com/product/910003186032', 'product_name': 'Levi Roots Reggae Reggae Jerk BBQ Sauce', 'product_price': '£1.35', 'product_additionals': '(40.9p/100g)'}, {'shop': 'asda', 'url': 'https://groceries.asda.com/product/910000425131', 'product_name': 'ASDA 2 Pork Scotch Eggs', 'product_price': '£1.00', 'product_additionals': '(44.2p/100g)'}, {'shop': 'asda', 'url': 'https://groceries.asda.com/product/910000425110', 'product_name': 'ASDA 2 Cumberland Scotch Eggs', 'product_price': '£1.25', 'product_additionals': '(55.3p/100g)'}, {'shop': 'asda', 'url': 'https://groceries.asda.com/product/1000136816474', 'product_name': 'Baxters Baxters Veggie Goodness Sweet Potato & Chipotle Soup', 'product_price': '£1.15', 'product_additionals': '(28.7p/100g)'}, {'shop': 'asda', 'url': 'https://groceries.asda.com/product/1000001431002', 'product_name': 'ASDA Egg Mayonnaise', 'product_price': '£1.40', 'product_additionals': '(56.0p/100g)'}, {'shop': 'asda', 'url': 'https://groceries.asda.com/product/1000236571315', 'product_name': 'ASDA Gala Pie Pork & Egg', 'product_price': '£2.05', 'product_additionals': '(69.5p/100g)'}, {'shop': 'asda', 'url': 'https://groceries.asda.com/product/1000001430967', 'product_name': 'ASDA Egg & Bacon Mayonnaise', 'product_price': '£1.40', 'product_additionals': '(56.0p/100g)'}, {'shop': 'asda', 'url': 'https://groceries.asda.com/product/1000172735658', 'product_name': 'Pukka Veggie Leek & Potato Pie', 'product_price': '£1.65', 'product_additionals': '(77.5p/100g)'}, {'shop': 'asda', 'url': 'https://groceries.asda.com/product/910001812989', 'product_name': 'ASDA 2 Ploughmans Scotch Eggs', 'product_price': '£1.25', 'product_additionals': '(55.3p/100g)'}, {'shop': 'asda', 'url': 'https://groceries.asda.com/product/1000213879479', 'product_name': "Wall's Lean & Mean Chicken Scotch Egg", 'product_price': '£0.75', 'product_additionals': '(66.4p/100g)'}, {'shop': 'asda', 'url': 'https://groceries.asda.com/product/910003011021', 'product_name': 'ASDA 14 Pork & Egg Slices', 'product_price': '£1.40', 'product_additionals': '(66.7p/100g)'}, {'shop': 'asda', 'url': 'https://groceries.asda.com/product/1000085878524', 'product_name': 'ASDA Good & Balanced Ham & Free Range Egg Salad', 'product_price': '£1.75', 'product_additionals': '(70.0p/100g)'}, {'shop': 'asda', 'url': 'https://groceries.asda.com/product/28050486', 'product_name': 'ASDA 2 Gala Pork & Egg Slices', 'product_price': '£1.90', 'product_additionals': '(76.0p/100g)'}, {'shop': 'asda', 'url': 'https://groceries.asda.com/product/910001895201', 'product_name': 'ASDA Good & Balanced Baby Potato & Free Range Egg Salad', 'product_price': '£1.75', 'product_additionals': '(64.8p/100g)'}, {'shop': 'asda', 'url': 'https://groceries.asda.com/product/1000116563960', 'product_name': "L'Oreal Paris Infallible More Than Concealer 321 Eggshell", 'product_price': '£9.95', 'product_additionals': '(£6.97/10g)'}, {'shop': 'asda', 'url': 'https://groceries.asda.com/product/1000258775075', 'product_name': 'Naked Noodle Chinese Style Firecracker Chicken Egg Noodles', 'product_price': '£0.60', 'product_additionals': '(76.9p/100g)'}]


bestFromShops[[{'shop': 'asda', 'url': 'https://groceries.asda.com/product/1000118273230', 'product_name': 'Levi Roots Reggaenaise Jerk Mayonnaise', 'product_price': '£1.50', 'product_additionals': '(60.0p/100ml)'}], [], [{'shop': 'tesco', 'url': 'https://www.tesco.com/groceries/en-GB/products/304388352', 'product_name': 'Prospero Leggero Secco Rosato 750Ml', 'product_price': '£ 7.00', 'product_additionals': '£7.00/75cl'}], [], []]


