rv[('aldi', 'https://www.aldi.co.uk/2-buttermilk-fish-burgers/p/704491367526000', '2 Buttermilk Fish Burgers', '1.49', '£6.56 per kg'), ('sains', 'https://www.sainsburys.co.uk/shop/gb/groceries/product/details/lactose-free--/a2-milk-semi-skimmed-1l', "a2 Milk Fresh Semi-Skimmed Cows' Milk 1L", '£1.35', '£1.35 / ltr'), ('sains', 'https://www.sainsburys.co.uk/shop/gb/groceries/product/details/milk-fresh-milk/a2-whole-cows-milk-1l', "a2 Milk Fresh Whole Cows' Milk 1L", '£1.35', '£1.35 / ltr'), ('tesco', 'https://www.tesco.com/groceries/en-GB/products/307747879', 'Aero Bubbles Milk Chocolate Easter Egg 121G', '£ 1.00', '£0.83/100g'), ('sains', 'https://www.sainsburys.co.uk/shop/gb/groceries/product/details/easter-special-offers/aero-bubbles-milk-chocolate-medium-easter-egg-121g', 'Aero Bubbles Milk Chocolate Medium Easter Egg 121g', '£1.25', '£1.03 / 100g'), ('asda', 'https://groceries.asda.com/product/1000061868369', 'Aero Bubbles Milk Chocolate Sharing Bag', '£0.99', '(97.1p/100g)'), ('tesco', 'https://www.tesco.com/groceries/en-GB/products/300228105', 'Aero Bubbles Milk Pouch Bag 102G', '£ 0.99', '£0.97/100g'), ('sains', 'https://www.sainsburys.co.uk/shop/gb/groceries/product/details/indulgent-yogurts-desserts/aero-finesse-milk-chocolate-mousse-4x57g', 'Aero Creations Mousse Milk Chocolate 4x57g', '£1.50', '66p / 100g'), ('asda', 'https://groceries.asda.com/product/910001744184', 'Aero Milk Chocolate Bubbly Bar 4 Pack', '£1.00', '(92.6p/100g)'), ('tesco', 'https://www.tesco.com/groceries/en-GB/products/305547825', 'Aero Milk Chocolate Mini Eggs Bag 70G', '£ 1.00', '£1.43/100g'), ('sains', 'https://www.sainsburys.co.uk/shop/gb/groceries/product/details/all-easter-/aero-milk-chocolate-mini-eggs-pouch-70g', 'Aero Milk Chocolate Mini Eggs Pouch 70g', '£1.00', '£1.43 / 100g'), ('sains', 'https://www.sainsburys.co.uk/shop/gb/groceries/product/details/easter-special-offers/aero-milk-chocolate-mini-eggs-pouch-70g', 'Aero Milk Chocolate Mini Eggs Pouch 70g', '£1.00', '£1.43 / 100g'), ('asda', 'https://groceries.asda.com/product/1000242609326', 'Aero Milk Chocolate Sharing Bar', '£1.00', '(£1.11/100g)'), ('tesco', 'https://www.tesco.com/groceries/en-GB/products/305548346', 'Aero Peppemint Milk Chocolate Mini Eggs 70G', '£ 1.00', '£1.43/100g'), ('tesco', 'https://www.tesco.com/groceries/en-GB/products/305554004', 'Aero Peppermint Milk Chocolate Large Easter Egg 252G', '£ 3.00', '£1.20/100g'), ('asda', 'https://groceries.asda.com/product/1000000462741', 'Alpen Cereal Bars Fruit & Nut with Milk Chocolate', '£1.00', '(69.0p/100g)'), ('tesco', 'https://www.tesco.com/groceries/en-GB/products/272012512', 'Alpro Almond Longlife Milk Alternative 1L', '£ 1.70', '£1.70/litre'), ('tesco', 'https://www.tesco.com/groceries/en-GB/products/272103606', 'Alpro Hazelnut Fresh Milk Alternative 1L', '£ 1.80', '£1.80/litre'), ('asda', 'https://groceries.asda.com/product/43333959', 'Ambre Solaire Aftersun Skin Soother Hydrating Milk', '£11.00', '(£2.75/100ml)'), ('tesco', 'https://www.tesco.com/groceries/en-GB/products/287594156', 'Ambre Solaire Milk Spf 50 Vitamin C 200Ml', '£ 5.00', '£2.50/100ml'), ('asda', 'https://groceries.asda.com/product/910000420790', 'Amoy Coconut Milk', '£1.79', '(44.8p/100ml)'), ('asda', 'https://groceries.asda.com/product/910000420686', 'Amoy Coconut Milk Reduced Fat', '£1.79', '(44.8p/100ml)'), ('sains', 'https://www.sainsburys.co.uk/shop/gb/groceries/product/details/build-a-stir-fry-with-amoy/amoy-reduced-fat-coconut-milk-400g', 'Amoy Reduced Fat Coconut Milk 400g', '£1.80', '45p / 100ml'), ('tesco', 'https://www.tesco.com/groceries/en-GB/products/308114947', 'Andros Caramel Dessert With Almond Milk 2 X 120G', '£ 1.20', '£5.00/kg'), ('tesco', 'https://www.tesco.com/groceries/en-GB/products/308104078', 'Andros Chocolate Dessert With Almond Milk 2 X 120G', '£ 1.20', '£5.00/kg'), ('asda', 'https://groceries.asda.com/product/1000053215830', 'Aptamil 1 Anti-Reflux Milk Powder Formula From Birth', '£14.00', 'No weight data'), ('asda', 'https://groceries.asda.com/product/1000053215743', 'Aptamil 1 Comfort Milk Powder Formula From Birth', '£14.00', 'No weight data'), ('asda', 'https://groceries.asda.com/product/1000195178652', 'Aptamil 1 First Baby Milk Powder Formula Sachets From Birth', '£8.00', 'No weight data'), ('tesco', 'https://www.tesco.com/groceries/en-GB/products/301359904', 'Aptamil 1 First Infant Milk From Birth 800G', '£ 11.35', '£14.19/kg'), ('asda', 'https://groceries.asda.com/product/910000812959', 'Aptamil 1 First Infant Milk Liquid Ready To Feed Formula From Birth', '£3.95', 'No weight data'), ('asda', 'https://groceries.asda.com/product/910001707212', 'Aptamil 1 First Infant Milk Liquid Ready To Feed Formula From Birth', '£3.50', 'No weight data'), ('asda', 'https://groceries.asda.com/product/910001061643', 'Aptamil 1 First Infant Milk Liquid Ready To Feed Formula From Birth', '£0.95', 'No weight data'), ('asda', 'https://groceries.asda.com/product/910001386648', 'Aptamil 1 First Infant Milk Liquid Ready To Feed Starter Pack From Birth', '£8.50', 'No weight data'), ('asda', 'https://groceries.asda.com/product/1000053215791', 'Aptamil 1 First Infant Milk Powder Formula From Birth', '£10.50', 'No weight data'), ('tesco', 'https://www.tesco.com/groceries/en-GB/products/273750673', 'Aptamil 1 First Milk 1 Litre Ready To Feed Liquid', '£ 3.95', '£3.95/litre'), ('tesco', 'https://www.tesco.com/groceries/en-GB/products/278975404', 'Aptamil 1 First Milk 200Ml Ready To Feed Liquid', '£ 0.95', '£0.48/100ml'), ('tesco', 'https://www.tesco.com/groceries/en-GB/products/286866614', 'Aptamil 1 First Milk Multipack 4X200ml Ready To Feed Liquid', '£ 3.50', '£4.38/litre'), ('tesco', 'https://www.tesco.com/groceries/en-GB/products/283468059', 'Aptamil 1 First Pack Liquids Ready To Feed Infant Milk 420Ml', '£ 8.50', '£20.24/litre'), ('asda', 'https://groceries.asda.com/product/1000053215777', 'Aptamil 1 Hungry Milk Powder Formula From Birth', '£11.35', 'No weight data'), ('asda', 'https://groceries.asda.com/product/1000038368711', 'Aptamil 1 Lactose Free Milk Powder Formula From Birth', '£7.50', 'No weight data'), ('asda', 'https://groceries.asda.com/product/1000195178774', 'Aptamil 2 Follow On Baby Milk Powder Formula Sachets 6-12 Months', '£8.00', 'No weight data'), ('tesco', 'https://www.tesco.com/groceries/en-GB/products/273752262', 'Aptamil 2 Follow On Milk 1 Litre Ready To Feed Liquid', '£ 3.95', '£3.95/litre'), ('tesco', 'https://www.tesco.com/groceries/en-GB/products/278975670', 'Aptamil 2 Follow On Milk 200Ml Ready To Feed Liquid', '£ 0.95', '£4.75/litre'), ('asda', 'https://groceries.asda.com/product/910001707223', 'Aptamil 2 Follow On Milk Liquid Ready To Feed Formula 6-12 Months', '£3.50', 'No weight data'), ('asda', 'https://groceries.asda.com/product/910001060950', 'Aptamil 2 Follow On Milk Liquid Ready To Feed Formula 6-12 Months', '£0.95', 'No weight data'), ('tesco', 'https://www.tesco.com/groceries/en-GB/products/286866652', 'Aptamil 2 Follow On Milk Multipack 4X200ml Ready To Feed Liquid', '£ 3.50', '£4.38/litre'), ('tesco', 'https://www.tesco.com/groceries/en-GB/products/301359927', 'Aptamil 2 Follow On Milk Powder 800G', '£ 11.50', '£14.38/kg'), ('asda', 'https://groceries.asda.com/product/1000053215746', 'Aptamil 2 Follow On Milk Powder Formula 6-12 Months', '£9.38', 'No weight data'), ('asda', 'https://groceries.asda.com/product/1000195178777', 'Aptamil 3 Growing Up Baby Milk Powder Formula Sachets 1-2 Years', '£7.00', 'No weight data'), ('asda', 'https://groceries.asda.com/product/1000002228699', 'Aptamil 3 Growing Up Milk Liquid Ready To Feed Formula 1-2 Years', '£9.00', 'No weight data'), ('asda', 'https://groceries.asda.com/product/910001243798', 'Aptamil 3 Growing Up Milk Liquid Ready To Feed Formula 1-2 Years', '£0.80', 'No weight data'), ('asda', 'https://groceries.asda.com/product/1000053215765', 'Aptamil 3 Growing Up Milk Powder Formula 1-2 Years', '£9.38', 'No weight data'), ('asda', 'https://groceries.asda.com/product/910001242948', 'Aptamil 4 Growing Up Milk Liquid Ready To Feed Formula 2-3 Years', '£0.80', 'No weight data'), ('asda', 'https://groceries.asda.com/product/910000435331', 'Aptamil 4 Growing Up Milk Powder Formula 2-3 Years', '£9.38', 'No weight data'), ('tesco', 'https://www.tesco.com/groceries/en-GB/products/301359985', 'Aptamil Anti Reflux Milk Powder 800G', '£ 14.00', '£1.75/100g'), ('tesco', 'https://www.tesco.com/groceries/en-GB/products/301360003', 'Aptamil Comfort Milk Powder 800G', '£ 14.00', '£1.75/100g'), ('tesco', 'https://www.tesco.com/groceries/en-GB/products/250052328', 'Aptamil Growing Up Milk 1+ Years 200Ml', '£ 0.80', '£4.00/litre'), ('tesco', 'https://www.tesco.com/groceries/en-GB/products/268739735', 'Aptamil Growing Up Milk 2+ Years 800G', '£ 10.50', '£13.13/kg'), ('tesco', 'https://www.tesco.com/groceries/en-GB/products/301359949', 'Aptamil Growing Up Milk Powder 1+ 800G', '£ 10.50', '£1.32/100g'), ('tesco', 'https://www.tesco.com/groceries/en-GB/products/301359962', 'Aptamil Hungry Milk Powder 800G', '£ 11.35', '£1.42/100g'), ('tesco', 'https://www.tesco.com/groceries/en-GB/products/307147702', 'Aptamil Organic 1 First Baby Milk Formula 800G', '£ 13.50', '£16.88/kg'), ('asda', 'https://groceries.asda.com/product/1000243014190', 'Aptamil Organic 1 First Infant Milk Powder Formula From Birth', '£13.50', 'No weight data'), ('tesco', 'https://www.tesco.com/groceries/en-GB/products/307155979', 'Aptamil Organic 2 Follow On Baby Milk 800G', '£ 13.50', '£16.88/kg'), ('asda', 'https://groceries.asda.com/product/1000243014197', 'Aptamil Organic 2 Follow On Milk Powder Formula 6-12 Months', '£13.50', 'No weight data'), ('tesco', 'https://www.tesco.com/groceries/en-GB/products/307157689', 'Aptamil Organic 3 Toddler Milk Formula 800G', '£ 12.50', '£15.63/kg'), ('asda', 'https://groceries.asda.com/product/1000243014215', 'Aptamil Organic 3 Toddler Milk Powder Formula 1-2 Years', '£12.50', 'No weight data'), ('asda', 'https://groceries.asda.com/product/910002388302', 'Aptamil Profutura 1 First Infant Milk Liquid Ready To Feed Formula From Birth', '£1.10', 'No weight data'), ('asda', 'https://groceries.asda.com/product/910001923939', 'Aptamil Profutura 1 First Infant Milk Liquid Ready To Feed Starter Pack From Birth', '£11.75', 'No weight data'), ('asda', 'https://groceries.asda.com/product/910001924013', 'Aptamil Profutura 1 First Infant Milk Powder Formula From Birth', '£15.00', 'No weight data'), ('asda', 'https://groceries.asda.com/product/1000002091688', 'Aptamil Profutura 2 Follow On Milk Liquid Ready To Feed Formula 6-12 Months', '£1.10', 'No weight data'), ('asda', 'https://groceries.asda.com/product/910001923091', 'Aptamil Profutura 2 Follow On Milk Powder Formula 6-12 Months', '£13.40', 'No weight data'), ('asda', 'https://groceries.asda.com/product/910001922750', 'Aptamil Profutura 3 Growing Up Milk Powder Formula 1-2 Years', '£13.40', 'No weight data'), ('tesco', 'https://www.tesco.com/groceries/en-GB/products/291368966', 'Aptamil Profutura First Infant Milk 200Ml', '£ 1.10', '£0.55/100ml'), ('tesco', 'https://www.tesco.com/groceries/en-GB/products/291369101', 'Aptamil Profutura First Infant Milk 800G', '£ 15.00', '£1.88/100g'), ('tesco', 'https://www.tesco.com/groceries/en-GB/products/291369239', 'Aptamil Profutura Follow On Milk 800G', '£ 15.00', '£1.88/100g'), ('tesco', 'https://www.tesco.com/groceries/en-GB/products/291369297', 'Aptamil Profutura Milk Growing Up 800G', '£ 15.00', '£1.88/100g'), ('asda', 'https://groceries.asda.com/product/1000137048580', 'Aptamil Sensavia 1 First Baby Milk Formula From Birth', '£13.99', 'No weight data'), ('asda', 'https://groceries.asda.com/product/1000137048659', 'Aptamil Sensavia 1 First Infant Milk Starter Pack From Birth', '£10.99', 'No weight data'), ('asda', 'https://groceries.asda.com/product/1000137048635', 'Aptamil Sensavia 2 Follow On Baby Milk Formula', '£13.99', 'No weight data'), ('asda', 'https://groceries.asda.com/product/1000137048658', 'Aptamil Sensavia 3 Growing Up Milk Formula', '£13.99', 'No weight data'), ('tesco', 'https://www.tesco.com/groceries/en-GB/products/302310511', 'Aptamil Sensavia First Infant Milk From Birth 800G', '£ 12.50', '£15.63/kg DR.WT'), ('asda', 'https://groceries.asda.com/product/910001142882', 'Aquafresh Milk Teeth 0-2 Yrs Soft Toothbrush', '£1.75', '(£1.75/each)'), ('asda', 'https://groceries.asda.com/product/910001067005', 'Aquafresh Milk Teeth 0-2 Yrs Toothpaste', '£1.00', '(£2.00/100ml)'), ('tesco', 'https://www.tesco.com/groceries/en-GB/products/278398500', 'Aquafresh Milk Teeth Tooth Brush', '£ 1.75', '£1.75/each'), ('tesco', 'https://www.tesco.com/groceries/en-GB/products/262709654', 'Aquafresh Milk Teeth Toothpaste 50Ml', '£ 1.25', '£2.50/100ml'), ('sains', 'https://www.sainsburys.co.uk/shop/gb/groceries/product/details/dairy-and-chilled-essentials/arla-best-of-both-milk-2l', 'Arla B.O.B. Skimmed Milk 2L', '£1.65', '82p / ltr'), ('sains', 'https://www.sainsburys.co.uk/shop/gb/groceries/product/details/milk-fresh-milk/arla-best-of-both-milk-2l', 'Arla B.O.B. Skimmed Milk 2L', '£1.65', '82p / ltr'), ('tesco', 'https://www.tesco.com/groceries/en-GB/products/287971983', 'Arla Big Milk 2Ltr', '£ 2.00', '£1.00/litre'), ('asda', 'https://groceries.asda.com/product/910001932623', 'Arla Big Milk Added Vitamins Whole Milk Age 1-5', '£1.75', 'No weight data'), ('asda', 'https://groceries.asda.com/product/910002350744', 'Arla BOB Fat Free Skimmed Milk', '£1.65', 'No weight data'), ('tesco', 'https://www.tesco.com/groceries/en-GB/products/291631643', 'Arla Bob Skimmed Milk 2 Litre', '£ 1.80', '£0.90/litre'), ('coop', 'https://www.coop.co.uk/products/arla-cravendale-finely-filtered-fresh-pasteurised-whole-milk-2ltr', 'Arla Cravendale Finely Filtered Fresh Pasteurised Whole Milk 2Ltr', '£2.30', '2 litre (11p per 100ml)'), ('asda', 'https://groceries.asda.com/product/17505545', 'Arla Lactofree Fresh Semi Skimmed Milk', '£1.00', 'No weight data'), ('asda', 'https://groceries.asda.com/product/910001049835', 'Arla Lactofree Fresh Skimmed Milk', '£1.00', 'No weight data'), ('asda', 'https://groceries.asda.com/product/80879810', 'Arla Lactofree Fresh Whole Milk', '£1.00', 'No weight data'), ('asda', 'https://groceries.asda.com/product/44054', 'Arla Lactofree Long Life Semi Skimmed Milk', '£1.25', 'No weight data'), ('asda', 'https://groceries.asda.com/product/910000559264', 'Arla Lactofree Long Life Whole Milk', '£1.25', 'No weight data'), ('asda', 'https://groceries.asda.com/product/1000204197603', 'Arla Lactofree Organic Semi Skimmed Milk Drink', '£1.00', 'No weight data'), ('sains', 'https://www.sainsburys.co.uk/shop/gb/groceries/product/details/lactose-free--/arla-lactofree-organic-semi-skimmed-milk-drink-1-litre', 'Arla Lactofree Organic Semi Skimmed Milk Drink 1 Litre', '£1.65', '£1.65 / ltr'), ('sains', 'https://www.sainsburys.co.uk/shop/gb/groceries/product/details/all-organic-/arla-lactofree-organic-semi-skimmed-milk-drink-1-litre', 'Arla Lactofree Organic Semi Skimmed Milk Drink 1 Litre', '£1.65', '£1.65 / ltr'), ('tesco', 'https://www.tesco.com/groceries/en-GB/products/277569317', 'Arla Lactofree Skimmed Lactose Free Milk 1L', '£ 1.40', '£1.40/litre'), ('asda', 'https://groceries.asda.com/product/910002435505', 'Arla Protein Raspberry & Strawberry Milkshake', '£1.00', '(44.4p/100ml)'), ('asda', 'https://groceries.asda.com/product/910002436132', 'Arla Protein Tropical Milkshake', '£1.00', '(44.4p/100ml)'), ('asda', 'https://groceries.asda.com/product/1000048178843', 'ASDA 4 Buttermilk Chicken Breast Fillet Burgers', '£2.50', 'No weight data'), ('asda', 'https://groceries.asda.com/product/910001136242', 'ASDA 8 Assorted Mini Milk Ice Lollies', '£0.90', 'No weight data'), ('asda', 'https://groceries.asda.com/product/910000402684', 'ASDA 8 Milk Choc Ices', '£0.98', 'No weight data'), ('asda', 'https://groceries.asda.com/product/910002516119', 'Asda Arla Farmers Semi Skimmed Milk', '£1.35', 'No weight data'), ('asda', 'https://groceries.asda.com/product/910002516013', 'Asda Arla Farmers Whole Milk', '£1.35', 'No weight data'), ('asda', 'https://groceries.asda.com/product/1000056262057', "ASDA Baker's Selection 20 Mini Milk Choc Chip Cookies", '£2.00', '(10.0p/each)'), ('asda', 'https://groceries.asda.com/product/25620', "ASDA Baker's Selection Milk Chocolate Cookies", '£0.99', '(19.8p/each)'), ('asda', 'https://groceries.asda.com/product/910002946246', "ASDA Baker's Selection Milk Chocolate Pancakes", '£1.00', '(20.0p/each)'), ('asda', 'https://groceries.asda.com/product/32932', 'ASDA Banana Flavoured Milk', '£1.00', 'No weight data'), ('asda', 'https://groceries.asda.com/product/910001598288', 'ASDA Banana Flavoured Milkshake Mix', '£1.49', '(49.7p/100g)'), ('asda', 'https://groceries.asda.com/product/1000197472297', 'ASDA Breakfast Biscuits Milk & Cereal 8 x 50g', '£0.84', '(21.0p/100g)'), ('asda', 'https://groceries.asda.com/product/910002767148', 'ASDA Buttermilk', '£0.90', 'No weight data'), ('asda', 'https://groceries.asda.com/product/32922', 'ASDA Chocolate Flavoured Milk', '£1.00', 'No weight data'), ('asda', 'https://groceries.asda.com/product/395104', 'ASDA Chocolate Malted Milks', '£0.85', '(34.0p/100g)'), ('asda', 'https://groceries.asda.com/product/910000365333', 'ASDA Condensed Milk', '£1.05', '(26.5p/100g)'), ('asda', 'https://groceries.asda.com/product/19246', 'ASDA Dried Skimmed Milk Powder', '£2.00', 'No weight data'), ('asda', 'https://groceries.asda.com/product/1000037844241', 'ASDA Evaporated Milk', '£0.40', '(23.5p/100g)'), ('asda', 'https://groceries.asda.com/product/9430945', 'ASDA Evaporated Semi-Skimmed Milk', '£0.58', '(14.1p/100g)'), ('asda', 'https://groceries.asda.com/product/1000001821680', 'ASDA Extra Special 4 Buttermilk Pancakes', '£1.45', '(36.2p/each)'), ('asda', 'https://groceries.asda.com/product/1000136120506', 'ASDA Extra Special 40% Cocoa Solids Milk Cooking Chocolate', '£1.20', '(£1.20/100g)'), ('asda', 'https://groceries.asda.com/product/1000203232060', 'ASDA Extra Special Free From Coffee Crunch Milk Choc Bar', '£2.00', 'No weight data'), ('asda', 'https://groceries.asda.com/product/1000203231898', 'ASDA Extra Special Free From Salted Honeycomb & Raspberry Milk Choc Bar', '£2.00', 'No weight data'), ('asda', 'https://groceries.asda.com/product/1000161871363', 'ASDA Extra Special Milk Chocolate Honeycomb', '£2.00', '(£2.00/100g)'), ('asda', 'https://groceries.asda.com/product/1000112663530', 'ASDA Extra Special Peruvian Milk Chocolate Bar', '£0.90', '(90.0p/100g)'), ('asda', 'https://groceries.asda.com/product/1000070571716', 'ASDA Extra Special Salted Butterscotch Milk Chocolate Bar', '£1.40', '(£1.40/100g)'), ('asda', 'https://groceries.asda.com/product/910003043531', 'ASDA Extra Special Sea Salted Caramel & Milk Chocolate Granola', '£2.19', '(43.8p/100g)'), ('asda', 'https://groceries.asda.com/product/910000788319', 'ASDA Free From Belgian Milk Chocolate Rice Cakes', '£0.99', 'No weight data'), ('asda', 'https://groceries.asda.com/product/1000052962717', 'ASDA Free From Milk Chocolate Mini Rice Cakes', '£0.75', 'No weight data'), ('asda', 'https://groceries.asda.com/product/910002082811', 'ASDA Fruit & Nut Milk Chocolate Bar', '£0.91', '(45.5p/100g)'), ('asda', 'https://groceries.asda.com/product/910002088827', 'ASDA Fun Size Milk Chocolate Bubblies 15 Pack', '£1.00', '(66.7p/100g)'), ('asda', 'https://groceries.asda.com/product/1000088318822', 'ASDA Giant Gold Coin Milk', '£0.59', '(£1.18/100g)'), ('asda', 'https://groceries.asda.com/product/1000212670987', 'ASDA Heavenly Moments Milk Chocolate Ice Creams 3 Pack', '£0.90', 'No weight data'), ('asda', 'https://groceries.asda.com/product/910000435379', 'ASDA Honey Nut Crunch with Milk Chocolate Curls', '£1.09', '(29.1p/100g)'), ('asda', 'https://groceries.asda.com/product/1000220358827', 'ASDA Lactose Free Semi Skimmed Milk', '£0.85', 'No weight data'), ('asda', 'https://groceries.asda.com/product/910000279194', 'ASDA Little Angels Little Angels Milk Powder Dispenser', '£2.00', 'No weight data'), ('asda', 'https://groceries.asda.com/product/20525', 'ASDA Longlife Semi Skimmed Milk', '£0.62', 'No weight data'), ('asda', 'https://groceries.asda.com/product/910000392661', 'ASDA Longlife Semi Skimmed Milk X6', '£4.00', 'No weight data'), ('asda', 'https://groceries.asda.com/product/20524', 'ASDA Longlife Skimmed Milk', '£0.62', 'No weight data'), ('asda', 'https://groceries.asda.com/product/910000392586', 'ASDA Longlife Skimmed Milk X6', '£4.00', 'No weight data'), ('asda', 'https://groceries.asda.com/product/393675', 'ASDA Longlife Whole Milk', '£0.79', 'No weight data'), ('asda', 'https://groceries.asda.com/product/910001083519', 'ASDA Malted Milk', '£0.30', '(15.0p/100g)'), ('asda', 'https://groceries.asda.com/product/1000009131506', 'ASDA Maternity 25 Breast Milk Storage Bags', '£4.00', '(16.0p/each)'), ('asda', 'https://groceries.asda.com/product/1000115100619', 'ASDA Milk Bottles', '£0.25', 'No weight data'), ('asda', 'https://groceries.asda.com/product/1000005207659', 'ASDA Milk Choc Chip Cookie Dough', '£1.25', 'No weight data'), ('asda', 'https://groceries.asda.com/product/80165777', 'ASDA Milk Chocolate', '£0.65', '(43.3p/100g)'), ('asda', 'https://groceries.asda.com/product/1000129611142', 'ASDA Milk Chocolate & Salted Caramel Rice Cakes', '£1.59', '(£1.51/100g)'), ('asda', 'https://groceries.asda.com/product/910002082921', 'ASDA Milk Chocolate Bar', '£0.85', '(42.5p/100g)'), ('asda', 'https://groceries.asda.com/product/1000136352523', 'ASDA Milk Chocolate Biscuit Selection', '£4.00', '(88.9p/100g)'), ('asda', 'https://groceries.asda.com/product/910001367831', 'ASDA Milk Chocolate Butter Biscuits', '£0.74', '(59.2p/100g)'), ('asda', 'https://groceries.asda.com/product/910001805736', 'ASDA Milk Chocolate Buttons', '£0.25', '(83.3p/100g)'), ('asda', 'https://groceries.asda.com/product/20658', 'ASDA Milk Chocolate Chips', '£0.50', '(50.0p/100g)'), ('asda', 'https://groceries.asda.com/product/1000088318843', 'ASDA Milk Chocolate Coins', '£0.59', '(78.7p/100g)'), ('asda', 'https://groceries.asda.com/product/1000157579228', 'ASDA Milk Chocolate Coins', '£2.00', '(76.9p/100g)'), ('asda', 'https://groceries.asda.com/product/23162', 'ASDA Milk Chocolate Digestives', '£0.42', '(14.0p/100g)'), ('asda', 'https://groceries.asda.com/product/1000157579344', 'ASDA Milk Chocolate Hollow Reindeer', '£0.89', '(89.0p/100g)'), ('asda', 'https://groceries.asda.com/product/1000157579381', 'ASDA Milk Chocolate Hollow Santa', '£0.89', '(89.0p/100g)'), ('asda', 'https://groceries.asda.com/product/910001113198', 'ASDA Milk Chocolate Loaf Cake', '£1.00', '(£1.00/each)'), ('asda', 'https://groceries.asda.com/product/910003218409', 'ASDA Milk Chocolate Mini Rolls', '£0.95', '(9.5p/each)'), ('asda', 'https://groceries.asda.com/product/1000243014225', 'ASDA Milk Chocolate Pip the Penguin', '£2.00', '(£1.33/100g)'), ('asda', 'https://groceries.asda.com/product/1000117784334', 'ASDA Milk Chocolate Sauce', '£1.50', '(50.0p/100g)'), ('asda', 'https://groceries.asda.com/product/910000770545', 'ASDA Milk Chocolate Spread', '£1.37', '(34.2p/100g)'), ('asda', 'https://groceries.asda.com/product/1000122916899', 'ASDA Milk Chocolate Toffee Popcorn', '£1.00', '(71.4p/100g)'), ('asda', 'https://groceries.asda.com/product/910000255164', 'ASDA Milk Chocolate Triple Layer Party Cake', '£12.00', 'No weight data'), ('asda', 'https://groceries.asda.com/product/1000205555287', 'ASDA Milk Chocolate Turkish Thins', '£1.00', '(55.6p/100g)'), ('asda', 'https://groceries.asda.com/product/910001568439', 'ASDA Milk Thistle Film Coated Tablets', '£4.00', '(6.7p/each)'), ('asda', 'https://groceries.asda.com/product/14319675', 'ASDA Organic Semi Skimmed Milk', '£1.60', 'No weight data'), ('asda', 'https://groceries.asda.com/product/14319672', 'ASDA Organic Semi Skimmed Milk', '£1.15', 'No weight data'), ('asda', 'https://groceries.asda.com/product/14319673', 'ASDA Organic Whole Milk', '£1.15', 'No weight data'), ('asda', 'https://groceries.asda.com/product/14319676', 'ASDA Organic Whole Milk', '£1.60', 'No weight data'), ('asda', 'https://groceries.asda.com/product/23423', 'ASDA Semi Skimmed Milk', '£0.80', 'No weight data'), ('asda', 'https://groceries.asda.com/product/37518', 'ASDA Semi Skimmed Milk', '£0.50', 'No weight data'), ('asda', 'https://groceries.asda.com/product/20504', 'ASDA Semi Skimmed Milk', '£1.09', 'No weight data'), ('asda', 'https://groceries.asda.com/product/30255', 'ASDA Skimmed Milk', '£0.50', 'No weight data'), ('asda', 'https://groceries.asda.com/product/20505', 'ASDA Skimmed Milk', '£1.09', 'No weight data'), ('asda', 'https://groceries.asda.com/product/23422', 'ASDA Skimmed Milk', '£0.80', 'No weight data'), ('asda', 'https://groceries.asda.com/product/37666', 'ASDA Smart Price Longlife Skimmed Milk', '£0.50', 'No weight data'), ('asda', 'https://groceries.asda.com/product/32825', 'ASDA Smart Price Milk Chocolate Digestive Bars', '£1.25', '(32.9p/100g)'), ('asda', 'https://groceries.asda.com/product/910002365219', 'ASDA Smoky Buttermilk Ranch Dressing', '£0.89', '(35.6p/100ml)'), ('asda', 'https://groceries.asda.com/product/32921', 'ASDA Strawberry Flavoured Milk', '£1.00', 'No weight data'), ('asda', 'https://groceries.asda.com/product/910001597412', 'ASDA Strawberry Flavoured Milkshake Mix', '£1.49', '(49.7p/100g)'), ('asda', 'https://groceries.asda.com/product/910000449332', 'ASDA Tiger Cat Milk', '£1.58', '(£2.63/lt)'), ('asda', 'https://groceries.asda.com/product/1000028236313', 'ASDA Tiger Kitten Milk', '£0.70', 'No weight data'), ('asda', 'https://groceries.asda.com/product/2215673083482', 'ASDA Tiger Mixed Selection Kitten Pouches, Kitten Dry & Kitten Milk Bundle', '£3.98', 'No weight data'), ('asda', 'https://groceries.asda.com/product/910000227801', 'ASDA Vanilla Flavoured Milk', '£1.00', 'No weight data'), ('asda', 'https://groceries.asda.com/product/37517', 'ASDA Whole Milk', '£0.50', 'No weight data'), ('asda', 'https://groceries.asda.com/product/20502', 'ASDA Whole Milk', '£1.09', 'No weight data'), ('asda', 'https://groceries.asda.com/product/23421', 'ASDA Whole Milk', '£0.80', 'No weight data'), ('asda', 'https://groceries.asda.com/product/27657', 'ASDA Whole Milk', '£1.59', 'No weight data'), ('asda', 'https://groceries.asda.com/product/910002739379', 'Ayam Coconut Milk', '£0.90', 'No weight data'), ('tesco', 'https://www.tesco.com/groceries/en-GB/products/301341913', 'Ayam Premium Coconut Milk 200Ml', '£ 0.85', '£4.25/litre'), ('asda', 'https://groceries.asda.com/product/1000105386119', 'Bad Co 0518 Off-Tempo Milkshake IPA', '£2.00', 'No weight data'), ('asda', 'https://groceries.asda.com/product/1000159725398', 'Bad Co Dark Necessities Milk Stout', '£1.65', 'No weight data'), ('asda', 'https://groceries.asda.com/product/1000061867945', 'Bad Co Denver Milk Stout', '£1.25', 'No weight data'), ('coop', 'https://www.coop.co.uk/products/bahlsen-choco-leibniz-milk-125g', 'Bahlsen Choco Leibniz Milk 125g', '£2', '125g (80.0p per 100g)'), ('asda', 'https://groceries.asda.com/product/910001769916', 'Bahlsen Choco Leibniz Milk Chocolate Biscuits', '£1.50', '(£1.20/100g)'), ('tesco', 'https://www.tesco.com/groceries/en-GB/products/257510953', 'Bahlsen Milk Choco Leibniz 125G', '£ 1.49', '£1.20/100g'), ('asda', 'https://groceries.asda.com/product/1000137976558', 'Bahlsen PiCK UP! Choco & Milk Biscuit Bars 5 Pack', '£1.00', '(71.4p/100g)'), ('asda', 'https://groceries.asda.com/product/910001367253', 'Bahlsen PiCK UP! Milk Chocolate Biscuit Bars 5 Pack', '£1.00', '(71.4p/100g)'), ('tesco', 'https://www.tesco.com/groceries/en-GB/products/293226763', 'Bahlsen Pick Up! Minis Milk Chocolate 10.6Gx10', '£ 1.00', '£0.94/100g'), ('sains', 'https://www.sainsburys.co.uk/shop/gb/groceries/product/details/all-price-lock/bahlsen-pick-up!-minis-milk-chocolate-biscuit-bars-10x106g', 'Bahlsen PiCK UP! Minis Milk Chocolate Biscuit Bars 10x10.6g', '£1.00', '94p / 100g'), ('asda', 'https://groceries.asda.com/product/910001084218', 'Balconi Mix Milk', '£1.00', '(10.0p/each)'), ('asda', 'https://groceries.asda.com/product/1000049939218', 'Balin Milk Chocolate with Whole Pistachios', '£1.70', '(£2.12/100g)'), ('aldi', 'https://www.aldi.co.uk/banana-flavoured-1%25-fat-milk/p/063365075910900', 'Banana Flavoured 1% Fat Milk', '0.85', '85p per litre'), ('sains', 'https://www.sainsburys.co.uk/shop/gb/groceries/product/details/dairy-eggs-special-offers/barebells-protein-milkshake-chocolate-flavour-330ml', 'Barebells Protein Milkshake Chocolate Flavour 330ml', '£2.00', '61p / 100ml'), ('sains', 'https://www.sainsburys.co.uk/shop/gb/groceries/product/details/milk-flavoured-milk/barebells-protein-milkshake-strawberry-flavour-330ml', 'Barebells Protein Milkshake Strawberry Flavour 330ml', '£2.00', '61p / 100ml'), ('tesco', 'https://www.tesco.com/groceries/en-GB/products/305983613', 'Barny Milk Kids Sponge Bear 5 Pack 125G', '£ 1.50', '£1.20/100g'), ('tesco', 'https://www.tesco.com/groceries/en-GB/products/302379297', 'Barratt Milkteeth 190G', '£ 1.00', '£0.53/100g'), ('asda', 'https://groceries.asda.com/product/1000003092302', 'Belvita Breakfast Biscuits Milk & Cereals 5 Pack', '£0.99', '(44.0p/100g)'), ('tesco', 'https://www.tesco.com/groceries/en-GB/products/297544535', 'Belvita Milk & Cereal Biscuits 12 Pack 540G', '£ 3.00', '£0.56/100g'), ('tesco', 'https://www.tesco.com/groceries/en-GB/products/297544790', 'Belvita Milk & Cereal Biscuits 225G', '£ 1.99', '£0.88/100g'), ('sains', 'https://www.sainsburys.co.uk/shop/gb/groceries/product/details/all-price-lock/belvita-milk---cereal-biscuits-540g', 'Belvita Milk & Cereal Biscuits Multipack 540g', '£3.00', '56p / 100g'), ('tesco', 'https://www.tesco.com/groceries/en-GB/products/289687746', 'Betty Crocker Milk Chocolate Icing 400G', '£ 2.00', '£0.50/100g'), ('sains', 'https://www.sainsburys.co.uk/shop/gb/groceries/product/details/all-low-and-no-alcohol/big-drop-brewing-co-galactic-milk-alcohol-free-stout-330ml', 'Big Drop Brewing Co. Galactic Milk Alcohol Free Stout 330ml', '£1.50', '£4.55 / ltr'), ('sains', 'https://www.sainsburys.co.uk/shop/gb/groceries/product/details/easter-special-offers/sainsburys-billionaire-egg-210g', 'Billionaires Milk Chocolate Egg 210g', '£4.00', '£1.90 / 100g'), ('sains', 'https://www.sainsburys.co.uk/shop/gb/groceries/product/details/all-easter-eggs-and-chocolate-/sainsburys-billionaire-egg-210g', 'Billionaires Milk Chocolate Egg 210g', '£4.00', '£1.90 / 100g'), ('tesco', 'https://www.tesco.com/groceries/en-GB/products/286749264', "Bioglan Biotic Balance Chocball Milk 30'S", '£ 9.50', '£0.32/each'), ('sains', 'https://www.sainsburys.co.uk/shop/gb/groceries/product/details/milk-flavoured-milk/bio-tiful-baked-milk-kefir-250ml', 'Biotiful Baked Milk Kefir (Riazhenka) 250ml', '£1.45', '£5.80 / ltr'), ('asda', 'https://groceries.asda.com/product/1000157579365', 'BIP Milk Chocolate Christmas Puddings with Popping Candy', '£0.59', '(78.7p/100g)'), ('asda', 'https://groceries.asda.com/product/1000157579204', 'BIP Milk Chocolate Snowmen & Snowballs 75g', '£0.59', '(78.7p/100g)'), ('asda', 'https://groceries.asda.com/product/1000157579427', 'BIP Milk Chocolate Sprouts & Carrots', '£0.59', '(78.7p/100g)'), ('tesco', 'https://www.tesco.com/groceries/en-GB/products/303153509', 'Birds Eye Buttermilk Chicken Strips 350G', '£ 4.00', '£11.43/kg'), ('asda', 'https://groceries.asda.com/product/1000093869692', 'Birds Eye Chicken Shop Buttermilk Chicken Strips', '£4.00', 'No weight data'), ('tesco', 'https://www.tesco.com/groceries/en-GB/products/299599046', 'Black Sheep Milk Stout 500Ml 4.4% Alcohol By Volume', '£ 1.70', '£3.40/litre'), ('asda', 'https://groceries.asda.com/product/1000134726909', 'Black Sheep Pineapple Milkshake IPA', '£1.80', 'No weight data'), ('tesco', 'https://www.tesco.com/groceries/en-GB/products/252486194', 'Blue Dragon Coconut Milk 400Ml', '£ 2.00', '£5.00/litre'), ('tesco', 'https://www.tesco.com/groceries/en-GB/products/250830660', 'Blue Dragon Coconut Milk Light 400Ml', '£ 2.00', '£5.00/litre'), ('asda', 'https://groceries.asda.com/product/1000065970685', 'Blue Riband Original Milk Chocolate Wafer Biscuits 16 Pack', '£2.00', '(69.4p/100g)'), ('asda', 'https://groceries.asda.com/product/1000065970648', 'Blue Riband Original Milk Chocolate Wafer Biscuits 8 Pack', '£1.00', '(69.4p/100g)'), ('asda', 'https://groceries.asda.com/product/1000168286620', 'Bondi Sands Everyday Gradual Tanning Milk', '£11.99', '(£3.20/100ml)'), ('tesco', 'https://www.tesco.com/groceries/en-GB/products/298107990', 'Bondi Sands Gradual Tanning Milk 375Ml', '£ 12.00', '£3.20/100ml'), ('asda', 'https://groceries.asda.com/product/1000210453294', 'Bonne Maman Chocolate Mousse with Whole Milk', '£1.00', '(71.4p/100g)'), ('asda', 'https://groceries.asda.com/product/1000178911419', 'Bounty Coconut Milk Chocolate Bars Multipack', '£1.99', '(43.6p/100g)'), ('asda', 'https://groceries.asda.com/product/910000265061', 'Bounty Coconut Milk Chocolate Twin Bar', '£0.55', '(96.5p/100g)'), ('asda', 'https://groceries.asda.com/product/910000539461', 'Bounty Coconut Milk Chocolate Twin Bars Multipack 4 x 57g', '£1.25', '(54.8p/100g)'), ('tesco', 'https://www.tesco.com/groceries/en-GB/products/258412209', 'Bounty Milk Chocolate Bar 57G', '£ 0.60', '£1.06/100g'), ('tesco', 'https://www.tesco.com/groceries/en-GB/products/304389823', 'Bounty Milk Chocolate Egg With 3 Fun Size Bars 263G', '£ 3.00', '£1.15/100g'), ('asda', 'https://groceries.asda.com/product/16162006', 'Bowlands Fresh Semi Skimmed Milk', '£1.03', 'No weight data'), ('asda', 'https://groceries.asda.com/product/16162004', 'Bowlands Fresh Semi Skimmed Milk', '£1.30', 'No weight data'), ('asda', 'https://groceries.asda.com/product/16162005', 'Bowlands Fresh Whole Milk', '£1.30', 'No weight data'), ('tesco', 'https://www.tesco.com/groceries/en-GB/products/272708450', 'Breakaway Milk Chocolate Biscuit 8 Pack 152.8G', '£ 1.00', '£0.66/100g'), ('asda', 'https://groceries.asda.com/product/910000550514', 'Breakaway Milk Chocolate Biscuit Bar 8 Pack', '£1.00', '(65.5p/100g)'), ('tesco', 'https://www.tesco.com/groceries/en-GB/products/265169066', 'Brioche Pasquier Milk Brioche Rolls 8Pk', '£ 1.50', '£0.19/each'), ('sains', 'https://www.sainsburys.co.uk/shop/gb/groceries/product/details/natural-beauty-products/burts-bees-almond---milk-hand-cream-57g', "Burt's Bees Almond Milk Hand Cream", '£10.00', '£17.54 / 100g'), ('sains', 'https://www.sainsburys.co.uk/shop/gb/groceries/product/details/all-gifting/buttermilk-crumbly-vanilla-fudge-150g', 'Buttermilk Crumbly Vanilla Fudge 150g', '£3.95', '£2.63 / 100g'), ('sains', 'https://www.sainsburys.co.uk/shop/gb/groceries/product/details/sweet-treats-44/buttermilk-crumbly-vanilla-fudge-150g', 'Buttermilk Crumbly Vanilla Fudge 150g', '£3.95', '£2.63 / 100g'), ('sains', 'https://www.sainsburys.co.uk/shop/gb/groceries/product/details/chocolate-and-sweets-/buttermilk-crumbly-vanilla-fudge-150g', 'Buttermilk Crumbly Vanilla Fudge 150g', '£3.95', '£2.63 / 100g'), ('tesco', 'https://www.tesco.com/groceries/en-GB/products/307150421', 'Buttermilk Dairy Free Peanut Butter Crunch 100G', '£ 3.00', '£3.00/100g'), ('tesco', 'https://www.tesco.com/groceries/en-GB/products/307750206', 'Buttermilk Dairy Free Salted Caramel Crunch Easter Egg 165G', '£ 6.00', '£3.64/100g'), ('tesco', 'https://www.tesco.com/groceries/en-GB/products/307159589', 'Buttermilk Dairy Free Salted Caramel Cups 100G', '£ 3.00', '£3.00/100g'), ('tesco', 'https://www.tesco.com/groceries/en-GB/products/307736282', 'Buttermilk Dairy Free Zingy Orange Egg Chocolate Bar 165G', '£ 6.00', '£3.64/100g'), ('sains', 'https://www.sainsburys.co.uk/shop/gb/groceries/product/details/all-easter-/buttermilk-salted-caramel-crunch-chocolate-egg-soldier-165g', 'Buttermilk Salted Caramel Crunch Choccy Egg 165g', '£6.00', '£2.68 / 100g'), ('sains', 'https://www.sainsburys.co.uk/shop/gb/groceries/product/details/new-355373-44/buttermilk-salted-caramel-crunch-chocolate-egg-soldier-165g', 'Buttermilk Salted Caramel Crunch Choccy Egg 165g', '£6.00', '£2.68 / 100g'), ('sains', 'https://www.sainsburys.co.uk/shop/gb/groceries/product/details/easter-special-offers/buttermilk-salted-caramel-crunch-chocolate-egg-soldier-165g', 'Buttermilk Salted Caramel Crunch Choccy Egg 165g', '£6.00', '£2.68 / 100g'), ('sains', 'https://www.sainsburys.co.uk/shop/gb/groceries/product/details/small-and-medium/buttermilk-zingy-orange-crisp-chocolate-egg-soldier-165g', 'Buttermilk Zingy Orange Crisp Choccy Egg 165g', '£6.00', '£2.68 / 100g'), ('sains', 'https://www.sainsburys.co.uk/shop/gb/groceries/product/details/all-easter-/buttermilk-zingy-orange-crisp-chocolate-egg-soldier-165g', 'Buttermilk Zingy Orange Crisp Choccy Egg 165g', '£6.00', '£2.68 / 100g'), ('sains', 'https://www.sainsburys.co.uk/shop/gb/groceries/product/details/new-355373-44/buttermilk-zingy-orange-crisp-chocolate-egg-soldier-165g', 'Buttermilk Zingy Orange Crisp Choccy Egg 165g', '£6.00', '£2.68 / 100g'), ('sains', 'https://www.sainsburys.co.uk/shop/gb/groceries/product/details/easter-special-offers/buttermilk-zingy-orange-crisp-chocolate-egg-soldier-165g', 'Buttermilk Zingy Orange Crisp Choccy Egg 165g', '£6.00', '£2.68 / 100g'), ('asda', 'https://groceries.asda.com/product/910001286745', 'Cadbury 3 Dairy Milk Ice Creams', '£2.25', 'No weight data'), ('asda', 'https://groceries.asda.com/product/910001743471', 'Cadbury 4 Dairy Milk Buttons Ice Cream Cones', '£2.00', 'No weight data'), ('asda', 'https://groceries.asda.com/product/910000403473', 'Cadbury 4 Dairy Milk Caramel Ice Cream Cones', '£2.00', 'No weight data'), ('asda', 'https://groceries.asda.com/product/1000015061126', 'Cadbury 5 Milk Chocolate Cake Bars', '£0.80', '(16.0p/each)'), ('tesco', 'https://www.tesco.com/groceries/en-GB/products/306929712', 'Cadbury Bitsa Wispa Milk Chocolates 222G', '£ 2.00', '£0.90/100g'), ('asda', 'https://groceries.asda.com/product/1000113150656', 'Cadbury Chocolate Milkshake Jar', '£1.50', '(53.6p/100g)'), ('tesco', 'https://www.tesco.com/groceries/en-GB/products/305434469', 'Cadbury Chocolate Milkshake Powder Mix 280G', '£ 2.09', '£0.75/100g'), ('asda', 'https://groceries.asda.com/product/1000238377539', 'Cadbury Crunchie Rocks Milk Chocolate Bag', '£1.00', '(90.9p/100g)'), ('asda', 'https://groceries.asda.com/product/1000233167237', 'Cadbury Curly Wurly Milk Chocolate Bar', '£0.25', '(£1.14/100g)'), ('asda', 'https://groceries.asda.com/product/1000233167235', 'Cadbury Curly Wurly Milk Chocolate Bars 6 Pack', '£1.00', '(77.5p/100g)'), ('tesco', 'https://www.tesco.com/groceries/en-GB/products/302959129', 'Cadbury Dairy 15 Milk Cornflake Cluster Bites', '£ 1.80', '£0.12/each'), ('tesco', 'https://www.tesco.com/groceries/en-GB/products/301613460', 'Cadbury Dairy Milk 10 Pack 293G', '£ 2.00', '£0.68/100g'), ('tesco', 'https://www.tesco.com/groceries/en-GB/products/284117451', 'Cadbury Dairy Milk 110G', '£ 0.98', '£0.89/100g'), ('tesco', 'https://www.tesco.com/groceries/en-GB/products/307760959', 'Cadbury Dairy Milk 15 Brownie Bites', '£ 1.80', '£0.12/each'), ('tesco', 'https://www.tesco.com/groceries/en-GB/products/302959106', 'Cadbury Dairy Milk 16 Flapjack Bites', '£ 1.80', '£0.11/each'), ('tesco', 'https://www.tesco.com/groceries/en-GB/products/302291267', 'Cadbury Dairy Milk 30% Less Sugar 85G', '£ 1.50', '£1.77/100g'), ('asda', 'https://groceries.asda.com/product/1000158294551', 'Cadbury Dairy Milk 30% Less Sugar Chocolate Bar', '£0.55', '(£1.57/100g)'), ('asda', 'https://groceries.asda.com/product/1000038106537', 'Cadbury Dairy Milk 4 Caramel Cookies with Chocolate Chunks & Caramel Pieces', '£1.00', 'No weight data'), ('asda', 'https://groceries.asda.com/product/1000038106538', 'Cadbury Dairy Milk 4 Cookies with Chocolates Chunks', '£1.00', 'No weight data'), ('coop', 'https://www.coop.co.uk/products/cadbury-dairy-milk-4-pack', 'Cadbury Dairy Milk 4 Pack', '£1', '144g (69.4p per 100g)\n4 pack'), ('tesco', 'https://www.tesco.com/groceries/en-GB/products/275565630', 'Cadbury Dairy Milk 45G', '£ 0.60', '£1.34/100g'), ('coop', 'https://www.coop.co.uk/products/cadbury-dairy-milk-bar-110g', 'Cadbury Dairy Milk Bar 110g', '£1', '110g (90.9p per 100g)'), ('sains', 'https://www.sainsburys.co.uk/shop/gb/groceries/product/details/big-night-in/cadbury-dairy-milk-big-taste-oreo-crunch-300g', 'Cadbury Dairy Milk Big Taste Oreo Chocolate Bar 300g', '£3.00', '£1.00 / 100g'), ('tesco', 'https://www.tesco.com/groceries/en-GB/products/292215288', 'Cadbury Dairy Milk Boost Chocolate Barsx4 160G', '£ 1.00', '£0.62/100g'), ('tesco', 'https://www.tesco.com/groceries/en-GB/products/284775667', 'Cadbury Dairy Milk Buttons 6 Pack', '£ 1.00', '£1.20/100g'), ('tesco', 'https://www.tesco.com/groceries/en-GB/products/272478801', 'Cadbury Dairy Milk Buttons Bag 40G', '£ 0.60', '£1.50/100g'), ('sains', 'https://www.sainsburys.co.uk/shop/gb/groceries/product/details/indulgent-yogurts-desserts/cadbury-twin-pot-buttons-90g', 'Cadbury Dairy Milk Buttons Chocolate Dessert 85g', '47p', '52p / 100g'), ('sains', 'https://www.sainsburys.co.uk/shop/gb/groceries/product/details/yogurts-special-offers-/cadbury-twin-pot-buttons-90g', 'Cadbury Dairy Milk Buttons Chocolate Dessert 85g', '47p', '52p / 100g'), ('sains', 'https://www.sainsburys.co.uk/shop/gb/groceries/product/details/single-pots-and-corner-yogurt/cadbury-twin-pot-buttons-90g', 'Cadbury Dairy Milk Buttons Chocolate Dessert 85g', '47p', '52p / 100g'), ('sains', 'https://www.sainsburys.co.uk/shop/gb/groceries/product/details/small-and-medium/cadbury-dairy-milk-buttons-medium-easter-egg-128g', 'Cadbury Dairy Milk Buttons Easter Egg & Chocolate Bag 74g', '£1.00', '£1.35 / 100g'), ('tesco', 'https://www.tesco.com/groceries/en-GB/products/282692727', 'Cadbury Dairy Milk Buttons Ice Cream Cones 4 X 100Ml', '£ 1.90', '£0.48/100ml'), ('tesco', 'https://www.tesco.com/groceries/en-GB/products/264315195', 'Cadbury Dairy Milk Buttons Medium Easter Egg 128G', '£ 1.00', '£0.78/100g'), ('tesco', 'https://www.tesco.com/groceries/en-GB/products/285692803', 'Cadbury Dairy Milk Buttons Treat Size Buttons 170G', '£ 2.79', '£1.65/100g'), ('asda', 'https://groceries.asda.com/product/1000141932513', 'Cadbury Dairy Milk Cake Slices', '£2.00', '(33.3p/each)'), ('tesco', 'https://www.tesco.com/groceries/en-GB/products/302959089', 'Cadbury Dairy Milk Caramel 16 Flapjack Bites', '£ 1.80', '£0.11/each'), ('tesco', 'https://www.tesco.com/groceries/en-GB/products/302959066', 'Cadbury Dairy Milk Caramel 16 Mini Cookies', '£ 1.80', '£0.11/each'), ('tesco', 'https://www.tesco.com/groceries/en-GB/products/275565895', 'Cadbury Dairy Milk Caramel 45 G', '£ 0.60', '£1.34/100g'), ('asda', 'https://groceries.asda.com/product/910000813019', 'Cadbury Dairy Milk Caramel Bar', '£0.60', '(£1.33/100g)'), ('asda', 'https://groceries.asda.com/product/1000141932442', 'Cadbury Dairy Milk Caramel Cake Slices', '£2.25', '(37.5p/each)'), ('asda', 'https://groceries.asda.com/product/910000878123', 'Cadbury Dairy Milk Caramel Chocolate Bar', '£1.00', '(83.3p/100g)'), ('asda', 'https://groceries.asda.com/product/910000813200', 'Cadbury Dairy Milk Caramel Chocolate Bar', '£1.79', '(89.5p/100g)'), ('tesco', 'https://www.tesco.com/groceries/en-GB/products/275523317', 'Cadbury Dairy Milk Caramel Chocolate Bar 120G', '£ 0.98', '£0.82/100g'), ('tesco', 'https://www.tesco.com/groceries/en-GB/products/292215265', 'Cadbury Dairy Milk Caramel Chocolate Barsx4 148G', '£ 1.00', '£0.68/100g'), ('asda', 'https://groceries.asda.com/product/1000236571497', 'Cadbury Dairy Milk Caramel Chocolate Pouch', '£3.00', 'No weight data'), ('asda', 'https://groceries.asda.com/product/1000189263220', 'Cadbury Dairy Milk Caramel Core', '£2.50', 'No weight data'), ('tesco', 'https://www.tesco.com/groceries/en-GB/products/307343245', 'Cadbury Dairy Milk Caramel Easter Egg 286G', '£ 5.00', '£1.75/100g'), ('sains', 'https://www.sainsburys.co.uk/shop/gb/groceries/product/details/all-easter-eggs-and-chocolate-/cadbury-dairy-milk-caramel-gift-boxed-easter-egg-331g-check-your-local-store-for-available-range-', 'Cadbury Dairy Milk Caramel Gift Boxed Egg 286g', '£6.00', '£2.10 / 100g'), ('tesco', 'https://www.tesco.com/groceries/en-GB/products/307145128', 'Cadbury Dairy Milk Caramel Nibbles Big Share Bag 242G', '£ 2.00', '£0.83/100g'), ('asda', 'https://groceries.asda.com/product/910001452094', 'Cadbury Dairy Milk Caramel Nibbles Chocolate Share Bag', '£1.00', '(83.3p/100g)'), ('tesco', 'https://www.tesco.com/groceries/en-GB/products/303730231', 'Cadbury Dairy Milk Caramel Slice 6 Pack', '£ 1.90', '£0.32/each'), ('asda', 'https://groceries.asda.com/product/910002819623', 'Cadbury Dairy Milk Chocolate Advent Calendar', '£1.50', '(£1.67/100g)'), ('asda', 'https://groceries.asda.com/product/1000003092998', 'Cadbury Dairy Milk Chocolate Advent Calendar', '£3.00', '(£1.50/100g)'), ('asda', 'https://groceries.asda.com/product/910000813175', 'Cadbury Dairy Milk Chocolate Bar', '£0.55', '(£1.22/100g)'), ('asda', 'https://groceries.asda.com/product/910001817488', 'Cadbury Dairy Milk Chocolate Bar', '£3.00', '(83.3p/100g)'), ('asda', 'https://groceries.asda.com/product/910001438778', 'Cadbury Dairy Milk Chocolate Bar', '£1.00', '(90.9p/100g)'), ('sains', 'https://www.sainsburys.co.uk/shop/gb/groceries/product/details/big-night-in/cadbury-dairy-milk-200g', 'Cadbury Dairy Milk Chocolate Bar 200g', '£1.50', '75p / 100g'), ('tesco', 'https://www.tesco.com/groceries/en-GB/products/273968548', 'Cadbury Dairy Milk Chocolate Bar 200G', '£ 1.80', '£0.90/100g'), ('sains', 'https://www.sainsburys.co.uk/shop/gb/groceries/product/details/sweet-treats-44/cadbury-dairy-milk-chocolate-bar-360g', 'Cadbury Dairy Milk Chocolate Bar 360g', '£2.50', '69p / 100g'), ('sains', 'https://www.sainsburys.co.uk/shop/gb/groceries/product/details/watch-the-sport/cadbury-dairy-milk-chocolate-bar-360g', 'Cadbury Dairy Milk Chocolate Bar 360g', '£3.00', '83p / 100g'), ('tesco', 'https://www.tesco.com/groceries/en-GB/products/275027686', 'Cadbury Dairy Milk Chocolate Bar 360G', '£ 3.00', '£0.83/100g'), ('coop', 'https://www.coop.co.uk/products/cadbury-dairy-milk-chocolate-bar-360g', 'Cadbury Dairy Milk Chocolate Bar 360g', '£3\nwas\n£4', '360g (83.3p per 100g)'), ('sains', 'https://www.sainsburys.co.uk/shop/gb/groceries/product/details/chocolate-and-sweets-/cadbury-dairy-milk-chocolate-bar-360g', 'Cadbury Dairy Milk Chocolate Bar 360g', '£3.00', '83p / 100g'), ('sains', 'https://www.sainsburys.co.uk/shop/gb/groceries/product/details/all-gifting/cadbury-dairy-milk-chocolate-bar-360g', 'Cadbury Dairy Milk Chocolate Bar 360g', '£2.50', '69p / 100g'), ('asda', 'https://groceries.asda.com/product/910001438257', 'Cadbury Dairy Milk Chocolate Bar 4 Pack', '£0.97', '(67.4p/100g)'), ('tesco', 'https://www.tesco.com/groceries/en-GB/products/304799113', 'Cadbury Dairy Milk Chocolate Buttons Dessert 85G', '£ 0.75', '£0.88/100g'), ('sains', 'https://www.sainsburys.co.uk/shop/gb/groceries/product/details/easter-special-offers/cadburys-dairy-milk-chunk-egg-71g', 'Cadbury Dairy Milk Chocolate Chunk & Easter Egg 71g', '£1.00', '£1.41 / 100g'), ('sains', 'https://www.sainsburys.co.uk/shop/gb/groceries/product/details/all-easter-/cadburys-dairy-milk-chunk-egg-71g', 'Cadbury Dairy Milk Chocolate Chunk & Easter Egg 71g', '£1.00', '£1.41 / 100g'), ('asda', 'https://groceries.asda.com/product/1000236571317', 'Cadbury Dairy Milk Chocolate Chunk Giftbox Stack', '£3.00', '(£1.20/100g)'), ('asda', 'https://groceries.asda.com/product/1000236571459', 'Cadbury Dairy Milk Chocolate Chunk Giftbox Stack', '£1.00', '(£1.04/100g)'), ('asda', 'https://groceries.asda.com/product/1000236571372', 'Cadbury Dairy Milk Chocolate Chunks Advent Calendar', '£4.00', '(£1.55/100g)'), ('asda', 'https://groceries.asda.com/product/1000216498425', 'Cadbury Dairy Milk Chocolate Chunks Tin', '£8.00', '(£1.11/100g)'), ('tesco', 'https://www.tesco.com/groceries/en-GB/products/304786474', 'Cadbury Dairy Milk Chocolate Daim Dessert 85G', '£ 0.75', '£0.88/100g'), ('tesco', 'https://www.tesco.com/groceries/en-GB/products/295065955', 'Cadbury Dairy Milk Chocolate Easter Hollow Bunny 100G', '£ 2.00', '£2.00/100g'), ('tesco', 'https://www.tesco.com/groceries/en-GB/products/295065932', 'Cadbury Dairy Milk Chocolate Easter Hollow Bunny 50G', '£ 1.00', '£2.00/100g'), ('tesco', 'https://www.tesco.com/groceries/en-GB/products/282073821', 'Cadbury Dairy Milk Chocolate Easter Hoppy Bunny Bar 100G', '£ 1.00', '£1.00/100g'), ('asda', 'https://groceries.asda.com/product/910000813099', 'Cadbury Dairy Milk Chocolate Sharing Bar', '£1.79', '(89.5p/100g)'), ('tesco', 'https://www.tesco.com/groceries/en-GB/products/303730219', 'Cadbury Dairy Milk Chocolate Slice 6 Pack', '£ 1.90', '£0.32/each'), ('asda', 'https://groceries.asda.com/product/1000160202778', 'Cadbury Dairy Milk Chunks Chocolate Dessert', '£0.75', '(88.2p/100g)'), ('tesco', 'https://www.tesco.com/groceries/en-GB/products/304797426', 'Cadbury Dairy Milk Chunks Milk Chocolate Dessert 85G', '£ 0.75', '£0.88/100g'), ('asda', 'https://groceries.asda.com/product/1000236571488', 'Cadbury Dairy Milk Classic Collection Selection Box', '£4.00', '(93.0p/100g)'), ('asda', 'https://groceries.asda.com/product/1000236571482', 'Cadbury Dairy Milk Classics Mixed Chocolate Chunks Pouch Bag', '£3.00', '(85.7p/100g)'), ('asda', 'https://groceries.asda.com/product/1000088561791', 'Cadbury Dairy Milk Cornflake Cluster Bites', '£1.80', '(12.0p/each)'), ('sains', 'https://www.sainsburys.co.uk/shop/gb/groceries/product/details/small-and-medium/cadbury-creme-egg-medium-easter-egg-138g', 'Cadbury Dairy Milk Creme Egg Medium Easter Egg 138g', '£1.25', '91p / 100g'), ('sains', 'https://www.sainsburys.co.uk/shop/gb/groceries/product/details/easter-giant/cadbury-dairy-milk-creme-egg-with-large-easter-egg-460g', 'Cadbury Dairy Milk Creme Egg with Large Easter Egg 497g', '£10.00', '£2.17 / 100g'), ('sains', 'https://www.sainsburys.co.uk/shop/gb/groceries/product/details/all-easter-eggs-and-chocolate-/cadbury-dairy-milk-creme-egg-with-large-easter-egg-460g', 'Cadbury Dairy Milk Creme Egg with Large Easter Egg 497g', '£10.00', '£2.17 / 100g'), ('tesco', 'https://www.tesco.com/groceries/en-GB/products/273626838', 'Cadbury Dairy Milk Crunchie Bit Chocolate Bar 200G', '£ 1.80', '£0.90/100g'), ('asda', 'https://groceries.asda.com/product/1000216902774', 'Cadbury Dairy Milk Daim Chocolate Dessert', '£0.75', '(88.2p/100g)'), ('asda', 'https://groceries.asda.com/product/1000236571375', 'Cadbury Dairy Milk Daim Little Chocolate Robins Bag', '£1.00', '(£1.14/100g)'), ('tesco', 'https://www.tesco.com/groceries/en-GB/products/307362631', 'Cadbury Dairy Milk Daim Mini Eggs 77G', '£ 1.00', '£1.30/100g'), ('tesco', 'https://www.tesco.com/groceries/en-GB/products/291159338', 'Cadbury Dairy Milk Duo 65G (P)', '£ 0.80', '£12.31/kg'), ('tesco', 'https://www.tesco.com/groceries/en-GB/products/307352833', 'Cadbury Dairy Milk Easter Egg 286G', '£ 5.00', '£1.75/100g'), ('tesco', 'https://www.tesco.com/groceries/en-GB/products/307353262', 'Cadbury Dairy Milk Easter Egg Marvellous Creations 246G', '£ 3.00', '£1.22/100g'), ('tesco', 'https://www.tesco.com/groceries/en-GB/products/307339019', 'Cadbury Dairy Milk Egg & Spoon Oreo 128G', '£ 2.00', '£1.57/100g'), ('sains', 'https://www.sainsburys.co.uk/shop/gb/groceries/product/details/all-easter-/cadbury-dairy-milk-egg-n-spoon-chocolate-mousse-eggs-x4-136g', "Cadbury Dairy Milk Egg 'n' Spoon Chocolate 136g", '£2.00', '£1.47 / 100g'), ('sains', 'https://www.sainsburys.co.uk/shop/gb/groceries/product/details/miniandtreat-size/cadbury-dairy-milk-egg-n-spoon-with-oreo-136g', "Cadbury Dairy Milk Egg 'n' Spoon with Oreo 128g", '£2.00', '£1.56 / 100g'), ('tesco', 'https://www.tesco.com/groceries/en-GB/products/263070686', 'Cadbury Dairy Milk Egg Heads Easter Egg 77G', '£ 1.00', '£1.30/100g'), ('tesco', 'https://www.tesco.com/groceries/en-GB/products/265923654', 'Cadbury Dairy Milk Extra Large Easter Egg 515G', '£ 10.00', '£1.95/100g'), ('tesco', 'https://www.tesco.com/groceries/en-GB/products/307337996', 'Cadbury Dairy Milk Fingers Biscuits 189G', '£ 2.00', '£1.06/100g'), ('tesco', 'https://www.tesco.com/groceries/en-GB/products/292215311', 'Cadbury Dairy Milk Flake Chocolate Bars X9 180G', '£ 2.00', '£1.12/100g'), ('asda', 'https://groceries.asda.com/product/1000086367359', 'Cadbury Dairy Milk Flapjack Bites', '£2.00', '(12.5p/each)'), ('asda', 'https://groceries.asda.com/product/1000236571439', 'Cadbury Dairy Milk Freddo & Friends Chocolate Pouch', '£3.00', 'No weight data'), ('asda', 'https://groceries.asda.com/product/1000177860949', 'Cadbury Dairy Milk Freddo & Friends Chocolate Tub', '£4.00', 'No weight data'), ('tesco', 'https://www.tesco.com/groceries/en-GB/products/271614896', 'Cadbury Dairy Milk Freddo 6 Bars 108G', '£ 1.00', '£0.93/100g'), ('asda', 'https://groceries.asda.com/product/1000001956353', 'Cadbury Dairy Milk Freddo Caramel Chocolate Bar', '£0.25', '(£1.28/100g)'), ('asda', 'https://groceries.asda.com/product/910003106423', 'Cadbury Dairy Milk Freddo Chocolate Bar', '£0.25', '(£1.39/100g)'), ('asda', 'https://groceries.asda.com/product/910000420010', 'Cadbury Dairy Milk Freddo Chocolate Bar 6 Pack', '£1.00', '(92.6p/100g)'), ('asda', 'https://groceries.asda.com/product/1000236571342', 'Cadbury Dairy Milk Freddo Chocolate Selection Box', '£1.50', '(£1.11/100g)'), ('asda', 'https://groceries.asda.com/product/910003082572', 'Cadbury Dairy Milk Freddo Faces Chocolate Share Bag', '£1.00', 'No weight data'), ('asda', 'https://groceries.asda.com/product/910001484465', 'Cadbury Dairy Milk Freddo Faces Chocolate Tube', '£1.00', '(£1.39/100g)'), ('tesco', 'https://www.tesco.com/groceries/en-GB/products/291244675', 'Cadbury Dairy Milk Freddo Faces Medium Easter Egg 122G', '£ 1.00', '£0.82/100g'), ('asda', 'https://groceries.asda.com/product/1000236571352', 'Cadbury Dairy Milk Freddo Little Treasures Chocolate Tin', '£3.00', '(£3.61/100g)'), ('asda', 'https://groceries.asda.com/product/1000189263233', 'Cadbury Dairy Milk Freddo Sandwich 6 Pack', '£2.25', 'No weight data'), ('asda', 'https://groceries.asda.com/product/1000107814032', 'Cadbury Dairy Milk Freddo Treasures Chocolate with Toy', '£0.65', '(£4.51/100g)'), ('asda', 'https://groceries.asda.com/product/1000236571360', 'Cadbury Dairy Milk Freddo White Treasures Chocolate Carton', '£0.75', '(90.4p/100g)'), ('asda', 'https://groceries.asda.com/product/910000813097', 'Cadbury Dairy Milk Fruit & Nut Chocolate Bar', '£1.79', '(89.5p/100g)'), ('tesco', 'https://www.tesco.com/groceries/en-GB/products/293597030', 'Cadbury Dairy Milk Fruit & Nut Chocolate Bar 110G', '£ 0.98', '£0.89/100g'), ('sains', 'https://www.sainsburys.co.uk/shop/gb/groceries/product/details/easter-special-offers/cadbury-dairy-milk-fruit---nut-200g', 'Cadbury Dairy Milk Fruit & Nut Chocolate Bar 200g', '£1.50', '75p / 100g'), ('tesco', 'https://www.tesco.com/groceries/en-GB/products/307136116', 'Cadbury Dairy Milk Fruit & Nut Easter Egg 302G', '£ 5.00', '£1.66/100g'), ('asda', 'https://groceries.asda.com/product/910002627704', 'Cadbury Dairy Milk Fruit and Nut Chocolate Bar', '£1.00', '(90.9p/100g)'), ('sains', 'https://www.sainsburys.co.uk/shop/gb/groceries/product/details/new-355373-44/cadbury-dairy-milk-fruit-and-nut-chocolate-egg-302g', 'Cadbury Dairy Milk Fruit and Nut Chocolate Egg 302g', '£6.00', '£1.99 / 100g'), ('sains', 'https://www.sainsburys.co.uk/shop/gb/groceries/product/details/easter-special-offers/cadbury-dairy-milk-fruit-and-nut-chocolate-egg-302g', 'Cadbury Dairy Milk Fruit and Nut Chocolate Egg 302g', '£6.00', '£1.99 / 100g'), ('sains', 'https://www.sainsburys.co.uk/shop/gb/groceries/product/details/all-easter-/cadbury-dairy-milk-fruit-and-nut-chocolate-egg-302g', 'Cadbury Dairy Milk Fruit and Nut Chocolate Egg 302g', '£6.00', '£1.99 / 100g'), ('sains', 'https://www.sainsburys.co.uk/shop/gb/groceries/product/details/easter-giant/cadbury-dairy-milk-fruit-and-nut-ultimate-chocolate-egg-532g', 'Cadbury Dairy Milk Fruit and Nut Ultimate Chocolate Egg 532g', '£12.00', '£2.26 / 100g'), ('sains', 'https://www.sainsburys.co.uk/shop/gb/groceries/product/details/all-easter-eggs-and-chocolate-/cadbury-dairy-milk-fruit-and-nut-ultimate-chocolate-egg-532g', 'Cadbury Dairy Milk Fruit and Nut Ultimate Chocolate Egg 532g', '£12.00', '£2.26 / 100g'), ('coop', 'https://www.coop.co.uk/products/cadbury-dairy-milk-giant-buttons-119g', 'Cadbury Dairy Milk Giant Buttons 119g', '£1', '119g (84.0p per 100g)'), ('tesco', 'https://www.tesco.com/groceries/en-GB/products/285383766', 'Cadbury Dairy Milk Giant Buttons 119G', '£ 1.00', '£0.84/100g'), ('sains', 'https://www.sainsburys.co.uk/shop/gb/groceries/product/details/watch-the-sport/cadbury-dairy-milk-giant-buttons-chocolate-bag-252g', 'Cadbury Dairy Milk Giant Buttons Chocolate Big Share Bag 240g', '£2.00', '83p / 100g'), ('asda', 'https://groceries.asda.com/product/910001452441', 'Cadbury Dairy Milk Giant Buttons Chocolate Share Bag', '£0.98', '(82.3p/100g)'), ('sains', 'https://www.sainsburys.co.uk/shop/gb/groceries/product/details/easter-giant/cadbury-dairy-milk-giant-buttons-easter-egg-419g', 'Cadbury Dairy Milk Giant Buttons Easter Egg 419g', '£10.00', '£2.39 / 100g'), ('sains', 'https://www.sainsburys.co.uk/shop/gb/groceries/product/details/new-355373-44/cadbury-dairy-milk-giant-buttons-easter-egg-419g', 'Cadbury Dairy Milk Giant Buttons Easter Egg 419g', '£10.00', '£2.39 / 100g'), ('sains', 'https://www.sainsburys.co.uk/shop/gb/groceries/product/details/easter-special-offers/cadbury-dairy-milk-giant-buttons-easter-egg-419g', 'Cadbury Dairy Milk Giant Buttons Easter Egg 419g', '£10.00', '£2.39 / 100g'), ('sains', 'https://www.sainsburys.co.uk/shop/gb/groceries/product/details/top-rated-44/cadbury-dairy-milk-giant-buttons-119g', 'Cadbury Dairy Milk Giant Chocolate Buttons Bag 119g', '£1.50', '£1.26 / 100g'), ('sains', 'https://www.sainsburys.co.uk/shop/gb/groceries/product/details/big-night-in/cadbury-dairy-milk-giant-buttons-119g', 'Cadbury Dairy Milk Giant Chocolate Buttons Bag 119g', '£1.50', '£1.26 / 100g'), ('sains', 'https://www.sainsburys.co.uk/shop/gb/groceries/product/details/all-easter-eggs-and-chocolate-/cadbury-dairy-milk-giant-easter-egg-515g', 'Cadbury Dairy Milk Giant Easter Egg 515g', '£10.00', '£1.94 / 100g'), ('sains', 'https://www.sainsburys.co.uk/shop/gb/groceries/product/details/easter-giant/cadbury-dairy-milk-giant-easter-egg-515g', 'Cadbury Dairy Milk Giant Easter Egg 515g', '£10.00', '£1.94 / 100g'), ('asda', 'https://groceries.asda.com/product/1000169694811', 'Cadbury Dairy Milk Gingerbread Chocolate Bar', '£1.00', '(83.3p/100g)'), ('asda', 'https://groceries.asda.com/product/910002053038', 'Cadbury Dairy Milk Golden Crisp', '£1.00', '(£1.85/100g)'), ('asda', 'https://groceries.asda.com/product/1000236571380', 'Cadbury Dairy Milk Jingly Bells Hazelnut Creme Chocolate Bag', '£1.00', '(£1.22/100g)'), ('asda', 'https://groceries.asda.com/product/910002112474', 'Cadbury Dairy Milk Little Bars Chocolate 6 Pack', '£1.00', '(92.6p/100g)'), ('asda', 'https://groceries.asda.com/product/910002112470', 'Cadbury Dairy Milk Little Chocolate Bar', '£0.25', '(£1.39/100g)'), ('asda', 'https://groceries.asda.com/product/1000236571491', 'Cadbury Dairy Milk Little Chocolate Robins Bag', '£1.00', '(£1.14/100g)'), ('tesco', 'https://www.tesco.com/groceries/en-GB/products/277746822', 'Cadbury Dairy Milk Marvellous Creations Jelly Candy Bar 47G', '£ 0.60', '£1.28/100g'), ('asda', 'https://groceries.asda.com/product/910002112245', 'Cadbury Dairy Milk Marvellous Smashables Jelly Popping Chocolate Bar', '£1.79', '(99.4p/100g)'), ('asda', 'https://groceries.asda.com/product/1000086367403', 'Cadbury Dairy Milk Mini Cookies', '£2.00', '(12.5p/each)'), ('tesco', 'https://www.tesco.com/groceries/en-GB/products/307145693', 'Cadbury Dairy Milk Mini Eggs Eggs 77G', '£ 1.00', '£1.30/100g'), ('asda', 'https://groceries.asda.com/product/910002053589', 'Cadbury Dairy Milk Mint Crisp', '£1.00', '(£1.85/100g)'), ('sains', 'https://www.sainsburys.co.uk/shop/gb/groceries/product/details/new-trending-special-offers/cadbury-dairy-milk-x9-293g', 'Cadbury Dairy Milk Multipack 10x292.5g', '£2.50', '99p / 100g'), ('tesco', 'https://www.tesco.com/groceries/en-GB/products/306939406', 'Cadbury Dairy Milk Orange Giant Buttons 110G', '£ 1.00', '£0.91/100g'), ('tesco', 'https://www.tesco.com/groceries/en-GB/products/307339406', 'Cadbury Dairy Milk Orange Giant Buttons Easter Egg 410G', '£ 10.00', '£2.44/100g'), ('tesco', 'https://www.tesco.com/groceries/en-GB/products/307341587', 'Cadbury Dairy Milk Oreo Easter Egg 233G', '£ 3.00', '£1.29/100g'), ('tesco', 'https://www.tesco.com/groceries/en-GB/products/307736656', 'Cadbury Dairy Milk Oreo Mini Eggs 72G', '£ 1.00', '£1.39/100g'), ('tesco', 'https://www.tesco.com/groceries/en-GB/products/307356760', 'Cadbury Dairy Milk Peter Rabbit Easter Egg 100G', '£ 10.00', '£10.00/100g'), ('tesco', 'https://www.tesco.com/groceries/en-GB/products/307342102', 'Cadbury Dairy Milk Peter Rabbit Egg 72G', '£ 6.00', '£8.34/100g'), ('tesco', 'https://www.tesco.com/groceries/en-GB/products/304787299', 'Cadbury Dairy Milk Pot Of Joy Caramel Dessert 4Pack 260G', '£ 2.00', '£0.77/100g'), ('tesco', 'https://www.tesco.com/groceries/en-GB/products/304787686', 'Cadbury Dairy Milk Pots Of Joy Chocolate Dessert 4Pack 260G', '£ 2.00', '£0.77/100g'), ('asda', 'https://groceries.asda.com/product/1000236571485', 'Cadbury Dairy Milk Small Chocolate Selection Pack', '£0.89', '(£1.00/100g)'), ('sains', 'https://www.sainsburys.co.uk/shop/gb/groceries/product/details/all-easter-eggs-and-chocolate-/cadbury-dairy-milk-small-hollow-chocolate-bunny-50g', 'Cadbury Dairy Milk Small Hollow Bunny 50g', '£1.00', '£2.00 / 100g'), ('tesco', 'https://www.tesco.com/groceries/en-GB/products/293795422', 'Cadbury Dairy Milk Stick 4X100ml', '£ 2.75', '£0.69/100ml'), ('asda', 'https://groceries.asda.com/product/910002053147', 'Cadbury Dairy Milk Tiffin', '£1.00', '(£1.89/100g)'), ('coop', 'https://www.coop.co.uk/products/cadbury-dairy-milk-tub-480ml', 'Cadbury Dairy Milk Tub 480ml', '£2.75', '480ml (57.3p per 100g)'), ('tesco', 'https://www.tesco.com/groceries/en-GB/products/292215294', 'Cadbury Dairy Milk Twirl Chocolate Bars X11 236.5G', '£ 2.00', '£0.85/100g'), ('tesco', 'https://www.tesco.com/groceries/en-GB/products/307361528', 'Cadbury Dairy Milk Ultimate Chopped Nut Easter Egg 518G', '£ 12.00', '£2.32/100g'), ('asda', 'https://groceries.asda.com/product/910000813043', 'Cadbury Dairy Milk Whole Nut Chocolate Bar', '£1.79', '(89.5p/100g)'), ('asda', 'https://groceries.asda.com/product/910000813156', 'Cadbury Dairy Milk Whole Nut Chocolate Bar', '£1.00', '(83.3p/100g)'), ('tesco', 'https://www.tesco.com/groceries/en-GB/products/275523231', 'Cadbury Dairy Milk Whole Nut Chocolate Bar 120G', '£ 0.98', '£0.82/100g'), ('asda', 'https://groceries.asda.com/product/910001148445', 'Cadbury Dairy Milk Winter Wonderland Chocolate Bar', '£1.00', '(£1.00/100g)'), ('tesco', 'https://www.tesco.com/groceries/en-GB/products/292286433', 'Cadbury Dairy Milk Wispa Bar 36G', '£ 0.60', '£1.67/100g'), ('asda', 'https://groceries.asda.com/product/1000137976642', 'Cadbury Dairy Milk with Caramel Muffins', '£1.00', 'No weight data'), ('asda', 'https://groceries.asda.com/product/910001139724', 'Cadbury Dairy Milk with Daim Chocolate Bar', '£1.00', '(83.3p/100g)'), ('asda', 'https://groceries.asda.com/product/910002489803', 'Cadbury Dairy Milk with Oreo Chocolate Bar', '£0.60', '(£1.46/100g)'), ('sains', 'https://www.sainsburys.co.uk/shop/gb/groceries/product/details/all-easter-eggs-and-chocolate-/cadbury-dairy-milk-with-oreo-minis-bag-82g', 'Cadbury Dairy Milk with Oreo Minis Bag 82g', '£1.00', '£1.39 / 100g'), ('asda', 'https://groceries.asda.com/product/1000198622413', 'Cadbury Dairy Milk with Oreo White Chocolate Bar', '£1.00', 'No weight data'), ('tesco', 'https://www.tesco.com/groceries/en-GB/products/301065629', 'Cadbury Dark Milk 85G', '£ 1.50', '£1.77/100g'), ('asda', 'https://groceries.asda.com/product/1000107814073', 'Cadbury Dark Milk Almond Chocolate Bar', '£1.00', '(£1.18/100g)'), ('coop', 'https://www.coop.co.uk/products/cadbury-dark-milk-buttons-105g', 'Cadbury Dark Milk Buttons 105g', '£1', '105g (95.2p per 100g)'), ('tesco', 'https://www.tesco.com/groceries/en-GB/products/303836642', 'Cadbury Dark Milk Chocolate 35G', '£ 0.60', '£1.72/100g'), ('asda', 'https://groceries.asda.com/product/1000107814029', 'Cadbury Dark Milk Chocolate Bar', '£1.00', '(£1.18/100g)'), ('tesco', 'https://www.tesco.com/groceries/en-GB/products/307142379', 'Cadbury Dark Milk Multipack 4Pack 112G', '£ 1.00', '£0.89/100g'), ('tesco', 'https://www.tesco.com/groceries/en-GB/products/303670831', 'Cadbury Dark Milk Salted Caramel 85G', '£ 1.50', '£1.77/100g'), ('asda', 'https://groceries.asda.com/product/1000107814079', 'Cadbury Dark Milk Salted Caramel Chocolate Bar', '£1.00', '(£1.18/100g)'), ('asda', 'https://groceries.asda.com/product/1000107814008', 'Cadbury Darkmilk Chocolate Bar', '£0.55', '(£1.57/100g)'), ('sains', 'https://www.sainsburys.co.uk/shop/gb/groceries/product/details/easter-special-offers/cadburys-dark-milk-egg-265g', 'Cadbury Darkmilk Chocolate Bar with Large Darkmilk Easter Egg 265g', '60p', '23p / 100g'), ('asda', 'https://groceries.asda.com/product/1000247072373', 'Cadbury Darkmilk Chocolate Bars 4 Pack', '£1.00', '(89.3p/100g)'), ('tesco', 'https://www.tesco.com/groceries/en-GB/products/308101790', 'Cadbury Darkmilk Chocolate Layered Dessert 2Pack 180G', '£ 1.30', '£0.72/100g'), ('asda', 'https://groceries.asda.com/product/1000196324556', 'Cadbury Darkmilk Crunchy Cocoa Pieces Chocolate Bar', '£1.00', '(£1.18/100g)'), ('tesco', 'https://www.tesco.com/groceries/en-GB/products/305977517', 'Cadbury Darkmilk Giant Buttons 105G', '£ 1.00', '£0.95/100g'), ('asda', 'https://groceries.asda.com/product/1000197281169', 'Cadbury Darkmilk Giant Buttons Chocolate Bag', '£1.00', '(95.2p/100g)'), ('tesco', 'https://www.tesco.com/groceries/en-GB/products/271650783', 'Cadbury Fair Trade Dairy Milk Little Bar 21G', '£ 0.26', '£1.24/100g'), ('tesco', 'https://www.tesco.com/groceries/en-GB/products/284384444', 'Cadbury Fingers Milk Chocolate 114G', '£ 1.50', '£1.32/100g'), ('tesco', 'https://www.tesco.com/groceries/en-GB/products/304797271', 'Cadbury Flake Milk Chocolate Dessert 85G', '£ 0.75', '£0.88/100g'), ('asda', 'https://groceries.asda.com/product/1000246258482', 'Cadbury Fudge Milk Chocolate Bar', '£0.25', '(£1.14/100g)'), ('asda', 'https://groceries.asda.com/product/1000018796226', 'Cadbury Highlights Milk Hot Chocolate', '£3.99', '(£1.81/100g)'), ('tesco', 'https://www.tesco.com/groceries/en-GB/products/273566384', 'Cadbury Highlights Milk Stickpack11g', '£ 0.32', '£2.91/100g'), ('asda', 'https://groceries.asda.com/product/1000094101717', 'Cadbury Milk Chocolate and Oreo Tree Decorations 14 Pack', '£2.50', '(£1.84/100g)'), ('tesco', 'https://www.tesco.com/groceries/en-GB/products/307147005', 'Cadbury Milk Chocolate Giant Buttons Share Bag 240G', '£ 2.00', '£0.83/100g'), ('tesco', 'https://www.tesco.com/groceries/en-GB/products/306927207', 'Cadbury Milk Chocolate Orange Fingers 114G', '£ 1.55', '£1.36/100g'), ('tesco', 'https://www.tesco.com/groceries/en-GB/products/286581530', 'Cadbury Milk Chocolate Puddings 2X95g', '£ 1.50', '£7.90/kg'), ('asda', 'https://groceries.asda.com/product/910002235262', 'Cadbury Milk Chocolate Spread', '£3.00', '(42.9p/100g)'), ('asda', 'https://groceries.asda.com/product/910001507912', 'Cadbury Milk Chocolate Sticky Puds', '£1.67', '(83.5p/each)'), ('asda', 'https://groceries.asda.com/product/910000464913', 'Cadbury Milk Chocolate Tree Decorations 9 Pack', '£1.50', '(£1.79/100g)'), ('coop', 'https://www.coop.co.uk/products/cadbury-milk-tray-530g', 'Cadbury Milk Tray 530g', '£12', '£1.12 per 100g\n530g'), ('tesco', 'https://www.tesco.com/groceries/en-GB/products/290504888', 'Cadbury Milk Tray Boxed Chocolates 360G', '£ 4.00', '£1.12/100g'), ('asda', 'https://groceries.asda.com/product/910002052812', 'Cadbury Milk Tray Chocolate Box', '£3.00', '(83.3p/100g)'), ('asda', 'https://groceries.asda.com/product/910002052877', 'Cadbury Milk Tray Chocolate Box', '£1.00', '(£1.28/100g)'), ('sains', 'https://www.sainsburys.co.uk/shop/gb/groceries/product/details/boxedchocolates/cadbury-chocolate-milk-tray-360g', 'Cadbury Milk Tray Chocolate Box 360g', '£6.00', '£1.67 / 100g'), ('sains', 'https://www.sainsburys.co.uk/shop/gb/groceries/product/details/chocolate-and-sweets-/cadbury-chocolate-milk-tray-360g', 'Cadbury Milk Tray Chocolate Box 360g', '£6.00', '£1.67 / 100g'), ('sains', 'https://www.sainsburys.co.uk/shop/gb/groceries/product/details/easter-special-offers/cadbury-chocolate-milk-tray-360g', 'Cadbury Milk Tray Chocolate Box 360g', '£6.00', '£1.67 / 100g'), ('sains', 'https://www.sainsburys.co.uk/shop/gb/groceries/product/details/special-offers-/cadbury-chocolate-milk-tray-360g', 'Cadbury Milk Tray Chocolate Box 360g', '£6.00', '£1.67 / 100g'), ('sains', 'https://www.sainsburys.co.uk/shop/gb/groceries/product/details/boxedchocolates/cadbury-milk-tray-chocolate-box-530g', 'Cadbury Milk Tray Chocolate Box 530g', '£6.00', '£1.13 / 100g'), ('tesco', 'https://www.tesco.com/groceries/en-GB/products/295848830', 'Cadbury Mini Rolls Milk Chocolate 10 Pack', '£ 2.60', '£0.26/each'), ('asda', 'https://groceries.asda.com/product/1000160202684', 'Cadbury Pots of Joy Dairy Milk Caramel Dessert', '£2.00', '(76.9p/100g)'), ('asda', 'https://groceries.asda.com/product/1000160202768', 'Cadbury Pots of Joy Dairy Milk Chocolate Dessert', '£2.00', '(76.9p/100g)'), ('tesco', 'https://www.tesco.com/groceries/en-GB/products/306660176', 'Cadbury Roundie Milk Chocolate Biscuit 180G', '£ 1.99', '£1.11/100g'), ('asda', 'https://groceries.asda.com/product/1000214684777', 'Cadbury Roundie Milk Chocolate Biscuits 6 Pack', '£1.99', '(£1.11/100g)'), ('coop', 'https://www.coop.co.uk/products/cadburys-dairy-milk-mini-cones-8-pack', 'Cadburys Dairy Milk Mini Cones 8 Pack', '£2.80', '(35p per item)\n8 pack'), ('tesco', 'https://www.tesco.com/groceries/en-GB/products/295375571', 'Cake Decor Choco Writer Milk Chocolate 80G', '£ 1.50', '£1.88/100g'), ('asda', 'https://groceries.asda.com/product/1000005550468', 'Camelicious Long Life Whole Camel Milk', '£2.75', '(£1.17/100ml)'), ('asda', 'https://groceries.asda.com/product/910002380756', 'Caribbean Choice Coconut Milk', '£0.63', '(15.8p/100ml)'), ('asda', 'https://groceries.asda.com/product/1905507', 'Carnation Condensed Milk', '£1.39', '(35.0p/100g)'), ('asda', 'https://groceries.asda.com/product/19432', 'Carnation Evaporated Milk', '£1.10', '(26.8p/100g)'), ('asda', 'https://groceries.asda.com/product/19431', 'Carnation Evaporated Milk', '£0.70', '(41.2p/100g)'), ('tesco', 'https://www.tesco.com/groceries/en-GB/products/254902431', 'Carnation Evaporated Milk 170G', '£ 0.70', '£4.12/kg'), ('tesco', 'https://www.tesco.com/groceries/en-GB/products/254902477', 'Carnation Evaporated Milk 410G-14.5 Oz Can', '£ 1.00', '£2.44/kg'), ('asda', 'https://groceries.asda.com/product/1905509', 'Carnation Light Condensed Milk', '£1.39', '(34.3p/100g)'), ('tesco', 'https://www.tesco.com/groceries/en-GB/products/258049553', 'Carnation Light Condensed Milk 405G', '£ 1.39', '£3.44/kg'), ('tesco', 'https://www.tesco.com/groceries/en-GB/products/252395497', 'Carnation Light Evaporated Milk 410G', '£ 1.00', '£2.44/kg'), ('tesco', 'https://www.tesco.com/groceries/en-GB/products/258050084', 'Carnation Sweetened Condensed Milk 397G', '£ 1.39', '£3.51/kg'), ('tesco', 'https://www.tesco.com/groceries/en-GB/products/307332650', 'Carnation Vegan Condensed Milk Alternative 370G', '£ 1.70', '£4.60/kg'), ('tesco', 'https://www.tesco.com/groceries/en-GB/products/287230737', 'Celebrations Large Milk Chocolate Easter Egg & Chocolates 248G', '£ 3.00', '£1.21/100g'), ('tesco', 'https://www.tesco.com/groceries/en-GB/products/304793718', 'Celebrations Milk Chocolate Egg With 14 Mini Chocolates 305G', '£ 5.00', '£1.64/100g'), ('coop', 'https://www.coop.co.uk/products/co-op-i-love-you-more-than-chocolate-solid-milk-chocolate-shapes-85g', "Co-op 'I Love You More Than Chocolate' Solid Milk Chocolate Shapes 85g", '£1', '85g (£1.18 per 100g)'), ('coop', 'https://www.coop.co.uk/products/co-op-british-fresh-semi-skimmed-milk-1-pint-568ml', 'Co-op British Fresh Semi-Skimmed Milk 1 Pint 568ml', '£0.52', '568ml (9p per 100ml)\n1x568ml'), ('coop', 'https://www.coop.co.uk/products/co-op-free-from-chocolate-stick-4-pack', 'Co-op Free From Choc Sticks 4x76g (304g) - Milk Free', '£2.50', '304g (82.2p per 100g)\n4 pack'), ('coop', 'https://www.coop.co.uk/products/co-op-irresistible-milk-almond-and-sea-salt-100g', 'Co-op Irresistible Milk Chocolate with Almond & Sicilian Sea Salt 100g', '£1.60', '100g (£1.28 per 100g)'), ('sains', 'https://www.sainsburys.co.uk/shop/gb/groceries/product/details/dairy-eggs-special-offers/cocio-classic-chocolate-milk-600ml', 'Cocio Classic Chocolate Milk 600ml', '£2.00', '£3.34 / ltr'), ('sains', 'https://www.sainsburys.co.uk/shop/gb/groceries/product/details/easter-special-offers/cocoa-et-co-milk-chocolate-bunny-405g', 'Cocoa & Co. Belgian Milk Chocolate Bunny 405g', '£8.00', '£1.98 / 100g'), ('sains', 'https://www.sainsburys.co.uk/shop/gb/groceries/product/details/easter-special-offers/cocoa-co-belgian-milk-chocolate-egg-150g', 'Cocoa & Co. Belgian Milk Chocolate Egg 150g', '£5.00', '£3.33 / 100g'), ('sains', 'https://www.sainsburys.co.uk/shop/gb/groceries/product/details/all-easter-/cocoa-co-belgian-milk-chocolate-egg-150g', 'Cocoa & Co. Belgian Milk Chocolate Egg 150g', '£5.00', '£3.33 / 100g'), ('tesco', 'https://www.tesco.com/groceries/en-GB/products/285963725', 'Collagen+ Beauty Milk 200Ml', '£ 2.00', '£1.00/100ml'), ('asda', 'https://groceries.asda.com/product/1000244431906', 'Collection Lasting Perfection Foundation, Buttermilk Sh10', '£6.48', '(£2.40/10ml)'), ('tesco', 'https://www.tesco.com/groceries/en-GB/products/305964757', 'Collective Kefir Mango Cultured Milk Drink 500Ml', '£ 2.00', '£0.40/100ml'), ('asda', 'https://groceries.asda.com/product/1000210856879', 'Costa Dolce Gusto Compatible Signature Blend Latte 8 Milk & 8 Coffee Pods', '£4.50', '(£1.59/100g)'), ('asda', 'https://groceries.asda.com/product/1000053469133', 'Cow & Gate 1 Anti-Reflux Milk Powder Formula From Birth', '£10.50', 'No weight data'), ('asda', 'https://groceries.asda.com/product/1000053469250', 'Cow & Gate 1 Comfort Milk Powder Formula From Birth', '£10.50', 'No weight data'), ('asda', 'https://groceries.asda.com/product/1000196707103', 'Cow & Gate 1 First Baby Milk Formula From Birth Big Pack', '£11.00', 'No weight data'), ('asda', 'https://groceries.asda.com/product/1000195178821', 'Cow & Gate 1 First Baby Milk Powder Formula Sachets From Birth', '£6.00', 'No weight data'), ('asda', 'https://groceries.asda.com/product/910001060946', 'Cow & Gate 1 First Infant Milk Liquid Ready To Feed Formula From Birth', '£0.75', 'No weight data'), ('asda', 'https://groceries.asda.com/product/910000812908', 'Cow & Gate 1 First Infant Milk Liquid Ready To Feed Formula From Birth', '£3.20', 'No weight data'), ('asda', 'https://groceries.asda.com/product/910001707158', 'Cow & Gate 1 First Infant Milk Liquid Ready To Feed Formula From Birth', '£2.80', 'No weight data'), ('asda', 'https://groceries.asda.com/product/910001386943', 'Cow & Gate 1 First Infant Milk Liquid Ready To Feed Starter Pack From Birth', '£6.40', 'No weight data'), ('asda', 'https://groceries.asda.com/product/1000053469140', 'Cow & Gate 1 First Infant Milk Powder Formula From Birth', '£7.45', 'No weight data'), ('tesco', 'https://www.tesco.com/groceries/en-GB/products/273752014', 'Cow & Gate 1 First Milk 1 Litre Ready To Feed Liquid', '£ 3.20', '£3.20/litre'), ('tesco', 'https://www.tesco.com/groceries/en-GB/products/286866516', 'Cow & Gate 1 First Milk Multipack 4X200ml Ready To Feed Liquid', '£ 2.80', '£3.50/litre'), ('tesco', 'https://www.tesco.com/groceries/en-GB/products/301359789', 'Cow & Gate 1 First Milk Powder 800G', '£ 8.00', '£1.00/100g'), ('tesco', 'https://www.tesco.com/groceries/en-GB/products/283467953', 'Cow & Gate 1 First Milk Starter Pack 6X70ml Ready To Feed Liquid', '£ 6.50', '£15.48/litre'), ('asda', 'https://groceries.asda.com/product/1000053468973', 'Cow & Gate 1 Hungry Milk Powder Formula From Birth', '£8.00', 'No weight data'), ('tesco', 'https://www.tesco.com/groceries/en-GB/products/281197852', 'Cow & Gate 1-2 Years Growing Up Milk 1-2Yr 200Ml', '£ 0.65', '£3.25/litre'), ('asda', 'https://groceries.asda.com/product/1000196707073', 'Cow & Gate 2 Follow On Baby Milk Formula Big Pack 6+ Months', '£11.00', 'No weight data'), ('asda', 'https://groceries.asda.com/product/1000195178752', 'Cow & Gate 2 Follow On Baby Milk Powder Formula Sachets 6-12 Months', '£6.00', 'No weight data'), ('tesco', 'https://www.tesco.com/groceries/en-GB/products/281197751', 'Cow & Gate 2 Follow On Milk 200Ml Ready To Feed Liquid', '£ 0.75', '£3.75/litre'), ('asda', 'https://groceries.asda.com/product/910001061451', 'Cow & Gate 2 Follow On Milk Liquid Ready To Feed Formula 6-12 Months', '£0.75', 'No weight data'), ('asda', 'https://groceries.asda.com/product/910001706771', 'Cow & Gate 2 Follow On Milk Liquid Ready To Feed Formula 6-12 Months', '£2.80', 'No weight data'), ('tesco', 'https://www.tesco.com/groceries/en-GB/products/286866292', 'Cow & Gate 2 Follow On Milk Multipack 4X200ml Ready To Feed Liquid', '£ 2.60', '£3.25/litre'), ('tesco', 'https://www.tesco.com/groceries/en-GB/products/301359806', 'Cow & Gate 2 Follow On Milk Powder 800G', '£ 8.00', '£1.00/100g'), ('asda', 'https://groceries.asda.com/product/1000053469007', 'Cow & Gate 2 Follow On Milk Powder Formula 6-12 Months', '£6.65', 'No weight data'), ('asda', 'https://groceries.asda.com/product/1000002091606', 'Cow & Gate 3 Growing Up Milk Liquid Ready To Feed Formula 1-2 Years', '£7.00', 'No weight data'), ('asda', 'https://groceries.asda.com/product/910001243740', 'Cow & Gate 3 Growing Up Milk Liquid Ready To Feed Formula 1-2 Years', '£0.65', 'No weight data'), ('tesco', 'https://www.tesco.com/groceries/en-GB/products/301359829', 'Cow & Gate 3 Growing Up Milk Powder 1+Yrs 800G', '£ 8.00', '£1.00/100g'), ('asda', 'https://groceries.asda.com/product/1000053469217', 'Cow & Gate 3 Growing Up Milk Powder Formula 1-2 Years', '£6.65', 'No weight data'), ('asda', 'https://groceries.asda.com/product/1000195178786', 'Cow & Gate 3 Growing Up Milk Powder Formula Sachets 1-2 Years', '£5.75', 'No weight data'), ('tesco', 'https://www.tesco.com/groceries/en-GB/products/268739729', 'Cow & Gate 4 Growing Up Milk Powder 2+ Years 800G', '£ 8.00', '£10.00/kg'), ('asda', 'https://groceries.asda.com/product/910000435414', 'Cow & Gate 4 Growing Up Milk Powder Formula 2-3 Years', '£6.70', 'No weight data'), ('tesco', 'https://www.tesco.com/groceries/en-GB/products/301359864', 'Cow & Gate Anti Reflux Milk Powder 800G', '£ 10.50', '£1.32/100g'), ('tesco', 'https://www.tesco.com/groceries/en-GB/products/301359887', 'Cow & Gate Comfort Milk Powder 800G', '£ 10.50', '£1.32/100g'), ('tesco', 'https://www.tesco.com/groceries/en-GB/products/305732122', 'Cow & Gate First Infant Milk 1.2Kg Big Pack', '£ 11.00', '£9.17/kg'), ('tesco', 'https://www.tesco.com/groceries/en-GB/products/281185051', 'Cow & Gate First Milk 200Ml', '£ 0.75', '£3.75/litre'), ('tesco', 'https://www.tesco.com/groceries/en-GB/products/305733576', 'Cow & Gate Follow On Milk 6-12 Months 1.2Kg', '£ 11.00', '£9.17/kg'), ('tesco', 'https://www.tesco.com/groceries/en-GB/products/281185137', 'Cow & Gate Hungry Milk 200Ml', '£ 0.75', '£3.75/litre'), ('tesco', 'https://www.tesco.com/groceries/en-GB/products/301359841', 'Cow & Gate Hungry Milk Powder 800G', '£ 8.00', '£1.00/100g'), ('tesco', 'https://www.tesco.com/groceries/en-GB/products/260086626', 'Cravendale Pure Filtered Semi Skimmed Milk 1L', '£ 1.10', '£1.10/litre'), ('sains', 'https://www.sainsburys.co.uk/shop/gb/groceries/product/details/milk-fresh-milk/cravendale-purefilter-semi-skimmed-1l', 'Cravendale Purefilter Semi Skimmed Milk 1L', '£1.15', '£1.15 / ltr'), ('sains', 'https://www.sainsburys.co.uk/shop/gb/groceries/product/details/top-rated-44/cravendale-purefilter-semi-skimmed-1l', 'Cravendale Purefilter Semi Skimmed Milk 1L', '£1.15', '£1.15 / ltr'), ('sains', 'https://www.sainsburys.co.uk/shop/gb/groceries/product/details/dairy-eggs-special-offers/cravendale-skimmed-milk-2l', 'Cravendale Purefilter Skimmed Milk 2L', '£1.60', '80p / ltr'), ('sains', 'https://www.sainsburys.co.uk/shop/gb/groceries/product/details/coffee-shop/cravendale-skimmed-milk-2l', 'Cravendale Purefilter Skimmed Milk 2L', '£1.60', '80p / ltr'), ('sains', 'https://www.sainsburys.co.uk/shop/gb/groceries/product/details/milk-fresh-milk/cravendale-purefilter-whole-milk-1l', 'Cravendale Purefilter Whole Milk 1L', '£1.15', '£1.15 / ltr'), ('tesco', 'https://www.tesco.com/groceries/en-GB/products/257265436', 'Cravendale Purfiltre Fresh Whole Milk 2 Litre', '£ 1.85', '£0.92/litre'), ('asda', 'https://groceries.asda.com/product/32088739', 'Cravendale Semi Skimmed Milk', '£1.10', 'No weight data'), ('asda', 'https://groceries.asda.com/product/36888', 'Cravendale Semi Skimmed Milk', '£1.65', 'No weight data'), ('tesco', 'https://www.tesco.com/groceries/en-GB/products/257264875', 'Cravendale Semi Skimmed Milk 2 Litre', '£ 1.85', '£0.92/litre'), ('asda', 'https://groceries.asda.com/product/36887', 'Cravendale Whole Milk', '£1.65', 'No weight data'), ('tesco', 'https://www.tesco.com/groceries/en-GB/products/276606921', 'Cravendale Whole Milk 1 Litre', '£ 1.10', '£1.10/litre'), ('tesco', 'https://www.tesco.com/groceries/en-GB/products/299914279', 'Creamfields Uht Semi Skimmed Milk 1 Litre', '£ 0.55', '£0.55/litre'), ('tesco', 'https://www.tesco.com/groceries/en-GB/products/299914291', 'Creamfields Uht Skimmed Milk 1 Litre', '£ 0.50', '£0.50/litre'), ('tesco', 'https://www.tesco.com/groceries/en-GB/products/304794343', 'Crusha Milkshake Mix Cookies & Cream 500Ml', '£ 2.00', '£0.40/100ml'), ('asda', 'https://groceries.asda.com/product/910002995497', 'Crusha No Added Sugar Chocolate Flavour Milkshake Mix', '£2.00', '(27.0p/100ml)'), ('asda', 'https://groceries.asda.com/product/24544845', 'Crusha No Added Sugar Strawberry Flavour Milkshake Mix', '£2.00', '(27.0p/100ml)'), ('asda', 'https://groceries.asda.com/product/1000235769319', 'Dairy Box Milk Chocolate Box', '£4.00', '(£1.11/100g)'), ('tesco', 'https://www.tesco.com/groceries/en-GB/products/307164537', 'Dairy Box Milk Chocolate Classic Collection 360G', '£ 4.00', '£1.12/100g'), ('asda', 'https://groceries.asda.com/product/910003085548', 'Dairy Farmers Free Range Semi Skimmed Milk', '£0.90', 'No weight data'), ('asda', 'https://groceries.asda.com/product/910003085549', 'Dairy Farmers Free Range Semi Skimmed Milk', '£1.60', 'No weight data'), ('asda', 'https://groceries.asda.com/product/910003085059', 'Dairy Farmers Free Range Whole Milk', '£1.60', 'No weight data'), ('asda', 'https://groceries.asda.com/product/910003085376', 'Dairy Farmers Free Range Whole Milk', '£0.90', 'No weight data'), ('sains', 'https://www.sainsburys.co.uk/shop/gb/groceries/product/details/aldi-price-match/dairy-pride-uht-skimmed-milk-1l', 'Dairy Pride UHT Skimmed Milk 1L', '50p', '50p / ltr'), ('asda', 'https://groceries.asda.com/product/1000118028700', 'Dairylea Snackers Cheese & Crackers with Cadbury Dairy Milk Giant Buttons', '£1.55', '(£21.29/kg)'), ('sains', 'https://www.sainsburys.co.uk/shop/gb/groceries/product/details/dairy-all-cheese/dairylea-snackers-cheese-crackers-with-cadbury-dairy-milk-giant-buttons-73g', 'Dairylea Snackers Cheese & Crackers with Cadbury Dairy Milk Giant Buttons 73g', '£1.00', '£13.89 / kg'), ('sains', 'https://www.sainsburys.co.uk/shop/gb/groceries/product/details/cooking-and-baking-butters-and-spreads/dale-farm-butter-milk-568ml', 'Dale Farm Butter Milk 568ml', '60p', '£1.06 / ltr'), ('sains', 'https://www.sainsburys.co.uk/shop/gb/groceries/product/details/cream-custard/dale-farm-butter-milk-568ml', 'Dale Farm Butter Milk 568ml', '60p', '£1.06 / ltr'), ('sains', 'https://www.sainsburys.co.uk/shop/gb/groceries/product/details/milk-fresh-milk/dalefarm-organic-semi-skimmed-milk-1l', 'Dale Farm Organic Semi Skimmed Milk 1L', '£1.15', '£1.15 / ltr'), ('tesco', 'https://www.tesco.com/groceries/en-GB/products/258104839', 'Delamere Dairy Sterilised Longlife Semi Skimmed Milk 1L', '£ 1.10', '£1.10/litre'), ('tesco', 'https://www.tesco.com/groceries/en-GB/products/258126721', 'Delamere Dairy Sterilised Longlife Whole Milk 1L', '£ 1.10', '£1.10/litre'), ('asda', 'https://groceries.asda.com/product/1802943', 'Delamere Semi Skimmed Goats Milk Chilled', '£1.60', 'No weight data'), ('tesco', 'https://www.tesco.com/groceries/en-GB/products/256659600', 'Delamere Skimmed Sterilised Milk 1L', '£ 1.10', '£1.10/litre'), ('asda', 'https://groceries.asda.com/product/30701', 'Delamere Whole Goats Milk Chilled', '£1.60', 'No weight data'), ('asda', 'https://groceries.asda.com/product/1000119739216', 'Delamere Whole Milk', '£1.10', '(£1.10/lt)'), ('asda', 'https://groceries.asda.com/product/910000202645', 'Desi Wholemilk Natural Yogurt', '£0.67', '(15.8p/100g)'), ('asda', 'https://groceries.asda.com/product/1000158056045', 'Dove Purely Pampering Milk & Coconut Body Wash', '£0.98', '(43.6p/100ml)'), ('tesco', 'https://www.tesco.com/groceries/en-GB/products/273714423', 'Dr Oetker Fine Cooks Chocolate Milk 150G', '£ 1.70', '£1.14/100g'), ('tesco', 'https://www.tesco.com/groceries/en-GB/products/302142554', 'Dr Oetker Jumbo Milk Chocolate Chips 125G', '£ 1.60', '£1.28/100g'), ('tesco', 'https://www.tesco.com/groceries/en-GB/products/271189367', 'Dr Oetker Milk Chocolate Chunks 100G', '£ 1.60', '£1.60/100g'), ('asda', 'https://groceries.asda.com/product/910000887223', 'Dr. Moo Quick Chocolate Milk Magic Sipper', '£1.00', '(£1.67/100g)'), ('asda', 'https://groceries.asda.com/product/910000886985', 'Dr. Moo Quick Strawberry Milk Magic Sipper', '£1.00', '(£1.67/100g)'), ('asda', 'https://groceries.asda.com/product/910000409509', 'Dr. Oetker 35% Milk Chocolate Bar', '£1.69', '(£1.13/100g)'), ('asda', 'https://groceries.asda.com/product/1000249319157', 'Dr. Oetker Milk Chocolate', '£1.79', '(£1.19/100g)'), ('asda', 'https://groceries.asda.com/product/910001155954', 'Dr. Oetker Milk Chocolate Chunks', '£1.59', '(£1.59/100g)'), ('asda', 'https://groceries.asda.com/product/1000249319261', 'Dr. Oetker Milk Chocolate Drops', '£1.79', '(£1.19/100g)'), ('asda', 'https://groceries.asda.com/product/1000140068981', "Dunn's River Coconut Milk", '£1.00', '(25.0p/100ml)'), ('asda', 'https://groceries.asda.com/product/1000046667771', "Dunn's River Nurishment Original Milk Drink Vanilla Flavour", '£1.40', '(35.0p/100g)'), ('asda', 'https://groceries.asda.com/product/910002046737', "Dunn's River Original Banana Flavour Milk Drink", '£1.40', '(35.0p/100g)'), ('asda', 'https://groceries.asda.com/product/910002047153', "Dunn's River Original Chocolate Flavoured Milk Drink", '£1.40', '(35.0p/100g)'), ('asda', 'https://groceries.asda.com/product/910002046591', "Dunn's River Original Strawberry Flavoured Milk Drink", '£1.40', '(35.0p/100g)'), ('asda', 'https://groceries.asda.com/product/910002046500', "Dunn's River Original Vanilla Flavoured Milk Drink", '£1.40', '(35.0p/100g)'), ('tesco', 'https://www.tesco.com/groceries/en-GB/products/259959684', 'Dunns River Coconut Milk 400Ml', '£ 1.00', '£2.50/litre'), ('tesco', 'https://www.tesco.com/groceries/en-GB/products/300399656', 'E.Wedel Krowka Milky Fudge 250G', '£ 1.70', '£0.68/100g'), ('tesco', 'https://www.tesco.com/groceries/en-GB/products/277926684', 'E.Wedel Milk Chocolate With Blueberry & Wild Strawberry 100G', '£ 0.90', '£0.90/100g'), ('tesco', 'https://www.tesco.com/groceries/en-GB/products/262109356', 'E.Wedel Milk Chocolate With Strawberry 100G', '£ 0.90', '£0.90/100g'), ('tesco', 'https://www.tesco.com/groceries/en-GB/products/274025223', 'E45 Junior Foaming Bath Milk 500Ml', '£ 4.00', '£0.80/100ml'), ('asda', 'https://groceries.asda.com/product/1000142866330', 'Edge Strawberry Milkshake E-Liquid 12mg', '£2.50', '(£2.50/each)'), ('asda', 'https://groceries.asda.com/product/1000142866394', 'Edge Strawberry Milkshake E-Liquid 18mg', '£2.50', '(£2.50/each)'), ('asda', 'https://groceries.asda.com/product/1000142866375', 'Edge Strawberry Milkshake E-Liquid 6mg', '£2.50', '(£25.00/100ml)'), ('tesco', 'https://www.tesco.com/groceries/en-GB/products/305248183', "Ella's Kitchen Dairy Free Coconut Milk Pear & Fig Porridge 100G", '£ 1.10', '£1.10/100g'), ('sains', 'https://www.sainsburys.co.uk/shop/gb/groceries/product/details/easterluxury/ferrero-collection-egg-275g', 'Ferrero Collection Fine Milk Chocolate Egg with 6 Specialities Inside 239.8g', '£13.00', '£5.42 / 100g'), ('sains', 'https://www.sainsburys.co.uk/shop/gb/groceries/product/details/all-easter-/ferrero-collection-egg-275g', 'Ferrero Collection Fine Milk Chocolate Egg with 6 Specialities Inside 239.8g', '£13.00', '£5.42 / 100g'), ('tesco', 'https://www.tesco.com/groceries/en-GB/products/304791824', 'Ferrero Collection Milk Chocolate Egg With 6 Specialities 239.8G', '£ 10.00', '£4.18/100g'), ('tesco', 'https://www.tesco.com/groceries/en-GB/products/266526691', 'Ferrero Kinder Milk Slice 28G', '£ 0.70', '£2.50/100g'), ('sains', 'https://www.sainsburys.co.uk/shop/gb/groceries/product/details/all-easter-eggs-and-chocolate-/ferrero-rocher-milk-chocolate-hazelnut-egg-with-ferrero-rocher-2125g', 'Ferrero Rocher Milk Chocolate & Hazelnut Egg with Ferrero Rocher 212.5g', '£6.50', '£3.06 / 100g'), ('asda', 'https://groceries.asda.com/product/1000062381281', 'Fibre One 90 Calorie Milk Chocolate Popcorn Bars 4 Pack', '£2.00', '(£2.38/100g)'), ('tesco', 'https://www.tesco.com/groceries/en-GB/products/301045279', 'Fibre One Milk Chocolate Popcorn Bars 4 X 21G', '£ 1.99', '£2.37/100g'), ('sains', 'https://www.sainsburys.co.uk/shop/gb/groceries/product/details/price-lock-food-cupboard/flipz-milk-chocolate-coated-pretzels-160g', 'Flipz Milk Chocolate Coated Pretzels 160g', '£1.75', '£1.09 / 100g'), ('tesco', 'https://www.tesco.com/groceries/en-GB/products/306497283', 'Flipz Milk Chocolate Coated Pretzels 90G', '£ 1.50', '£1.67/100g'), ('coop', 'https://www.coop.co.uk/products/flipz-milk-chocolate-pretzels-100g', 'Flipz Milk Chocolate Pretzels 90g', '£2', '90g (£1.11 per 100g)'), ('tesco', 'https://www.tesco.com/groceries/en-GB/products/262783116', 'Flora Pro Activ Skimmed Milk 1L', '£ 1.40', '£1.40/litre'), ('sains', 'https://www.sainsburys.co.uk/shop/gb/groceries/product/details/lactose-free--/flora-pro-activ-milk-1l', "Flora ProActiv Skimmed Cows' Milk 1L", '£1.45', '£1.45 / ltr'), ('tesco', 'https://www.tesco.com/groceries/en-GB/products/279845143', 'For Goodness Shakes Recovery Milk Chocolate 475Ml', '£ 1.70', '£0.36/100ml'), ('asda', 'https://groceries.asda.com/product/910001533680', "Fox's Chocolatey Milk Chocolate Rounds", '£1.00', '(76.9p/100g)'), ('asda', 'https://groceries.asda.com/product/910000821070', "Fox's Chunkie Milk Chocolate Cookies", '£1.00', '(55.6p/100g)'), ('tesco', 'https://www.tesco.com/groceries/en-GB/products/306650319', "Fox's Half Coated Milk Chocolate Cookies 175G", '£ 1.80', '£1.03/100g'), ('tesco', 'https://www.tesco.com/groceries/en-GB/products/306656562', "Fox's Milk Chocolate Cookies 180G", '£ 1.80', '£1.00/100g'), ('asda', 'https://groceries.asda.com/product/910001534397', "Fox's Viennese Milk Chocolate", '£0.75', '(62.5p/100g)'), ('asda', 'https://groceries.asda.com/product/1000003092735', "Fox's Viennese Milk Chocolate Dipped Fingers", '£1.00', '(90.9p/100g)'), ('tesco', 'https://www.tesco.com/groceries/en-GB/products/301253902', 'Fred & Flo Milk Powder Dispenser', '£ 2.00', '£2.00/each'), ('aldi', 'https://www.aldi.co.uk/fresh-british-semi--skimmed-milk/p/045613003560800', 'Fresh British Semi- Skimmed Milk', '1.09', '48p per litre'), ('aldi', 'https://www.aldi.co.uk/fresh-british-semi-skimmed-milk/p/045611003560400', 'Fresh British Semi-skimmed Milk', '0.80', '70.4p per litre'), ('asda', 'https://groceries.asda.com/product/1000000984240', 'FRijj Banana Flavour Milkshake', '£1.00', '(25.0p/100ml)'), ('asda', 'https://groceries.asda.com/product/1000000984742', 'FRijj Chocolate Flavour Milkshake', '£1.00', 'No weight data'), ('sains', 'https://www.sainsburys.co.uk/shop/gb/groceries/product/details/dairy-eggs-special-offers/frijj-chocolate-fudge-flavoured-milk-400ml', 'Frijj Chocolate Fudge Flavoured Milk 400ml', '75p', '19p / 100ml'), ('tesco', 'https://www.tesco.com/groceries/en-GB/products/297794371', 'Frijj Chocolate Milkshake 400Ml', '£ 1.00', '£0.25/100ml'), ('asda', 'https://groceries.asda.com/product/1000000985493', 'FRijj Cookie Dough Flavour Milkshake', '£1.00', 'No weight data'), ('asda', 'https://groceries.asda.com/product/1000000984061', 'FRijj Fudge Brownie Flavour Milkshake', '£1.00', '(25.0p/100ml)'), ('asda', 'https://groceries.asda.com/product/1000000982359', 'FRijj Strawberry Flavour Milkshake', '£1.00', 'No weight data'), ('asda', 'https://groceries.asda.com/product/910001743535', 'FUEL10K High Protein Banana Breakfast Milk Drink', '£1.30', '(39.4p/100ml)'), ('sains', 'https://www.sainsburys.co.uk/shop/gb/groceries/product/details/gluten-free-cereal/fuel10k-high-protein-banana-breakfast-drink-330ml', 'FUEL10K High Protein Breakfast Milk Drink Banana 330ml', '£1.50', '45p / 100ml'), ('sains', 'https://www.sainsburys.co.uk/shop/gb/groceries/product/details/milk-flavoured-milk/fuel10k-liquid-breakfast-high-protein-boosted-milk-drink--chocolate-330ml', 'FUEL10K High Protein Breakfast Milk Drink Chocolate 330ml', '£1.50', '45p / 100ml'), ('sains', 'https://www.sainsburys.co.uk/shop/gb/groceries/product/details/gluten-free-cereal/fuel10k-liquid-breakfast-high-protein-boosted-milk-drink--chocolate-330ml', 'FUEL10K High Protein Breakfast Milk Drink Chocolate 330ml', '£1.50', '45p / 100ml'), ('sains', 'https://www.sainsburys.co.uk/shop/gb/groceries/product/details/milk-flavoured-milk/fuel10k-liquid-breakfast-protein-boosted-milk-drink--strawberry-330ml', 'FUEL10K High Protein Breakfast Milk Drink Strawberry 330ml', '£1.50', '45p / 100ml'), ('sains', 'https://www.sainsburys.co.uk/shop/gb/groceries/product/details/gluten-free-cereal/fuel10k-liquid-breakfast-protein-boosted-milk-drink--strawberry-330ml', 'FUEL10K High Protein Breakfast Milk Drink Strawberry 330ml', '£1.50', '45p / 100ml'), ('sains', 'https://www.sainsburys.co.uk/shop/gb/groceries/product/details/gluten-free-cereal/fuel10k-liquid-breakfast-protein-boosted-milk-drink--vanilla-330ml', 'FUEL10K High Protein Breakfast Milk Drink Vanilla 330ml', '£1.50', '45p / 100ml'), ('asda', 'https://groceries.asda.com/product/910000950313', 'FUEL10K High Protein Chocolate Breakfast Milk Drink', '£1.30', '(39.4p/100ml)'), ('asda', 'https://groceries.asda.com/product/910000951046', 'FUEL10K High Protein Strawberry Breakfast Milk Drink', '£1.30', '(39.4p/100ml)'), ('asda', 'https://groceries.asda.com/product/910001267477', 'FUEL10K High Protein Vanilla Breakfast Milk Drink', '£1.30', '(39.4p/100ml)'), ('tesco', 'https://www.tesco.com/groceries/en-GB/products/306927046', 'Galaxy Chocolate Flavoured Milk Drink 400Ml', '£ 1.35', '£3.38/litre'), ('coop', 'https://www.coop.co.uk/products/galaxy-darker-collection-darket-milk-chocolate-bar-110g', 'Galaxy Darker Collection Darket Milk Chocolate Bar 110g', '£1.50', '110g (91p per 100g)'), ('asda', 'https://groceries.asda.com/product/1000113394431', 'Galaxy Darker Milk Chocolate Block', '£1.00', '(90.9p/100g)'), ('tesco', 'https://www.tesco.com/groceries/en-GB/products/300228255', 'Galaxy Milk 110G', '£ 1.00', '£0.91/100g'), ('tesco', 'https://www.tesco.com/groceries/en-GB/products/280036005', 'Galaxy Milk 4 Pack 168 G', '£ 1.25', '£0.74/100g'), ('tesco', 'https://www.tesco.com/groceries/en-GB/products/300795348', 'Galaxy Milk Chocolate 360G', '£ 3.50', '£0.97/100g'), ('tesco', 'https://www.tesco.com/groceries/en-GB/products/279935019', 'Galaxy Milk Chocolate 42G', '£ 0.60', '£1.43/100g'), ('tesco', 'https://www.tesco.com/groceries/en-GB/products/268549827', 'Galaxy Milk Chocolate Bar 200G', '£ 1.80', '£0.90/100g'), ('tesco', 'https://www.tesco.com/groceries/en-GB/products/304788276', 'Galaxy Milk Chocolate Egg & Enchanted Milk Chocolate Eggs 234G', '£ 3.00', '£1.29/100g'), ('tesco', 'https://www.tesco.com/groceries/en-GB/products/304788656', 'Galaxy Milk Chocolate Egg Plus Enchanted Milk Chocolate Eggs 528G', '£ 12.00', '£2.28/100g'), ('tesco', 'https://www.tesco.com/groceries/en-GB/products/304799954', 'Galaxy Milk Chocolate Egg With Truffles 301G', '£ 10.00', '£3.33/100g'), ('tesco', 'https://www.tesco.com/groceries/en-GB/products/304783068', 'Galaxy Milk Chocolate Enchanted Eggs 80G', '£ 1.00', '£1.25/100g'), ('tesco', 'https://www.tesco.com/groceries/en-GB/products/251118878', 'Galaxy Milk Chocolate Indulgent Collection Easter Egg 308G', '£ 5.00', '£1.63/100g'), ('asda', 'https://groceries.asda.com/product/910001193129', 'Galaxy Smooth Milk Chocolate Bar', '£0.55', '(£1.31/100g)'), ('asda', 'https://groceries.asda.com/product/910001192935', 'Galaxy Smooth Milk Chocolate Bars Multipack', '£1.25', '(74.4p/100g)'), ('asda', 'https://groceries.asda.com/product/1000034965894', 'Galaxy Smooth Milk Chocolate Block', '£1.00', '(90.9p/100g)'), ('asda', 'https://groceries.asda.com/product/1000073094536', 'Galaxy Smooth Milk Chocolate Christmas Advent Calendar', '£2.00', '(£1.82/100g)'), ('asda', 'https://groceries.asda.com/product/1000260230892', 'Galaxy Smooth Milk Chocolate Large Christmas Selection Box', '£2.50', '(£1.02/100g)'), ('asda', 'https://groceries.asda.com/product/1000034965816', 'Galaxy Smooth Milk Chocolate Large Gifting Block', '£2.50', '(69.4p/100g)'), ('asda', 'https://groceries.asda.com/product/910000419798', 'Galaxy Smooth Milk Chocolate More to Share Block', '£2.00', '(£1.00/100g)'), ('tesco', 'https://www.tesco.com/groceries/en-GB/products/272473795', 'Garnier Body 7Days Shea Hand Milk 100Ml', '£ 2.25', '£2.25/100ml'), ('asda', 'https://groceries.asda.com/product/1000112906987', 'Garnier Intensive 7 Days Coconut Milk Body Lotion Dry Rough Skin', '£2.50', '(62.5p/100ml)'), ('asda', 'https://groceries.asda.com/product/1000106117557', 'Garnier Micellar Milky Cleansing Water', '£4.00', '(£1.00/100ml)'), ('asda', 'https://groceries.asda.com/product/910003053234', 'Garnier Natural Rose Water Cleansing Milk Sensitive Skin', '£1.75', '(87.5p/100ml)'), ('asda', 'https://groceries.asda.com/product/1000215691406', 'Garnier Nutri Bomb Milky Face Sheet Mask Almond Milk & Hyaluronic Acid', '£2.95', '(£2.95/each)'), ('asda', 'https://groceries.asda.com/product/1000215691505', 'Garnier Nutri Bomb Milky Sheet Mask Coconut & Hyaluronic Acid', '£2.95', '(£2.95/each)'), ('asda', 'https://groceries.asda.com/product/1000106846628', 'Garnier Ultimate Blends Almond Milk & Agave Sap Normal Hair Conditioner', '£1.98', '(55.0p/100ml)'), ('asda', 'https://groceries.asda.com/product/1000106846708', 'Garnier Ultimate Blends Almond Milk & Agave Sap Normal Hair Shampoo', '£1.98', '(55.0p/100ml)'), ('tesco', 'https://www.tesco.com/groceries/en-GB/products/302134587', 'Garnier Ultimate Blends Almond Milk Normal Hair Conditioner 360Ml', '£ 1.99', '£0.55/100ml'), ('tesco', 'https://www.tesco.com/groceries/en-GB/products/302134564', 'Garnier Ultimate Blends Almond Milk Normal Hair Shampoo 360Ml', '£ 1.99', '£0.55/100ml'), ('tesco', 'https://www.tesco.com/groceries/en-GB/products/298817350', 'Garnier Ultimate Blends Coconut Milk Conditioner Dry Hair 360Ml', '£ 1.99', '£0.55/100ml'), ('asda', 'https://groceries.asda.com/product/1000012734882', 'Garnier Ultimate Blends Coconut Milk Dry Hair Conditioner', '£1.98', '(55.0p/100ml)'), ('asda', 'https://groceries.asda.com/product/1000012734455', 'Garnier Ultimate Blends Coconut Milk Dry Hair Shampoo', '£1.98', '(55.0p/100ml)'), ('tesco', 'https://www.tesco.com/groceries/en-GB/products/298817338', 'Garnier Ultimate Blends Coconut Milk Shampoo Dry Hair 360Ml', '£ 1.99', '£0.55/100ml'), ('asda', 'https://groceries.asda.com/product/1000012734993', 'Garnier Ultimate Blends Oat Milk Sensitive Scalp Conditioner', '£1.98', '(55.0p/100ml)'), ('tesco', 'https://www.tesco.com/groceries/en-GB/products/298817436', 'Garnier Ultimate Blends Oat Milk Sensitive Scalp Conditioner 360Ml', '£ 1.99', '£0.55/100ml'), ('asda', 'https://groceries.asda.com/product/1000012734757', 'Garnier Ultimate Blends Oat Milk Sensitive Scalp Shampoo', '£1.98', '(55.0p/100ml)'), ('tesco', 'https://www.tesco.com/groceries/en-GB/products/298817413', 'Garnier Ultimate Blends Oat Milk Sensitive Scalp Shampoo 360Ml', '£ 1.99', '£0.55/100ml'), ('asda', 'https://groceries.asda.com/product/1000229362672', 'George Home Bambi Milk Jug', '£4.00', '(£4.00/each)'), ('asda', 'https://groceries.asda.com/product/1000222400298', 'George Home Black Milk Frother', '£20.00', '(£20.00/each)'), ('asda', 'https://groceries.asda.com/product/1000229362723', 'George Home Multi Bloom Milk Jug', '£3.50', '(£3.50/each)'), ('asda', 'https://groceries.asda.com/product/1000011829210', 'George Home Non-stick Aluminium Milk Pan', '£4.00', '(£4.00/each)'), ('asda', 'https://groceries.asda.com/product/1000148283995', 'George Home White Porcelain Milk Jug', '£3.00', '(£3.00/each)'), ('tesco', 'https://www.tesco.com/groceries/en-GB/products/288090094', 'Go Cat Kitten Chicken & Carrot & Milk 825G', '£ 2.25', '£2.73/kg'), ('asda', 'https://groceries.asda.com/product/910001911324', 'Go-Cat Chicken Milk & Veg Dry Kitten Food', '£2.00', 'No weight data'), ('sains', 'https://www.sainsburys.co.uk/shop/gb/groceries/product/details/boxedchocolates/godiva-masterpieces-caramel-lion-with-belgian-milk-chocolate-193g', 'Godiva Masterpieces Caramel Lion with Belgian Milk Chocolate 193g', '£4.00', '£2.07 / 100g'), ('sains', 'https://www.sainsburys.co.uk/shop/gb/groceries/product/details/chocolate-and-sweets-/godiva-masterpieces-caramel-lion-with-belgian-milk-chocolate-193g', 'Godiva Masterpieces Caramel Lion with Belgian Milk Chocolate 193g', '£4.00', '£2.07 / 100g'), ('sains', 'https://www.sainsburys.co.uk/shop/gb/groceries/product/details/all-gifting/godiva-masterpieces-caramel-lion-with-belgian-milk-chocolate-193g', 'Godiva Masterpieces Caramel Lion with Belgian Milk Chocolate 193g', '£4.00', '£2.07 / 100g'), ('sains', 'https://www.sainsburys.co.uk/shop/gb/groceries/product/details/sweet-treats-44/godiva-masterpieces-caramel-lion-with-belgian-milk-chocolate-193g', 'Godiva Masterpieces Caramel Lion with Belgian Milk Chocolate 193g', '£4.00', '£2.07 / 100g'), ('sains', 'https://www.sainsburys.co.uk/shop/gb/groceries/product/details/sweet-treats-44/godiva-masterpieces-hazelnut-oyster-with-belgian-milk-chocolate-193g', 'Godiva Masterpieces Hazelnut Oyster with Belgian Milk Chocolate 193g', '£4.00', '£2.07 / 100g'), ('sains', 'https://www.sainsburys.co.uk/shop/gb/groceries/product/details/new-trending-special-offers/godiva-masterpieces-milk-chocolate-hazelnut-oyster-30g', 'Godiva Masterpieces Milk Chocolate Hazelnut Oyster 30g', '85p', '£2.83 / 100g'), ('sains', 'https://www.sainsburys.co.uk/shop/gb/groceries/product/details/sweet-treats-44/godiva-milk-chocolate-bar--salted-caramel-90g', 'Godiva Pure Belgian Milk Chocolate Bar, Salted Caramel 90g', '£2.00', '£2.22 / 100g'), ('sains', 'https://www.sainsburys.co.uk/shop/gb/groceries/product/details/all-gifting/godiva-milk-chocolate-bar--salted-caramel-90g', 'Godiva Pure Belgian Milk Chocolate Bar, Salted Caramel 90g', '£2.00', '£2.22 / 100g'), ('sains', 'https://www.sainsburys.co.uk/shop/gb/groceries/product/details/all-dairy-free/braham---murray-good-hemp-milk--original-1l', 'Good Hemp Seed Milk 1L', '£2.00', '£2.00 / ltr'), ('asda', 'https://groceries.asda.com/product/910001437133', 'Grace Coconut Milk Powder', '£0.64', '(£1.28/100g)'), ('sains', 'https://www.sainsburys.co.uk/shop/gb/groceries/product/details/milk-fresh-milk/grahams-dairies-skimmed-milk-2l', "Graham's Dairies Skimmed Milk 2L", '£1.25', '63p / ltr'), ('sains', 'https://www.sainsburys.co.uk/shop/gb/groceries/product/details/special-offers-/grahams-gold-jersey-full-cream-milk-1l', "Graham's Gold Jersey Full Cream Milk 1L", '£1.00', '£1.00 / ltr'), ('sains', 'https://www.sainsburys.co.uk/shop/gb/groceries/product/details/dairy-eggs-special-offers/grahams-gold-jersey-full-cream-milk-1l', "Graham's Gold Jersey Full Cream Milk 1L", '£1.00', '£1.00 / ltr'), ('sains', 'https://www.sainsburys.co.uk/shop/gb/groceries/product/details/milk-fresh-milk/grahams-whole-milk-organic-1136l-2-pint-', "Graham's Whole Milk, Organic 1.136L (2 pint)", '£1.35', '£1.19 / ltr'), ('sains', 'https://www.sainsburys.co.uk/shop/gb/groceries/product/details/organic-dairy-products/grahams-whole-milk-organic-1136l-2-pint-', "Graham's Whole Milk, Organic 1.136L (2 pint)", '£1.35', '£1.19 / ltr'), ('sains', 'https://www.sainsburys.co.uk/shop/gb/groceries/product/details/milk-fresh-milk/grahams-whole-milk--organic-1l-7844801-p-44', "Graham's Whole Milk, Organic 1L", '£1.15', '£1.15 / ltr'), ('sains', 'https://www.sainsburys.co.uk/shop/gb/groceries/product/details/organic-dairy-products/grahams-whole-milk--organic-1l-7844801-p-44', "Graham's Whole Milk, Organic 1L", '£1.15', '£1.15 / ltr'), ('sains', 'https://www.sainsburys.co.uk/shop/gb/groceries/product/details/organic-dairy-products/grahams-whole-milk-organic-2272l-4-pint-', "Graham's Whole Milk, Organic 2.272L (4 pint)", '£2.25', '99p / ltr'), ('tesco', 'https://www.tesco.com/groceries/en-GB/products/271249493', 'Green & Black Milk Cooks Bar 150G', '£ 2.50', '£1.67/100g'), ('tesco', 'https://www.tesco.com/groceries/en-GB/products/304782858', "Green & Black's Milk Chocolate Large Shell Egg 345G", '£ 10.00', '£2.90/100g'), ('sains', 'https://www.sainsburys.co.uk/shop/gb/groceries/product/details/all-mothers-day/green---blacks-chocolate--almond-100g', "Green & Black's Organic Milk Almond Chocolate Bar 90g", '£2.00', '£2.22 / 100g'), ('asda', 'https://groceries.asda.com/product/1000107814080', "Green & Black's Organic Milk Chocolate Bar", '£2.00', '(£2.22/100g)'), ('tesco', 'https://www.tesco.com/groceries/en-GB/products/303670290', 'Green & Blacks Organic Milk Chocolate 90G', '£ 2.00', '£2.23/100g'), ('tesco', 'https://www.tesco.com/groceries/en-GB/products/306816609', 'Gu Milk Chocolate Mousse & Ganache 2X70g', '£ 3.00', '£2.15/100g'), ('asda', 'https://groceries.asda.com/product/1000217916076', 'GU Milk Chocolate Mousse with Ganache Desserts', '£2.00', '(£2.86/100g)'), ('sains', 'https://www.sainsburys.co.uk/shop/gb/groceries/product/details/dairy-eggs-special-offers/gü-milk-chocolate-mousses-with-ganache-desserts-2x70g', 'Gü Milk Chocolate Mousses with Ganache Desserts 2x70g', '£2.00', '£1.43 / 100g'), ('sains', 'https://www.sainsburys.co.uk/shop/gb/groceries/product/details/milk-flavoured-milk/happymonkey-strawberry-milkshake-3x200ml', 'Happy Monkey Strawberry Milkshakes 3x200ml', '£1.00', '£1.67 / ltr'), ('tesco', 'https://www.tesco.com/groceries/en-GB/products/307740610', 'Haribo Supermix Fruit Milk & Sweet Foam Gums 175G', '£ 0.79', '£0.45/100g'), ('tesco', 'https://www.tesco.com/groceries/en-GB/products/299038498', 'Herbal Essences Bio Renew Rice Milk Shampoo 400Ml', '£ 4.50', '£1.13/100ml'), ('tesco', 'https://www.tesco.com/groceries/en-GB/products/297334726', 'Herbal Essences Bio. Renew Coconut Milk Conditioner 400Ml', '£ 4.50', '£1.13/100ml'), ('tesco', 'https://www.tesco.com/groceries/en-GB/products/297334860', 'Herbal Essences Bio. Renew Coconut Milk Shampoo 400Ml', '£ 4.50', '£1.13/100ml'), ('sains', 'https://www.sainsburys.co.uk/shop/gb/groceries/product/details/natural-beauty-products/herbal-essences-bio:renew-flower-rice-milk-nourish-conditioner-400ml', 'Herbal Essences Bio:Renew Flower & Rice Milk Nourish Conditioner 400ml', '£3.00', '75p / 100ml'), ('asda', 'https://groceries.asda.com/product/910003160158', 'Herbal Essences bio:renew Hair Conditioner Coconut Milk', '£3.00', '(75.0p/100ml)'), ('asda', 'https://groceries.asda.com/product/1000204197594', 'Herbal Essences bio:renew Hair Conditioner Coconut Milk Hydrate', '£4.00', '(£2.00/100ml)'), ('asda', 'https://groceries.asda.com/product/1000006804899', 'Herbal Essences bio:renew Hair Conditioner Passion Flower & Rice Milk Nourish', '£3.00', '(75.0p/100ml)'), ('asda', 'https://groceries.asda.com/product/1000144744829', 'Herbal Essences bio:renew Hair Mask Coconut Milk', '£3.00', '(£1.20/100ml)'), ('asda', 'https://groceries.asda.com/product/910003159941', 'Herbal Essences bio:renew Shampoo Coconut Milk Hydrate', '£3.00', '(75.0p/100ml)'), ('asda', 'https://groceries.asda.com/product/1000204197692', 'Herbal Essences Bio:renew Shampoo Coconut Milk Hydrate', '£4.00', '(£1.60/100ml)'), ('asda', 'https://groceries.asda.com/product/1000006805563', 'Herbal Essences bio:renew Shampoo Passion Flower & Rice Milk Nourish', '£3.00', '(75.0p/100ml)'), ('tesco', 'https://www.tesco.com/groceries/en-GB/products/299039382', 'Herbal Essences Biological Renew Rice Milk Conditioner 400Ml', '£ 4.50', '£1.13/100ml'), ('asda', 'https://groceries.asda.com/product/910000224974', 'HiPP 1 First Infant Baby Milk Powder From Birth', '£10.00', 'No weight data'), ('asda', 'https://groceries.asda.com/product/1000054229537', 'HiPP 1 First Infant Baby Milk Ready To Feed Bottle From Birth', '£0.90', 'No weight data'), ('asda', 'https://groceries.asda.com/product/910000224908', 'HiPP 2 Follow On Baby Milk Powder From 6 Months', '£10.00', 'No weight data'), ('asda', 'https://groceries.asda.com/product/910000224876', 'HiPP 3 Growing Up Baby Milk Powder From 1 Year Onwards', '£6.50', 'No weight data'), ('tesco', 'https://www.tesco.com/groceries/en-GB/products/266285519', 'Hipp Combiotic 12 Month Growing Up Milk 600G', '£ 6.65', '£11.09/kg'), ('sains', 'https://www.sainsburys.co.uk/shop/gb/groceries/product/details/bigger-packs-/hipp-organic-first-infant-milk-800g', 'HiPP Organic 1 First Milk Powder 800g', '£10.50', '£1.31 / 100g'), ('tesco', 'https://www.tesco.com/groceries/en-GB/products/306940087', 'Hipp Organic 2 Follow On Baby Milk Ready To Feed Bottle 6 Month Plus 200Ml', '£ 0.90', '£4.50/litre'), ('tesco', 'https://www.tesco.com/groceries/en-GB/products/266275042', 'Hipp Organic First Infant Milk 200Ml', '£ 0.90', '£4.50/litre'), ('tesco', 'https://www.tesco.com/groceries/en-GB/products/266239437', 'Hipp Organic Follow-On Milk 800G', '£ 10.15', '£12.69/kg'), ('tesco', 'https://www.tesco.com/groceries/en-GB/products/266240596', 'Hipp Organic Infant Milk 800G', '£ 10.50', '£13.13/kg'), ('sains', 'https://www.sainsburys.co.uk/shop/gb/groceries/product/details/milk-free-food-and-drink/holy-moly-overnight-oats-tropical-125g', 'Holy Moly Overnight Oats Tropical Fruit with Almond Milk 125g', '£1.75', '£1.40 / 100g'), ('asda', 'https://groceries.asda.com/product/1000000581197', 'HRI Milk Thistle Tablets Standardised Fruit Extract 300mg ', '£10.00', '(33.3p/each)'), ('asda', 'https://groceries.asda.com/product/1000108780467', 'Imperial Leather Foamburst Moisturising Luxury Gel to Foam Body Wash Jasmine & Rice Milk', '£2.00', '(£1.00/100ml)'), ('tesco', 'https://www.tesco.com/groceries/en-GB/products/303889439', 'Imperial Leather Foamburst Rice Milk Jasmine200ml', '£ 2.90', '£1.45/100ml'), ('asda', 'https://groceries.asda.com/product/910000395716', 'Island Sun Coconut Milk', '£0.59', '(14.8p/100ml)'), ('tesco', 'https://www.tesco.com/groceries/en-GB/products/259214581', 'Island Sun Coconut Milk 400Ml', '£ 0.79', '£1.98/litre'), ('asda', 'https://groceries.asda.com/product/910002383193', 'Island Sun Evaporated Milk', '£0.90', '(21.9p/100g)'), ('asda', 'https://groceries.asda.com/product/910001456445', 'Island Sun Sweetened Condensed Milk', '£1.20', '(£3.02/kg)'), ('tesco', 'https://www.tesco.com/groceries/en-GB/products/292991721', 'Jimjams Milk Chocolate Spread 350G', '£ 2.60', '£0.74/100g'), ('sains', 'https://www.sainsburys.co.uk/shop/gb/groceries/product/details/dairy-eggs-special-offers/judes-chocolate-milkshake-250ml', "Jude's Chocolate Milkshake 250ml", '95p', '£3.80 / ltr'), ('asda', 'https://groceries.asda.com/product/1000008341231', 'Kallo Milk Chocolate Rice Cake', '£1.39', '(£1.39/100g)'), ('tesco', 'https://www.tesco.com/groceries/en-GB/products/252476845', 'Kallo Organic Milk Chocolate Thin Rice Cakes 90G', '£ 1.49', '£1.66/100g'), ('asda', 'https://groceries.asda.com/product/23751', "Kellogg's Coco Pops Cereal & Milk Bars", '£1.00', '(83.3p/100g)'), ('asda', 'https://groceries.asda.com/product/2215673363471', "Kellogg's Coco Pops, Rice Krispies, Coco Pops Cereal Bars and Milk Bundle", '£6.09', 'No weight data'), ('asda', 'https://groceries.asda.com/product/910000562785', "Kellogg's Crunchy Nut Milk Chocolate Clusters", '£2.89', '(64.2p/100g)'), ('asda', 'https://groceries.asda.com/product/23752', "Kellogg's Frosties Cereal & Milk Bars", '£1.00', '(66.7p/100g)'), ('asda', 'https://groceries.asda.com/product/910000396055', "Kellogg's Krave Milk Chocolate", '£2.99', '(79.7p/100g)'), ('asda', 'https://groceries.asda.com/product/1000007182869', "Kellogg's Krave Milk Chocolate", '£4.00', '(47.1p/100g)'), ('coop', 'https://www.coop.co.uk/products/kelloggs-krave-milk-chocolate-375g', "Kellogg's Krave Milk Chocolate 375g", '£3.30', '375g (53.3p per 100g)'), ('tesco', 'https://www.tesco.com/groceries/en-GB/products/299669027', "Kellogg's Krave Milk Chocolate Cereal 850G", '£ 4.00', '£0.47/100g'), ('asda', 'https://groceries.asda.com/product/1000166634779', "Kellogg's Krave Milk Chocolate Snack Bag", '£1.25', '(£1.39/100g)'), ('asda', 'https://groceries.asda.com/product/493435', "Kellogg's Rice Krispies Cereal & Milk Bars", '£1.00', '(83.3p/100g)'), ('tesco', 'https://www.tesco.com/groceries/en-GB/products/252040802', "Kellogg's Rice Krispies Cereal Milk Bars 6X20g", '£ 0.99', '£0.82/100g'), ('asda', 'https://groceries.asda.com/product/2215673363469', "Kellogg's Rice Krispies, Coco Pops, Rice Krispies Cereal Bars and Milk Bundle", '£6.09', 'No weight data'), ('asda', 'https://groceries.asda.com/product/1000039942723', "Kellogg's Special K Bar Milk Chocolate", '£1.00', '(74.1p/100g)'), ('sains', 'https://www.sainsburys.co.uk/shop/gb/groceries/product/details/all-price-lock/kelloggs-special-k-bar-milk-chocolate-5x27g', "Kellogg's Special K Bar Milk Chocolate 5x27g", '£1.00', '74p / 100g'), ('sains', 'https://www.sainsburys.co.uk/shop/gb/groceries/product/details/price-lock-food-cupboard/kelloggs-special-k-bar-milk-chocolate-5x27g', "Kellogg's Special K Bar Milk Chocolate 5x27g", '£1.00', '74p / 100g'), ('tesco', 'https://www.tesco.com/groceries/en-GB/products/272228804', "Kellogg's Special K Milk Chocolate Chewy Delight 4X24g", '£ 1.99', '£2.08/100g'), ('asda', 'https://groceries.asda.com/product/910000562897', "Kellogg's Special K Milk Chocolate Delight Bars", '£1.99', '(£2.07/100g)'), ('asda', 'https://groceries.asda.com/product/1000228757688', 'Kendamil 1 First Infant Milk Powder Formula From Birth', '£9.00', 'No weight data'), ('asda', 'https://groceries.asda.com/product/1000228757661', 'Kendamil 2 Follow On Milk Powder Formula 6-12 Months', '£9.00', 'No weight data'), ('sains', 'https://www.sainsburys.co.uk/shop/gb/groceries/product/details/all-butter-spreads/kerrymaid-500g', 'Kerrymaid Creamy Buttermilk Spread 500G', '£2.00', '£4.00 / kg'), ('tesco', 'https://www.tesco.com/groceries/en-GB/products/257679200', 'Kinder Bueno Milk & Hazelnut 4 Pack 172G', '£ 1.69', '£0.98/100g'), ('asda', 'https://groceries.asda.com/product/13852635', 'Kinder Bueno Milk & Hazelnuts Multipack 4 Pack', '£2.00', '(£1.16/100g)'), ('asda', 'https://groceries.asda.com/product/910000265081', 'Kinder Bueno Milk and Hazelnuts Single Bar 2 finger', '£0.55', '(£1.28/100g)'), ('asda', 'https://groceries.asda.com/product/910003082301', 'Kinder Bueno White Milk and Hazelnuts 2 Pack', '£0.55', '(£1.41/100g)'), ('tesco', 'https://www.tesco.com/groceries/en-GB/products/295409711', 'Kinder Chocolate Mini Milk Chocolate Bar & Lamb Toy 73G', '£ 5.00', '£6.85/100g'), ('asda', 'https://groceries.asda.com/product/910002999587', 'Kinder Cocco Milk & Coconut Sponge Cake', '£0.75', '(£2.50/100g)'), ('asda', 'https://groceries.asda.com/product/1000002934342', 'Kinder Happy Hippo Milk Chocolate and Hazelnut Biscuits Multipack 5 Pack', '£1.35', '(£1.31/100g)'), ('asda', 'https://groceries.asda.com/product/910000272164', 'Kinder Milk & Honey Slice', '£1.25', '(89.3p/100g)'), ('asda', 'https://groceries.asda.com/product/1000207689245', 'Kinder Milk Chocolate & Hazelnut Schoko-Bons', '£1.00', '(£1.43/100g)'), ('tesco', 'https://www.tesco.com/groceries/en-GB/products/271765198', 'Kinder Milk Chocolate Easter Mini Figures 6 X 15G', '£ 2.00', '£2.23/100g'), ('tesco', 'https://www.tesco.com/groceries/en-GB/products/307135970', 'Kinder Milk Slice Milk And Honey 3 X 28G', '£ 1.00', '£1.20/100g'), ('asda', 'https://groceries.asda.com/product/1000188692440', 'Kingsmill Blueberry Cheesecake Buttermilk Pancakes', '£0.70', '(17.5p/each)'), ('asda', 'https://groceries.asda.com/product/1000188692389', 'Kingsmill Double Choc Buttermilk Pancakes', '£0.70', '(17.5p/each)'), ('asda', 'https://groceries.asda.com/product/1000235368559', 'Kinnerton Barbie Milk Chocolate Advent Calendar (40g)', '£1.00', 'No weight data'), ('asda', 'https://groceries.asda.com/product/1000235368514', 'Kinnerton Barbie Vet Set with Milk Chocolate Treats', '£1.00', '(£1.69/100g)'), ('asda', 'https://groceries.asda.com/product/1000235368538', 'Kinnerton Crayola Colour-in Mug with Milk Chocolate Bars', '£1.00', '(£4.17/100g)'), ('asda', 'https://groceries.asda.com/product/1000235368534', 'Kinnerton Paw Patrol Clock & Milk Chocolate Treats', '£1.00', '(£1.69/100g)'), ('asda', 'https://groceries.asda.com/product/1000169694810', 'Kinnerton PAW Patrol Milk Chocolate Advent Calendar', '£1.00', '(£2.50/100g)'), ('asda', 'https://groceries.asda.com/product/1000235368605', 'Kinnerton Paw Patrol Milk Chocolate Christmas Treats', '£1.50', 'No weight data'), ('asda', 'https://groceries.asda.com/product/1000235368434', 'Kinnerton Peppa Pig Hand Puppet with Milk Chocolate Treats', '£4.00', '(£7.55/100g)'), ('asda', 'https://groceries.asda.com/product/1000169694818', 'Kinnerton Peppa Pig Milk Chocolate Advent Calendar', '£1.00', '(£2.50/100g)'), ('asda', 'https://groceries.asda.com/product/1000235368445', 'Kinnerton Peppa Pig Milk Chocolate Treats', '£1.50', 'No weight data'), ('asda', 'https://groceries.asda.com/product/1000235368485', 'Kinnerton Thomas & Friends Milk Chocolate Advent Calendar (40g)', '£1.00', 'No weight data'), ('tesco', 'https://www.tesco.com/groceries/en-GB/products/307166184', 'Kit Kat 2 Finger Milk Chocolate 14 Bar Pack 289.8G', '£ 2.00', '£0.69/100g'), ('tesco', 'https://www.tesco.com/groceries/en-GB/products/292743872', 'Kit Kat 2 Finger Milk Chocolate 21 Pack 434.7G', '£ 2.89', '£0.66/100g'), ('tesco', 'https://www.tesco.com/groceries/en-GB/products/297556924', 'Kit Kat 2 Finger Milk Chocolate Biscuits 9 Pack 186.3G', '£ 1.50', '£0.81/100g'), ('tesco', 'https://www.tesco.com/groceries/en-GB/products/307510042', 'Kit Kat 2 Fingers Wafer Milk Chocolate Hazelnut 9X20.7G', '£ 1.50', '£0.81/100g'), ('tesco', 'https://www.tesco.com/groceries/en-GB/products/307510007', 'Kit Kat 2 Fingers Wafer Milk Chocolate Honeycomb 9X20.7G', '£ 1.99', '£1.07/100g'), ('tesco', 'https://www.tesco.com/groceries/en-GB/products/292573531', 'Kit Kat 4 Finger Milk Chocolate Bar 41.5G', '£ 0.60', '£1.45/100g'), ('sains', 'https://www.sainsburys.co.uk/shop/gb/groceries/product/details/top-rated-44/kit-kat-4-finger-milk-chocolate-bar-multipack-x8-415g-7541366-p', 'Kit Kat 4 Finger Milk Chocolate Bar Multipack x8 41.5g', '£2.50', '75p / 100g'), ('tesco', 'https://www.tesco.com/groceries/en-GB/products/308082684', 'Kit Kat 6 Mini Milk Chocolate Bunny 66G', '£ 1.00', '£1.52/100g'), ('tesco', 'https://www.tesco.com/groceries/en-GB/products/305554119', 'Kit Kat Bunny Milk Chocolate Large Egg 238G', '£ 3.00', '£1.27/100g'), ('tesco', 'https://www.tesco.com/groceries/en-GB/products/308079464', 'Kit Kat Chunky Milk Chocolate Easter Egg 129G', '£ 1.00', '£0.78/100g'), ('tesco', 'https://www.tesco.com/groceries/en-GB/products/305554102', 'Kit Kat Chunky Milk Chocolate Large Egg 260G', '£ 3.00', '£1.16/100g'), ('coop', 'https://www.coop.co.uk/products/nestle-kit-kat-milk-2-fingers-9-pack-186-3g', 'Kit Kat Milk 2 Fingers 9 Pack 186.3g', '£2', '186.3g (£1.07 per 100g)\n9 pack'), ('tesco', 'https://www.tesco.com/groceries/en-GB/products/292573934', 'Kit Kat Milk Chocolate 4 Pack 166G', '£ 1.00', '£0.60/100g'), ('tesco', 'https://www.tesco.com/groceries/en-GB/products/292573715', 'Kit Kat Milk Chocolate Bar 4 Finger 41.5G X 8 Pack', '£ 2.00', '£0.60/100g'), ('sains', 'https://www.sainsburys.co.uk/shop/gb/groceries/product/details/easter-special-offers/kit-kat-bunny-29g', 'Kit Kat Milk Chocolate Bunny 29g', '35p', '£1.20 / 100g'), ('sains', 'https://www.sainsburys.co.uk/shop/gb/groceries/product/details/all-easter-eggs-and-chocolate-/kit-kat-bunny-29g', 'Kit Kat Milk Chocolate Bunny 29g', '35p', '£1.20 / 100g'), ('sains', 'https://www.sainsburys.co.uk/shop/gb/groceries/product/details/easter-special-offers/kit-kat-milk-chocolate-filled-mini-eggs-pouch-81g', 'Kit Kat Milk Chocolate Filled Mini Eggs Pouch 81g', '£1.00', '£1.23 / 100g'), ('sains', 'https://www.sainsburys.co.uk/shop/gb/groceries/product/details/all-easter-/kit-kat-milk-chocolate-filled-mini-eggs-pouch-81g', 'Kit Kat Milk Chocolate Filled Mini Eggs Pouch 81g', '£1.00', '£1.23 / 100g'), ('sains', 'https://www.sainsburys.co.uk/shop/gb/groceries/product/details/all-easter-/kit-kat-bunny-pouch-66g', 'Kit Kat Milk Chocolate Mini Bunnies Pouch 66g', '£1.00', '£1.52 / 100g'), ('tesco', 'https://www.tesco.com/groceries/en-GB/products/308089826', 'Kit Kat Milk Chocolate Mini Eggs 81G', '£ 1.00', '£1.24/100g'), ('asda', 'https://groceries.asda.com/product/910003122063', 'KitKat 2 Finger Milk Chocolate Biscuit Bar, 9 Pack', '£1.50', '(80.5p/100g)'), ('asda', 'https://groceries.asda.com/product/1000232367042', 'KitKat 2 Finger Milk Chocolate Biscuit Bars', '£2.00', '(69.0p/100g)'), ('asda', 'https://groceries.asda.com/product/910002437888', 'KitKat 4 Finger Milk Chocolate Bar', '£0.55', '(£1.33/100g)'), ('asda', 'https://groceries.asda.com/product/910002437612', 'KitKat 4 Finger Milk Chocolate Bar, 4 Pack', '£0.98', '(59.0p/100g)'), ('sains', 'https://www.sainsburys.co.uk/shop/gb/groceries/product/details/easter-giant/kit-kat-bunny-giant-egg-295g', 'KitKat Bunny Milk Chocolate Giant Egg 295g', '£5.00', '£1.69 / 100g'), ('sains', 'https://www.sainsburys.co.uk/shop/gb/groceries/product/details/easter-special-offers/kit-kat-bunny-giant-egg-295g', 'KitKat Bunny Milk Chocolate Giant Egg 295g', '£5.00', '£1.69 / 100g'), ('sains', 'https://www.sainsburys.co.uk/shop/gb/groceries/product/details/all-easter-/kitkat-chunky-cookie-dough-milk-chocolate-incredible-egg-516g', 'KitKat Chunky Cookie Dough Milk Chocolate Incredible Egg 516g', '£10.00', '£1.94 / 100g'), ('sains', 'https://www.sainsburys.co.uk/shop/gb/groceries/product/details/easter-special-offers/kitkat-chunky-cookie-dough-milk-chocolate-incredible-egg-516g', 'KitKat Chunky Cookie Dough Milk Chocolate Incredible Egg 516g', '£10.00', '£1.94 / 100g'), ('sains', 'https://www.sainsburys.co.uk/shop/gb/groceries/product/details/easter-giant/kitkat-chunky-cookie-dough-milk-chocolate-incredible-egg-516g', 'KitKat Chunky Cookie Dough Milk Chocolate Incredible Egg 516g', '£10.00', '£1.94 / 100g'), ('asda', 'https://groceries.asda.com/product/1000236571331', 'KitKat Santa Milk Chocolate Advent Calendar', '£4.00', '(£2.05/100g)'), ('asda', 'https://groceries.asda.com/product/1000236571472', 'KitKat Santa Milk Chocolate Sharing Bag', '£1.00', '(£1.52/100g)'), ('asda', 'https://groceries.asda.com/product/910001456277', 'KTC Coconut Milk', '£0.59', '(£1.48/kg)'), ('asda', 'https://groceries.asda.com/product/23699423', 'Kulfi Ice Malai Milk Ice Lollies with Almonds & Pistachios', '£2.00', 'No weight data'), ('asda', 'https://groceries.asda.com/product/23699425', 'Kulfi Ice Pistachio Milk Lollies with Real Pistachos', '£2.00', 'No weight data'), ('asda', 'https://groceries.asda.com/product/1849120', "L'Oreal Age Perfect Cleansing Milk", '£2.50', '(£1.25/100ml)'), ('sains', 'https://www.sainsburys.co.uk/shop/gb/groceries/product/details/top-rated-44/loreal-age-perfect-cleanser-200ml', "L'Oreal Paris Age Perfect Cleansing Milk 200ml", '£2.50', '£1.25 / 100ml'), ('tesco', 'https://www.tesco.com/groceries/en-GB/products/252223333', "L'oreal Paris Age Perfect Cleansing Milk 200Ml", '£ 5.00', '£2.50/100ml'), ('asda', 'https://groceries.asda.com/product/1000112907040', "L'Oreal Paris Fine Flowers Cleansing Milk", '£3.95', '(£1.98/100ml)'), ('asda', 'https://groceries.asda.com/product/910002933503', 'Laciate Chocolate Flavoured UHT Milk', '£0.50', '(25.0p/100ml)'), ('asda', 'https://groceries.asda.com/product/910001461430', 'Laciate Junior UHT Milk', '£0.95', '(9.5p/100ml)'), ('asda', 'https://groceries.asda.com/product/78524096', 'Laciate Longlife 2% Milk', '£0.95', '(95.0p/lt)'), ('tesco', 'https://www.tesco.com/groceries/en-GB/products/263294438', 'Laciate Milk 2% 1 Litre', '£ 1.00', '£1.00/litre'), ('tesco', 'https://www.tesco.com/groceries/en-GB/products/263294513', 'Laciate Milk 3.2% 1 Litre', '£ 1.00', '£1.00/litre'), ('asda', 'https://groceries.asda.com/product/910002933764', 'Laciate Strawberry Flavoured UHT Milk', '£0.50', '(25.0p/100ml)'), ('asda', 'https://groceries.asda.com/product/78524097', 'Laciate UHT 3.2% Milk', '£0.95', '(95.0p/lt)'), ('asda', 'https://groceries.asda.com/product/910002933933', 'Laciate Vanilla Flavoured UHT Milk', '£0.50', '(25.0p/100ml)'), ('tesco', 'https://www.tesco.com/groceries/en-GB/products/258877943', 'Lactofree Fresh Semi Skimmed Milk 1L', '£ 1.40', '£1.40/litre'), ('tesco', 'https://www.tesco.com/groceries/en-GB/products/259742068', 'Lactofree Fresh Whole Milk 1L', '£ 1.40', '£1.40/litre'), ('tesco', 'https://www.tesco.com/groceries/en-GB/products/259366628', 'Lactofree Longlife Whole Milk 1L', '£ 1.40', '£1.40/litre'), ('tesco', 'https://www.tesco.com/groceries/en-GB/products/267309503', 'Lactofree Milk Longlife Portions 5X20ml', '£ 0.75', '£7.50/litre'), ('sains', 'https://www.sainsburys.co.uk/shop/gb/groceries/product/details/lactose-free--/arla-lactofree-semi-skimmed-milk-portions-5x20ml', 'Lactofree UHT Semi Skimmed Milk Portions 5x20ml', '75p', '£7.50 / ltr'), ('tesco', 'https://www.tesco.com/groceries/en-GB/products/281381884', 'Lancashire Farm Whole Milk Yogurt 1Kg', '£ 1.50', '£1.50/kg'), ('asda', 'https://groceries.asda.com/product/1000000473614', 'Lancashire Farm Wholemilk Natural Yogurt', '£0.80', '(17.0p/100g)'), ('tesco', 'https://www.tesco.com/groceries/en-GB/products/283816938', 'Lansinoh Breastmilk Storage Bags X25', '£ 5.50', '£0.22/each'), ('asda', 'https://groceries.asda.com/product/1000240590377', 'Lebkuchen Milk Chocolate Rounds Biscuits', '£0.25', '(12.5p/100g)'), ('tesco', 'https://www.tesco.com/groceries/en-GB/products/302284587', 'Lindt Excellence 55% Milk Chocolate Cocoa Bar 80G', '£ 2.00', '£2.50/100g'), ('tesco', 'https://www.tesco.com/groceries/en-GB/products/302300327', 'Lindt Excellence 65% Milk Chocolate Cocoa Bar 80G', '£ 2.00', '£2.50/100g'), ('tesco', 'https://www.tesco.com/groceries/en-GB/products/251277783', 'Lindt Excellence Extra Creamy Milk Chocolate Bar 100G', '£ 2.00', '£2.00/100g'), ('asda', 'https://groceries.asda.com/product/1000157579301', 'Lindt Excellence Milk 45% Cocoa Chocolate Bar', '£1.99', '(£2.49/100g)'), ('asda', 'https://groceries.asda.com/product/1000157579304', 'Lindt Excellence Milk 55% Cocoa Chocolate Bar', '£1.99', '(£2.49/100g)'), ('asda', 'https://groceries.asda.com/product/1000157579361', 'Lindt Excellence Milk 65% Cocoa Chocolate Bar', '£1.99', '(£2.49/100g)'), ('sains', 'https://www.sainsburys.co.uk/shop/gb/groceries/product/details/chocolate-and-sweets-/lindt-excellence-bar--creamy-milk-chocolate-100g', 'Lindt Excellence Milk Extra Creamy Chocolate Bar 100g', '£1.50', '£1.50 / 100g'), ('tesco', 'https://www.tesco.com/groceries/en-GB/products/304411947', 'Lindt Excellence Milk Sea Salt Caramel Chocolate 100G', '£ 2.00', '£2.00/100g'), ('sains', 'https://www.sainsburys.co.uk/shop/gb/groceries/product/details/all-easter-/lindt-gold-bunny-egg-115g', 'Lindt Gold Bunny Easter Egg Milk Chocolate 115g', '£5.00', '£4.35 / 100g'), ('sains', 'https://www.sainsburys.co.uk/shop/gb/groceries/product/details/easter-special-offers/lindt-gold-bunny-egg-115g', 'Lindt Gold Bunny Easter Egg Milk Chocolate 115g', '£5.00', '£4.35 / 100g'), ('tesco', 'https://www.tesco.com/groceries/en-GB/products/281221971', 'Lindt Gold Bunny Milk & Hazelnut 100G', '£ 2.50', '£2.50/100g'), ('tesco', 'https://www.tesco.com/groceries/en-GB/products/261845954', 'Lindt Gold Bunny Milk Chocolate 100G', '£ 2.50', '£2.50/100g'), ('sains', 'https://www.sainsburys.co.uk/shop/gb/groceries/product/details/all-easter-eggs-and-chocolate-/lindt-gold-bunny-milk-chocolate-100g', 'Lindt Gold Bunny Milk Chocolate 100g', '£2.50', '£2.50 / 100g'), ('sains', 'https://www.sainsburys.co.uk/shop/gb/groceries/product/details/all-easter-/lindt-gold-bunny-egg-195g', 'Lindt Gold Bunny Milk Chocolate 195g', '£10.00', '£5.13 / 100g'), ('sains', 'https://www.sainsburys.co.uk/shop/gb/groceries/product/details/easter-special-offers/lindt-gold-bunny-egg-195g', 'Lindt Gold Bunny Milk Chocolate 195g', '£10.00', '£5.13 / 100g'), ('tesco', 'https://www.tesco.com/groceries/en-GB/products/304791640', 'Lindt Gold Bunny Milk Chocolate 200G', '£ 4.00', '£2.00/100g'), ('tesco', 'https://www.tesco.com/groceries/en-GB/products/251095266', 'Lindt Gold Bunny Milk Chocolate 200G', '£ 4.00', '£2.00/100g'), ('tesco', 'https://www.tesco.com/groceries/en-GB/products/257054162', 'Lindt Gold Bunny Milk Chocolate 50G', '£ 1.50', '£3.00/100g'), ('tesco', 'https://www.tesco.com/groceries/en-GB/products/304790854', 'Lindt Gold Bunny Milk Chocolate Egg 115G', '£ 4.00', '£3.48/100g'), ('tesco', 'https://www.tesco.com/groceries/en-GB/products/304797294', 'Lindt Gold Bunny Milk Chocolate Egg 195G', '£ 8.00', '£4.11/100g'), ('tesco', 'https://www.tesco.com/groceries/en-GB/products/304399621', 'Lindt Gold Bunny Milk Chocolate Egg 460G', '£ 15.00', '£3.27/100g'), ('tesco', 'https://www.tesco.com/groceries/en-GB/products/264358155', 'Lindt Gold Milk Chocolate Easter Bunny 5 X 10G', '£ 2.00', '£4.00/100g'), ('tesco', 'https://www.tesco.com/groceries/en-GB/products/258202199', 'Lindt Hazelnut Milk Chocolate Bar 150G', '£ 2.50', '£1.67/100g'), ('asda', 'https://groceries.asda.com/product/1000107572027', 'Lindt Les Grandes Milk Chocolate Hazelnut Bar', '£2.50', '(£1.67/100g)'), ('sains', 'https://www.sainsburys.co.uk/shop/gb/groceries/product/details/top-rated-44/lindt-milk-hazelnut-150g', 'Lindt Les Grandes Milk Chocolate Hazelnut Bar 150g', '£3.00', '£2.00 / 100g'), ('sains', 'https://www.sainsburys.co.uk/shop/gb/groceries/product/details/chocolate-and-sweets-/lindt-milk-hazelnut-150g', 'Lindt Les Grandes Milk Chocolate Hazelnut Bar 150g', '£3.00', '£2.00 / 100g'), ('sains', 'https://www.sainsburys.co.uk/shop/gb/groceries/product/details/all-mothers-day/lindt-milk-hazelnut-150g', 'Lindt Les Grandes Milk Chocolate Hazelnut Bar 150g', '£3.00', '£2.00 / 100g'), ('asda', 'https://groceries.asda.com/product/1000157579174', 'Lindt Lindor Assorted Milk & White Chocolate', '£5.50', 'No weight data'), ('tesco', 'https://www.tesco.com/groceries/en-GB/products/302862404', 'Lindt Lindor Assorted Milk Chocolate Shell Egg 215G', '£ 6.00', '£2.80/100g'), ('asda', 'https://groceries.asda.com/product/1000157579199', 'Lindt Lindor Gift Wrapped Milk Chocolates', '£7.00', '(£2.44/100g)'), ('tesco', 'https://www.tesco.com/groceries/en-GB/products/302318589', 'Lindt Lindor Milk & White Chocolate Box 200G', '£ 5.00', '£2.50/100g'), ('asda', 'https://groceries.asda.com/product/910001431762', 'Lindt Lindor Milk Chocolate', '£0.75', '(£1.97/100g)'), ('tesco', 'https://www.tesco.com/groceries/en-GB/products/297057651', 'Lindt Lindor Milk Chocolate 4X25g', '£ 2.00', '£2.00/100g'), ('asda', 'https://groceries.asda.com/product/910000460007', 'Lindt Lindor Milk Chocolate Bar', '£1.70', '(£1.70/100g)'), ('tesco', 'https://www.tesco.com/groceries/en-GB/products/268370997', 'Lindt Lindor Milk Chocolate Bar 100G', '£ 1.70', '£1.70/100g'), ('asda', 'https://groceries.asda.com/product/1000000987071', 'Lindt Lindor Milk Chocolate Bars 4 Pack', '£2.00', '(£2.00/100g)'), ('asda', 'https://groceries.asda.com/product/910000464579', 'Lindt Lindor Milk Chocolate Carton', '£5.50', '(£1.63/100g)'), ('asda', 'https://groceries.asda.com/product/485334', 'Lindt Lindor Milk Chocolate Carton', '£3.50', '(£1.75/100g)'), ('tesco', 'https://www.tesco.com/groceries/en-GB/products/307151495', 'Lindt Lindor Milk Chocolate Eggs 80G', '£ 1.50', '£1.88/100g'), ('asda', 'https://groceries.asda.com/product/1000235368566', 'Lindt Lindor Milk Chocolate Mini Truffles', '£1.50', '(£1.88/100g)'), ('tesco', 'https://www.tesco.com/groceries/en-GB/products/302862387', 'Lindt Lindor Milk Chocolate Shell Egg 215G', '£ 6.00', '£2.80/100g'), ('asda', 'https://groceries.asda.com/product/1000208077873', 'Lindt Lindor Milk Chocolate Truffles Box', '£1.00', '(£2.70/100g)'), ('sains', 'https://www.sainsburys.co.uk/shop/gb/groceries/product/details/all-easter-/lindt-lindor-milk-chocolate-200g', 'Lindt Lindor Milk Chocolate Truffles Box 200g', '£4.00', '£2.00 / 100g'), ('sains', 'https://www.sainsburys.co.uk/shop/gb/groceries/product/details/easter-special-offers/lindt-lindor-milk-chocolate-200g', 'Lindt Lindor Milk Chocolate Truffles Box 200g', '£4.00', '£2.00 / 100g'), ('sains', 'https://www.sainsburys.co.uk/shop/gb/groceries/product/details/boxedchocolates/lindt-lindor-milk-chocolate-200g', 'Lindt Lindor Milk Chocolate Truffles Box 200g', '£4.00', '£2.00 / 100g'), ('sains', 'https://www.sainsburys.co.uk/shop/gb/groceries/product/details/chocolate-and-sweets-/lindt-lindor-milk-chocolate-200g', 'Lindt Lindor Milk Chocolate Truffles Box 200g', '£4.00', '£2.00 / 100g'), ('sains', 'https://www.sainsburys.co.uk/shop/gb/groceries/product/details/all-gifting/lindt-lindor-milk-chocolate-200g', 'Lindt Lindor Milk Chocolate Truffles Box 200g', '£4.00', '£2.00 / 100g'), ('sains', 'https://www.sainsburys.co.uk/shop/gb/groceries/product/details/chocolate-and-sweets-/lindt-lindor-milk-chocolate-337g', 'Lindt Lindor Milk Chocolate Truffles Box 337g', '£6.00', '£1.78 / 100g'), ('sains', 'https://www.sainsburys.co.uk/shop/gb/groceries/product/details/all-easter-eggs-and-chocolate-/lindt-lindor-milk-chocolate-337g', 'Lindt Lindor Milk Chocolate Truffles Box 337g', '£6.00', '£1.78 / 100g'), ('sains', 'https://www.sainsburys.co.uk/shop/gb/groceries/product/details/sweet-treats-44/lindt-lindor-milk-chocolate-337g', 'Lindt Lindor Milk Chocolate Truffles Box 337g', '£6.00', '£1.78 / 100g'), ('coop', 'https://www.coop.co.uk/products/lindt-lindor-milk-chocolate-truffles-box-337g', 'Lindt Lindor Milk Chocolate Truffles Box 337g', '£6', '337g (£1.78 per 100g)'), ('sains', 'https://www.sainsburys.co.uk/shop/gb/groceries/product/details/special-offers-/lindt-lindor-milk-chocolate-337g', 'Lindt Lindor Milk Chocolate Truffles Box 337g', '£6.00', '£1.78 / 100g'), ('sains', 'https://www.sainsburys.co.uk/shop/gb/groceries/product/details/boxedchocolates/lindt-lindor-milk-chocolate-337g', 'Lindt Lindor Milk Chocolate Truffles Box 337g', '£6.00', '£1.78 / 100g'), ('sains', 'https://www.sainsburys.co.uk/shop/gb/groceries/product/details/special-offers-/lindt-lindor-milk-chocolate-50g', 'Lindt Lindor Milk Chocolate Truffles Box 37g', '£1.00', '£2.70 / 100g'), ('sains', 'https://www.sainsburys.co.uk/shop/gb/groceries/product/details/chocolate-and-sweets-/lindt-lindor-milk-chocolate-50g', 'Lindt Lindor Milk Chocolate Truffles Box 37g', '£1.00', '£2.70 / 100g'), ('sains', 'https://www.sainsburys.co.uk/shop/gb/groceries/product/details/easter-special-offers/lindt-lindor-milk-chocolate-50g', 'Lindt Lindor Milk Chocolate Truffles Box 37g', '£1.00', '£2.70 / 100g'), ('tesco', 'https://www.tesco.com/groceries/en-GB/products/250265770', 'Lindt Lindor Milk Chocolate Truffles Carton 200G', '£ 5.00', '£2.50/100g'), ('tesco', 'https://www.tesco.com/groceries/en-GB/products/259183944', 'Lindt Lindor Milk Chocolate Truffles Carton 337G', '£ 7.40', '£2.20/100g'), ('asda', 'https://groceries.asda.com/product/910002593462', 'Lindt Lindor Milk Chocolate Truffles in a Bowl', '£9.00', '(£1.64/100g)'), ('asda', 'https://groceries.asda.com/product/1000235368506', 'Lindt Lindor Milk Chocolate Truffles, Hearts & Square Advent Calendar', '£8.00', '(£2.67/100g)'), ('tesco', 'https://www.tesco.com/groceries/en-GB/products/306948067', 'Lindt Lindor Milk Mini Chocolate Pouch 90G', '£ 2.50', '£2.78/100g'), ('tesco', 'https://www.tesco.com/groceries/en-GB/products/297738842', 'Lindt Lindor Milk Mint 200G', '£ 5.00', '£2.50/100g'), ('asda', 'https://groceries.asda.com/product/1000044365860', 'Lindt Lindor Milk Orange Chocolate Bars', '£2.00', '(£2.00/100g)'), ('sains', 'https://www.sainsburys.co.uk/shop/gb/groceries/product/details/sweet-treats-44/lindor-milk-orange-cornet-200g', 'Lindt Lindor Milk Orange Chocolate Truffles Box 200g', '£4.00', '£2.00 / 100g'), ('sains', 'https://www.sainsburys.co.uk/shop/gb/groceries/product/details/all-gifting/lindor-milk-orange-cornet-200g', 'Lindt Lindor Milk Orange Chocolate Truffles Box 200g', '£4.00', '£2.00 / 100g'), ('sains', 'https://www.sainsburys.co.uk/shop/gb/groceries/product/details/chocolate-and-sweets-/lindor-milk-orange-cornet-200g', 'Lindt Lindor Milk Orange Chocolate Truffles Box 200g', '£4.00', '£2.00 / 100g'), ('asda', 'https://groceries.asda.com/product/1000235368486', 'Lindt Lindor Milk Selection Box', '£6.00', '(£2.56/100g)'), ('tesco', 'https://www.tesco.com/groceries/en-GB/products/306503726', 'Lindt Lindor Milk Truffles 37G', '£ 1.20', '£3.25/100g'), ('tesco', 'https://www.tesco.com/groceries/en-GB/products/307140986', 'Lindt Lindor Mint Milk Chocolate Eggs 80G', '£ 1.50', '£1.88/100g'), ('asda', 'https://groceries.asda.com/product/910003081538', 'Lindt Lindor Orange Milk Chocolate Bar', '£0.75', '(£1.97/100g)'), ('asda', 'https://groceries.asda.com/product/910002078031', 'Lindt Lindor Orange Milk Chocolate Truffles with a Smooth Melting Filling', '£3.50', '(£1.75/100g)'), ('tesco', 'https://www.tesco.com/groceries/en-GB/products/302273139', 'Lindt Milk Chocolate & Hazelnut Wafer 30G', '£ 0.80', '£2.67/100g'), ('sains', 'https://www.sainsburys.co.uk/shop/gb/groceries/product/details/easter-special-offers/lindt-milk-chocolate-easter-egg-with-lindor-assorted-truffles-260g', 'Lindt Milk Chocolate Easter Egg with Lindor Assorted Truffles 260g', '£10.00', '£3.85 / 100g'), ('tesco', 'https://www.tesco.com/groceries/en-GB/products/307359123', 'Lindt Milk Chocolate Egg With Assorted Truffles 348G', '£ 15.00', '£4.32/100g'), ('tesco', 'https://www.tesco.com/groceries/en-GB/products/307157539', 'Lindt Milk Chocolate Egg With Lindor Assorted Truffles 260G', '£ 8.00', '£3.08/100g'), ('sains', 'https://www.sainsburys.co.uk/shop/gb/groceries/product/details/easterluxury/lindt-lindor-milk-chocolate-easter-egg-with-lindor-filled-eggs-322g', 'Lindt Milk Chocolate Egg with LINDOR Milk Filled Eggs 322g', '£12.00', '£3.73 / 100g'), ('tesco', 'https://www.tesco.com/groceries/en-GB/products/307361315', 'Lindt Milk Chocolate Egg With Lindor Milk Truffles 348G', '£ 15.00', '£4.32/100g'), ('tesco', 'https://www.tesco.com/groceries/en-GB/products/307159475', 'Lindt Milk Chocolate Egg With Lindor Mint Truffles 260G', '£ 8.00', '£3.08/100g'), ('sains', 'https://www.sainsburys.co.uk/shop/gb/groceries/product/details/all-easter-eggs-and-chocolate-/lindt-lindor-milk-mint-egg-285g-check-your-local-store-for-available-range-', 'Lindt Milk Chocolate Egg with LINDOR Mint Truffles 260g', '£10.00', '£3.85 / 100g'), ('tesco', 'https://www.tesco.com/groceries/en-GB/products/307341944', 'Lindt Milk Chocolate Egg With Milk & White Truffles 260G', '£ 8.00', '£3.08/100g'), ('tesco', 'https://www.tesco.com/groceries/en-GB/products/307354537', 'Lindt Milk Chocolate Egg With Milk Lndor Truffles 260G', '£ 8.00', '£3.08/100g'), ('tesco', 'https://www.tesco.com/groceries/en-GB/products/307137023', 'Lindt Milk Chocolate Egg With Salted Caramel Truffles 260G', '£ 8.00', '£3.08/100g'), ('asda', 'https://groceries.asda.com/product/910000464636', 'Lindt Milk Chocolate Gold Reindeer', '£2.50', '(£2.50/100g)'), ('asda', 'https://groceries.asda.com/product/910000464535', 'Lindt Milk Chocolate Santa Claus', '£2.50', '(£2.00/100g)'), ('asda', 'https://groceries.asda.com/product/910000464862', 'Lindt Milk Chocolate Teddy', '£2.50', '(£2.50/100g)'), ('asda', 'https://groceries.asda.com/product/1000072843061', 'Lindt Milk Chocolate Teddy', '£2.50', '(£2.50/100g)'), ('tesco', 'https://www.tesco.com/groceries/en-GB/products/307135479', 'Lindt Mini Eggs Milk Chocolate With Creamy Filling 80G', '£ 1.50', '£1.88/100g'), ('tesco', 'https://www.tesco.com/groceries/en-GB/products/307755558', 'Lindt Mini Milk Chocolate Eggs 177G', '£ 4.00', '£2.26/100g'), ('sains', 'https://www.sainsburys.co.uk/shop/gb/groceries/product/details/all-easter-eggs-and-chocolate-/lindt-nuxor-milk-165g', 'Lindt Nuxor with Milk Chocolate 165g', '£5.00', '£3.03 / 100g'), ('sains', 'https://www.sainsburys.co.uk/shop/gb/groceries/product/details/boxedchocolates/lindt-nuxor-milk-165g', 'Lindt Nuxor with Milk Chocolate 165g', '£5.00', '£3.03 / 100g'), ('sains', 'https://www.sainsburys.co.uk/shop/gb/groceries/product/details/all-easter-/lindt-nuxor-milk-165g', 'Lindt Nuxor with Milk Chocolate 165g', '£5.00', '£3.03 / 100g'), ('sains', 'https://www.sainsburys.co.uk/shop/gb/groceries/product/details/easter-special-offers/lindt-nuxor-milk-165g', 'Lindt Nuxor with Milk Chocolate 165g', '£5.00', '£3.03 / 100g'), ('sains', 'https://www.sainsburys.co.uk/shop/gb/groceries/product/details/sweet-treats-44/lindt-nuxor-milk-165g', 'Lindt Nuxor with Milk Chocolate 165g', '£5.00', '£3.03 / 100g'), ('asda', 'https://groceries.asda.com/product/910002075685', "Lindt Santa's Little Helpers Milk Chocolate 5 Pieces", '£2.00', '(£4.00/100g)'), ('asda', 'https://groceries.asda.com/product/1000001955109', 'Lindt Santa, Sleigh & 5 Gold Reindeer Milk Chocolates', '£2.00', '(£4.00/100g)'), ('sains', 'https://www.sainsburys.co.uk/shop/gb/groceries/product/details/all-easter-/lindt-gold-bunny-flower-milk-100g', 'Lindt Special Edition Gold Bunny Milk 100g', '£3.00', '£3.00 / 100g'), ('sains', 'https://www.sainsburys.co.uk/shop/gb/groceries/product/details/easter-special-offers/lindt-gold-bunny-flower-milk-100g', 'Lindt Special Edition Gold Bunny Milk 100g', '£3.00', '£3.00 / 100g'), ('asda', 'https://groceries.asda.com/product/1000179027729', 'Lindt Teddy Milk Chocolate Teddy Tree Decorations', '£3.00', '(£5.00/100g)'), ('asda', 'https://groceries.asda.com/product/1000196707175', 'Little Steps First Infant Milk From Birth', '£0.65', 'No weight data'), ('asda', 'https://groceries.asda.com/product/1000196707105', 'Little Steps Follow-on Milk 6mth+', '£0.65', 'No weight data'), ('asda', 'https://groceries.asda.com/product/1000196707080', 'Little Steps Growing up Milk 1-3yr', '£7.49', 'No weight data'), ('asda', 'https://groceries.asda.com/product/1000152808223', 'Lowicz Natural Buttermilk', '£1.05', '(10.5p/100ml)'), ('asda', 'https://groceries.asda.com/product/910000022507', 'LU Mikado Milk Chocolate Biscuits', '£1.00', '(£1.33/100g)'), ('tesco', 'https://www.tesco.com/groceries/en-GB/products/304381630', 'Lucy Bee Organic Coconut Milk 1 Litre', '£ 2.50', '£2.50/litre'), ('tesco', 'https://www.tesco.com/groceries/en-GB/products/306648094', 'M&M Crunchy Caramel Milk Chocolate 165G', '£ 2.00', '£1.22/100g'), ('tesco', 'https://www.tesco.com/groceries/en-GB/products/302303474', "M&M's Crispy Milk Chocolate Block 150G", '£ 2.00', '£1.34/100g'), ('tesco', 'https://www.tesco.com/groceries/en-GB/products/302276643', "M&M's Milk Chocolate Block 165G", '£ 2.00', '£1.22/100g'), ('tesco', 'https://www.tesco.com/groceries/en-GB/products/302317399', "M&M's Peanut Milk Chocolate Block 165G", '£ 2.00', '£1.22/100g'), ('coop', 'https://www.coop.co.uk/products/mackies-honeycomb-milk-chocolate-with-honeycomb-pieces-120g', "Mackie's Honeycomb Milk Chocolate with Honeycomb Pieces 120g", '£1', '120g (83.3p per 100g)'), ('coop', 'https://www.coop.co.uk/products/mackies-milk-chocolate-120g', "Mackie's Milk Chocolate 120g", '£1.80', '150g (66.7p per 100g)'), ('tesco', 'https://www.tesco.com/groceries/en-GB/products/268726658', 'Maggi Coconut Milk Powder 300G', '£ 4.39', '£1.47/100g'), ('coop', 'https://www.coop.co.uk/products/magnum-milk-chocolate-cookie-crunch-255ml', 'Magnum Milk Chocolate Cookie Crunch 255ml', '£2.50\nwas\n£4.10', '255ml (98.0p per 100ml)'), ('asda', 'https://groceries.asda.com/product/1000112907115', 'Mallow & Marsh Vanilla Marshmallows Coated in Milk Chocolate', '£2.00', '(£2.00/100g)'), ('tesco', 'https://www.tesco.com/groceries/en-GB/products/264282026', 'Malteaster Bunny Milk Chocolate Bar 29G', '£ 0.50', '£1.73/100g'), ('tesco', 'https://www.tesco.com/groceries/en-GB/products/272366605', 'Malteaster Minnie Bunnies Milk Chocolate Pouch 58G', '£ 1.00', '£1.73/100g'), ('tesco', 'https://www.tesco.com/groceries/en-GB/products/265947303', 'Maltesers Milk Chocolate Easter Egg & Chocolate 127G', '£ 1.00', '£0.79/100g'), ('tesco', 'https://www.tesco.com/groceries/en-GB/products/304403675', 'Maltesers Milk Chocolate Egg With 3 Bags Of Buttons 274G', '£ 5.00', '£1.83/100g'), ('tesco', 'https://www.tesco.com/groceries/en-GB/products/307140433', 'Maltesers Mint Buttons & Milk Chocolate Egg 274G', '£ 5.00', '£1.83/100g'), ('tesco', 'https://www.tesco.com/groceries/en-GB/products/293754713', 'Mars Chocolate Flavoured Milk Drink No Added Sugar 400Ml', '£ 1.35', '£0.34/100ml'), ('tesco', 'https://www.tesco.com/groceries/en-GB/products/281879774', 'Mars Galaxy Milk Chocolate Ripple Easter Egg 286G', '£ 5.00', '£1.75/100g'), ('tesco', 'https://www.tesco.com/groceries/en-GB/products/265946742', 'Mars Milk Chocolate Easter Egg & Chocolate 141G', '£ 1.00', '£0.71/100g'), ('tesco', 'https://www.tesco.com/groceries/en-GB/products/265947614', 'Mars Milk Chocolate Egg With Mars Bar 280G', '£ 3.00', '£1.08/100g'), ('coop', 'https://www.coop.co.uk/products/mars-milky-way-magic-stars-bag-100g', 'Mars Milky Way Magic Stars Bag 100g', '£1.55', '100g (£1.25 per 100g)'), ('tesco', 'https://www.tesco.com/groceries/en-GB/products/299585016', 'Marvel Dried Milk Powder 278G', '£ 4.00', '£1.44/100g'), ('tesco', 'https://www.tesco.com/groceries/en-GB/products/299250240', 'Maui Moisture Coconut Milk Conditioner 385Ml', '£ 8.99', '£2.34/100ml'), ('tesco', 'https://www.tesco.com/groceries/en-GB/products/299250332', 'Maui Moisture Coconut Milk Shampoo 385Ml', '£ 8.99', '£2.34/100ml'), ('tesco', 'https://www.tesco.com/groceries/en-GB/products/299250390', 'Maui Moisture Coconut Oil Curl Milk 236Ml', '£ 8.99', '£3.81/100ml'), ('asda', 'https://groceries.asda.com/product/1000022626818', 'Maui Moisture Nourish & Moisture + Coconut Milk Conditioner', '£4.50', '(£1.17/100ml)'), ('asda', 'https://groceries.asda.com/product/1000022626828', 'Maui Moisture Nourish & Moisture + Coconut Milk Shampoo', '£4.50', '(£1.17/100ml)'), ('asda', 'https://groceries.asda.com/product/910003066374', "McVitie's 5 Digestive Slices Topped with Milk Chocolate", '£1.00', '(20.0p/each)'), ('asda', 'https://groceries.asda.com/product/1000113394458', "McVitie's Choc Gems Milk Chocolate Topped Biscuits", '£1.00', '(£1.05/100g)'), ('asda', 'https://groceries.asda.com/product/910003066648', "McVitie's Digestives 5 Caramel Millionaire Slices with Milk Chocolate", '£1.00', '(20.0p/each)'), ('asda', 'https://groceries.asda.com/product/1000242811739', "McVitie's Digestives Christmas Pudding Milk Chocolate Biscuits", '£1.50', '(60.0p/100g)'), ('asda', 'https://groceries.asda.com/product/1000242811762', "McVitie's Digestives Gingerbread Milk Chocolate Biscuits", '£1.50', '(60.0p/100g)'), ('asda', 'https://groceries.asda.com/product/1000048178951', "McVitie's Digestives Milk Chocolate", '£1.00', '(37.6p/100g)'), ('asda', 'https://groceries.asda.com/product/1000052709811', "McVitie's Digestives Milk Chocolate", '£2.20', '(50.8p/100g)'), ('asda', 'https://groceries.asda.com/product/1000046413081', "McVitie's Digestives Milk Chocolate Twin Pack", '£1.50', '(23.7p/100g)'), ('sains', 'https://www.sainsburys.co.uk/shop/gb/groceries/product/details/bigger-packs-/mcvities-digestives-milk-chocolate-x2-316g', "McVitie's Digestives Milk Chocolate x2 Biscuits 316g", '£2.00', '31p / 100g'), ('asda', 'https://groceries.asda.com/product/910002325542', "McVitie's Digestives Nibbles Milk Chocolate", '£1.00', '(83.3p/100g)'), ('asda', 'https://groceries.asda.com/product/910002986391', "McVitie's Digestives Thins Milk Chocolate", '£1.00', '(55.6p/100g)'), ('asda', 'https://groceries.asda.com/product/910003066665', "McVitie's Hobnobs 5 Flapjacks Topped with Milk Chocolate", '£0.69', '(13.8p/each)'), ('asda', 'https://groceries.asda.com/product/910001079168', "McVitie's Hobnobs Milk Choc Biscuits", '£1.35', '(51.5p/100g)'), ('asda', 'https://groceries.asda.com/product/1000050944928', "McVitie's Hobnobs Thins Milk Chocolate", '£1.00', '(58.8p/100g)'), ('coop', 'https://www.coop.co.uk/products/mcvities-milk-chocolate-digestive-433g', "McVitie's Milk Chocolate Digestive 433g", '£2.70', '433g (31.2p per 100g)'), ('tesco', 'https://www.tesco.com/groceries/en-GB/products/300917199', "Mcvitie's Milk Chocolate Digestive Twin Pack 2X316g", '£ 2.10', '£0.33/100g'), ('coop', 'https://www.coop.co.uk/products/mcvities-milk-chocolate-digestives-266g', "McVitie's Milk Chocolate Digestives 266g", '£1.60', '266g (37.6p per 100g)'), ('tesco', 'https://www.tesco.com/groceries/en-GB/products/300917154', "Mcvitie's Milk Chocolate Digestives 433G", '£ 1.89', '£0.44/100g'), ('coop', 'https://www.coop.co.uk/products/mcvities-milk-chocolate-hobnobs-262g', "McVitie's Milk Chocolate Hobnobs 262g", '£1.80', '262g (38.2p per 100g)'), ('tesco', 'https://www.tesco.com/groceries/en-GB/products/300917239', "Mcvitie's Milk Chocolate Hobnobs 2X318g", '£ 2.10', '£0.33/100g'), ('coop', 'https://www.coop.co.uk/products/mcvities-milk-chocolate-hobnobs-431g', "McVitie's Milk Chocolate Hobnobs 431g", '£2.60', '431g (30.2p per 100g)'), ('asda', 'https://groceries.asda.com/product/1000005035383', "McVitie's Milk Chocolate Hobnobs Twin Pack", '£1.50', '(23.6p/100g)'), ('sains', 'https://www.sainsburys.co.uk/shop/gb/groceries/product/details/all-price-lock/mcvities-mini-milk-chocolate-digestive-150g', "McVitie's Mini Milk Chocolate Digestive Biscuits 150g", '£1.00', '88p / 100g'), ('tesco', 'https://www.tesco.com/groceries/en-GB/products/255404760', 'Mcvities Light Milk Chocolate Digestives 300G', '£ 1.50', '£0.50/100g'), ('tesco', 'https://www.tesco.com/groceries/en-GB/products/300917252', 'Mcvities Milk Chocolate Digestive 266G', '£ 1.35', '£0.51/100g'), ('tesco', 'https://www.tesco.com/groceries/en-GB/products/289205552', 'Mcvities Penguin Milk Chocolate Biscuit 8 Pack 196.8G', '£ 1.00', '£0.51/100g'), ('tesco', 'https://www.tesco.com/groceries/en-GB/products/306665659', 'Mcvities Vib Blood Orange Caramel & Milk Chocolate Biscuit 250G', '£ 1.75', '£0.70/100g'), ('tesco', 'https://www.tesco.com/groceries/en-GB/products/306657532', 'Mcvities Vib Classic Caramel Milk Chocolate Digestive 250G', '£ 1.75', '£0.70/100g'), ('tesco', 'https://www.tesco.com/groceries/en-GB/products/306647089', 'Mcvities Vib Hazelnut Caramel Milk Chocolate Digestives 250G', '£ 1.75', '£0.70/100g'), ('tesco', 'https://www.tesco.com/groceries/en-GB/products/268380680', 'Menier Milk Chocolate Patissier 100G', '£ 1.45', '£1.45/100g'), ('sains', 'https://www.sainsburys.co.uk/shop/gb/groceries/product/details/coffee-shop/mighty-pea-mlk-barista-1l', 'Mighty Pea Milk Barista 1L', '£2.00', '£2.00 / ltr'), ('sains', 'https://www.sainsburys.co.uk/shop/gb/groceries/product/details/all-dairy-free/mighty-pea-mlk-barista-1l', 'Mighty Pea Milk Barista 1L', '£2.00', '£2.00 / ltr'), ('sains', 'https://www.sainsburys.co.uk/shop/gb/groceries/product/details/all-future-brands/mighty-pea-mlk-barista-1l', 'Mighty Pea Milk Barista 1L', '£2.00', '£2.00 / ltr'), ('sains', 'https://www.sainsburys.co.uk/shop/gb/groceries/product/details/dairy-free-drinks/the-mighty-society-original-pea-mylk-1l', 'Mighty Pea Original Milk Alternative 1L', '£2.00', '£2.00 / ltr'), ('sains', 'https://www.sainsburys.co.uk/shop/gb/groceries/product/details/new-355373-44/mighty-pea-protein-oat-milk-alternative-1l', 'Mighty Pea Protein Oat Milk Alternative 1L', '£2.00', '£2.00 / ltr'), ('sains', 'https://www.sainsburys.co.uk/shop/gb/groceries/product/details/vegan-drink/The-Mighty-Society-Unsweetened-Pea-Mylk-1L', 'Mighty Pea Unsweetened Milk Alternative 1L', '£2.00', '£2.00 / ltr'), ('sains', 'https://www.sainsburys.co.uk/shop/gb/groceries/product/details/lactose-free--/The-Mighty-Society-Unsweetened-Pea-Mylk-1L', 'Mighty Pea Unsweetened Milk Alternative 1L', '£2.00', '£2.00 / ltr'), ('sains', 'https://www.sainsburys.co.uk/shop/gb/groceries/product/details/all-dairy-free-food-and-drink/The-Mighty-Society-Unsweetened-Pea-Mylk-1L', 'Mighty Pea Unsweetened Milk Alternative 1L', '£2.00', '£2.00 / ltr'), ('sains', 'https://www.sainsburys.co.uk/shop/gb/groceries/product/details/all-future-brands/The-Mighty-Society-Unsweetened-Pea-Mylk-1L', 'Mighty Pea Unsweetened Milk Alternative 1L', '£2.00', '£2.00 / ltr'), ('tesco', 'https://www.tesco.com/groceries/en-GB/products/264396691', 'Mikado Milk 75G', '£ 1.00', '£1.34/100g'), ('aldi', 'https://www.aldi.co.uk/milk/p/702525380821200', 'Milk', '1.49', '74.5p per 100g'), ('aldi', 'https://www.aldi.co.uk/milk-chocolate-biscuits/p/003754000539600', 'Milk Chocolate Biscuits', '0.99', '68.75p per 100g'), ('tesco', 'https://www.tesco.com/groceries/en-GB/products/276131923', 'Milk Chocolate Cookie 5 Pack', '£ 1.00', '£0.20/each'), ('coop', 'https://www.coop.co.uk/products/milk-chocolate-ginger-biscuits-150g', 'Milk Chocolate Ginger Biscuits 150g', '£1.70', '150g (66.6p per 100g)'), ('coop', 'https://www.coop.co.uk/products/milk-chocolate-viennese-biscuits-150g', 'Milk Chocolate Viennese Biscuits 150g', '£1.70', '150g (66.6p per 100g)'), ('aldi', 'https://www.aldi.co.uk/milk-chocolate-wafer-bars/p/045686003570600', 'Milk Chocolate Wafer Bars', '0.85', '49.1p per 100g'), ('asda', 'https://groceries.asda.com/product/910001790607', 'Milk of Magnesia Liquid', '£5.00', '(£2.50/100ml)'), ('tesco', 'https://www.tesco.com/groceries/en-GB/products/301578079', 'Milka Bubbly Milk&White 95G', '£ 1.00', '£1.06/100g'), ('tesco', 'https://www.tesco.com/groceries/en-GB/products/308099394', 'Milkbar White Chocolate Mini Eggs 80G', '£ 1.00', '£1.25/100g'), ('aldi', 'https://www.aldi.co.uk/milkshake-biscuits/p/068342258697201', 'Milkshake Biscuits', '0.99', '61.1p/ 66p per 100g'), ('asda', 'https://groceries.asda.com/product/1000234567246', 'Milky Way & Friends Chocolate Medium Christmas Selection Box', '£2.00', '(£1.57/100g)'), ('asda', 'https://groceries.asda.com/product/910001143825', 'Milky Way Cake Bars', '£2.50', '(25.0p/each)'), ('asda', 'https://groceries.asda.com/product/1000209848448', 'Milky Way Chocolate Bars Multipack 12 x 21.5g', '£1.99', '(77.1p/100g)'), ('asda', 'https://groceries.asda.com/product/1000161632935', 'Milky Way Chocolate Fun Size Bars Multipack 14 Bars', '£1.75', '(77.1p/100g)'), ('asda', 'https://groceries.asda.com/product/1000228555993', 'Milky Way Crispy Rolls Chocolate Multipack', '£1.00', '(80.0p/100g)'), ('tesco', 'https://www.tesco.com/groceries/en-GB/products/282553602', 'Milky Way Fun Size 14 Pack 227G', '£ 3.00', '£1.33/100g'), ('coop', 'https://www.coop.co.uk/products/milky-way-funsize-227g', 'Milky Way Funsize 227g', '£1.50', '227g (66.1p per 100g)'), ('asda', 'https://groceries.asda.com/product/1000209051155', 'Milky Way Magic Stars Chocolate Pouch', '£1.25', '(£1.25/100g)'), ('asda', 'https://groceries.asda.com/product/1000211461140', 'Milky Way Shooting Star Cake', '£12.00', '(£12.00/each)'), ('asda', 'https://groceries.asda.com/product/910001087913', 'Milky Way Twin Chocolate Bar', '£0.55', '(£1.28/100g)'), ('tesco', 'https://www.tesco.com/groceries/en-GB/products/300226999', 'Milkybar Big Share Bag 212G', '£ 2.00', '£0.94/100g'), ('tesco', 'https://www.tesco.com/groceries/en-GB/products/308473014', 'Milkybar Cookies And Cream Bites 90G', '£ 0.99', '£1.10/100g'), ('asda', 'https://groceries.asda.com/product/1000226920902', 'Milkybar Desserts', '£1.00', '(38.5p/100g)'), ('asda', 'https://groceries.asda.com/product/1000226920920', 'Milkybar Desserts', '£1.00', '(30.3p/100g)'), ('asda', 'https://groceries.asda.com/product/450730', 'Milkybar Medium White Chocolate Bar', '£0.55', '(£2.20/100g)'), ('asda', 'https://groceries.asda.com/product/910002976805', 'Milkybar Milk Slice', '£1.00', '(96.2p/100g)'), ('tesco', 'https://www.tesco.com/groceries/en-GB/products/295790856', 'Milkybar Milk Slices 4X26g', '£ 1.00', '£0.96/100g'), ('tesco', 'https://www.tesco.com/groceries/en-GB/products/307762238', 'Milkybar Mini Eggs White Chocolate 240G', '£ 2.00', '£0.83/100g'), ('asda', 'https://groceries.asda.com/product/1000110960435', 'Milkybar Mix Ups White and Milk Chocolate Sharing Bag', '£0.99', '(£1.04/100g)'), ('asda', 'https://groceries.asda.com/product/1000211461236', 'Milkybar Mixups Dessert White and Milk Chocolate Pot', '£1.00', '(38.5p/100g)'), ('tesco', 'https://www.tesco.com/groceries/en-GB/products/289043126', 'Milkybar Mousse 4 X 55G', '£ 1.50', '£0.68/100g'), ('asda', 'https://groceries.asda.com/product/910002040524', 'Milkybar Mousses', '£1.40', '(63.6p/100g)'), ('tesco', 'https://www.tesco.com/groceries/en-GB/products/300227059', 'Milkybar Pouch Bag 103G', '£ 0.99', '£0.96/100g'), ('tesco', 'https://www.tesco.com/groceries/en-GB/products/261592624', 'Milkybar Small Easter Egg 65G', '£ 1.00', '£1.54/100g'), ('tesco', 'https://www.tesco.com/groceries/en-GB/products/272097278', 'Milkybar White Chocolate 4 Pack 100G', '£ 1.00', '£1.00/100g'), ('asda', 'https://groceries.asda.com/product/910001440470', 'Milkybar White Chocolate Bar 6 Pack', '£1.00', '(£1.39/100g)'), ('tesco', 'https://www.tesco.com/groceries/en-GB/products/308093014', 'Milkybar White Chocolate Bunny 17G', '£ 0.50', '£2.95/100g'), ('sains', 'https://www.sainsburys.co.uk/shop/gb/groceries/product/details/easter-special-offers/milkybar-white-chocolate-bunny-44g', 'Milkybar White Chocolate Bunny 44g', '£1.00', '£2.27 / 100g'), ('tesco', 'https://www.tesco.com/groceries/en-GB/products/308101951', 'Milkybar White Chocolate Bunny 44G', '£ 1.00', '£2.28/100g'), ('sains', 'https://www.sainsburys.co.uk/shop/gb/groceries/product/details/all-easter-eggs-and-chocolate-/milkybar-white-chocolate-bunny-44g', 'Milkybar White Chocolate Bunny 44g', '£1.00', '£2.27 / 100g'), ('tesco', 'https://www.tesco.com/groceries/en-GB/products/308088568', 'Milkybar White Chocolate Bunny 88G', '£ 2.00', '£2.28/100g'), ('tesco', 'https://www.tesco.com/groceries/en-GB/products/257245057', 'Milkybar White Chocolate Buttons Bag', '£ 0.60', '£0.60/each'), ('asda', 'https://groceries.asda.com/product/1000107814044', 'Milkybar White Chocolate Buttons Bag', '£0.25', '(£2.08/100g)'), ('asda', 'https://groceries.asda.com/product/1000237573638', 'Milkybar White Chocolate Buttons Giant Tube', '£1.00', '(£1.11/100g)'), ('asda', 'https://groceries.asda.com/product/910000465511', 'Milkybar White Chocolate Christmas Advent Calendar', '£1.50', '(£1.76/100g)'), ('asda', 'https://groceries.asda.com/product/1000236571462', 'Milkybar White Chocolate Christmas Reindeer', '£2.00', '(£2.27/100g)'), ('asda', 'https://groceries.asda.com/product/1000236571466', 'Milkybar White Chocolate Christmas Reindeer', '£1.00', '(£2.27/100g)'), ('sains', 'https://www.sainsburys.co.uk/shop/gb/groceries/product/details/easter-special-offers/nestle-milkybar-giant-chocolate-buttons-pouch-126g', 'Milkybar White Chocolate Giant Buttons Pouch 94g', '£1.00', '£1.07 / 100g'), ('asda', 'https://groceries.asda.com/product/1000034704361', 'Milkybar White Chocolate Giant Buttons Sharing Bag', '£0.99', '(96.1p/100g)'), ('asda', 'https://groceries.asda.com/product/1000189263194', 'Milkybar White Chocolate Ice Cream 6 Pack', '£3.00', 'No weight data'), ('asda', 'https://groceries.asda.com/product/1000111446600', 'Milkybar White Chocolate Kid Bar', '£0.25', '(£2.08/100g)'), ('tesco', 'https://www.tesco.com/groceries/en-GB/products/307276278', 'Milkybar White Chocolate Sharing Bar 90G', '£ 0.99', '£1.10/100g'), ('asda', 'https://groceries.asda.com/product/1000242609598', 'Milkybar White Chocolate Sharing Block Bar', '£1.00', '(£1.11/100g)'), ('tesco', 'https://www.tesco.com/groceries/en-GB/products/277531004', 'Milkyway 6 Pack 129G', '£ 1.25', '£0.97/100g'), ('asda', 'https://groceries.asda.com/product/33045', 'Mini Milk 12 Vanilla Strawberry & Chocolate Ice Cream Lollies', '£2.17', '(51.7p/100ml)'), ('tesco', 'https://www.tesco.com/groceries/en-GB/products/256028662', 'Mini Milk Ice Cream Lollies 12 X 35Ml', '£ 2.20', '£0.52/100ml'), ('asda', 'https://groceries.asda.com/product/1000049435840', 'Mlekpol Milko Natural Kefir 1L', '£1.50', '(£1.50/lt)'), ('sains', 'https://www.sainsburys.co.uk/shop/gb/groceries/product/details/plant-based-drinks/moma-oat-drink-original-1l', 'MOMA Unsweetened Oat Milk Drink Original 1L', '£1.30', '£1.30 / ltr'), ('sains', 'https://www.sainsburys.co.uk/shop/gb/groceries/product/details/coffee-shop/monster-espresso-and-milk-250ml', 'Monster Espresso and Milk 250ml', '£2.00', '80p / 100ml'), ('tesco', 'https://www.tesco.com/groceries/en-GB/products/307355542', "Montezuma's Like No Udder Milk Chocolate Chocolate Alternative Organic 90G", '£ 2.50', '£2.78/100g'), ('tesco', 'https://www.tesco.com/groceries/en-GB/products/300472638', "Ms Molly's 18 Milk Chocolate Digestive Bars", '£ 1.20', '£0.07/each'), ('tesco', 'https://www.tesco.com/groceries/en-GB/products/302872853', "Ms. Molly's Milk Lollies 8X35ml", '£ 0.85', '£0.30/100ml'), ('tesco', 'https://www.tesco.com/groceries/en-GB/products/303674366', 'Muller Corner Yogurt Milk Chocolate Digestives 130G', '£ 0.60', '£0.46/100g'), ('tesco', 'https://www.tesco.com/groceries/en-GB/products/276884964', 'Muller Light Chocolate Fix Milk Chocolate 4 Pack 400G', '£ 1.60', '£0.40/100g'), ('asda', 'https://groceries.asda.com/product/910003081775', 'Munchies Milk Chocolate Tube', '£0.55', '(£1.06/100g)'), ('tesco', 'https://www.tesco.com/groceries/en-GB/products/306648883', 'Nannycare 1 Goat Milk Based Infant Milk 900G', '£ 21.00', '£23.34/kg'), ('tesco', 'https://www.tesco.com/groceries/en-GB/products/306664172', 'Nannycare 2 Goat Milk Based Follow On Milk 900G', '£ 21.00', '£2.34/100g'), ('asda', 'https://groceries.asda.com/product/1000220971651', 'Nannycare 2 Goat Milk Based Follow On Milk From 6 Months', '£21.00', 'No weight data'), ('tesco', 'https://www.tesco.com/groceries/en-GB/products/306651918', 'Nannycare 3 Goat Milk Based Growing Up Milk 900G', '£ 21.00', '£23.34/kg'), ('asda', 'https://groceries.asda.com/product/1000220971392', 'Nannycare 3 Goat Milk Based Growing Up Milk From 1 - 3 Years', '£21.00', 'No weight data'), ('sains', 'https://www.sainsburys.co.uk/shop/gb/groceries/product/details/natural-beauty-products/natura-siberica-moisturizing-cleansing-milk-dry-and-sensitive-skin-200ml', 'Natura Siberica Moisturizing Cleansing Milk Dry and Sensitive Skin 200ml', '£5.75', '£2.88 / 100ml'), ('tesco', 'https://www.tesco.com/groceries/en-GB/products/289705902', "Nature's Store Free From Milk Chocolate Rice Cakes 100G", '£ 1.50', '£1.50/100g'), ('asda', 'https://groceries.asda.com/product/18232503', 'Nesquik Banana Milkshake Mix', '£1.50', '(50.0p/100g)'), ('asda', 'https://groceries.asda.com/product/400814', 'Nesquik Chocolate Milk Slices', '£1.00', '(96.2p/100g)'), ('asda', 'https://groceries.asda.com/product/18232504', 'Nesquik Chocolate Milkshake Mix', '£1.50', '(50.0p/100g)'), ('asda', 'https://groceries.asda.com/product/910001891811', 'Nesquik Milk Slices', '£1.00', '(96.2p/100g)'), ('asda', 'https://groceries.asda.com/product/18232502', 'Nesquik Strawberry Milkshake Mix', '£1.50', '(50.0p/100g)'), ('tesco', 'https://www.tesco.com/groceries/en-GB/products/265046131', 'Nestle Aero Milk 4 Pack 108G', '£ 1.00', '£0.93/100g'), ('asda', 'https://groceries.asda.com/product/1000107571940', 'Nestle Animal Bar Milk Chocolate', '£0.25', '(£1.32/100g)'), ('tesco', 'https://www.tesco.com/groceries/en-GB/products/258510053', 'Nestle Cerelac 6Mnth Wheat&Milk Cereal 400G', '£ 3.80', '£0.95/100g'), ('asda', 'https://groceries.asda.com/product/60086702', 'Nestle Cerelac Honey & Wheat with Milk', '£3.77', 'No weight data'), ('asda', 'https://groceries.asda.com/product/910000042104', 'Nestle Cerelac Mixed Fruit & Wheat with Milk', '£3.80', 'No weight data'), ('asda', 'https://groceries.asda.com/product/60086389', 'Nestle Cerelac Wheat with Milk', '£3.80', 'No weight data'), ('asda', 'https://groceries.asda.com/product/1000236571458', 'Nestle Dairy Box Christmas Collection Milk Chocolate Assortment Box', '£6.00', '(£1.55/100g)'), ('tesco', 'https://www.tesco.com/groceries/en-GB/products/289880422', 'Nestle Lion Milk Multipack 4 X 42G', '£ 1.00', '£0.60/100g'), ('tesco', 'https://www.tesco.com/groceries/en-GB/products/305944827', 'Nestle Milky Bar White Chocolate Ice Cream 6X50ml', '£ 3.00', '£1.00/100ml'), ('tesco', 'https://www.tesco.com/groceries/en-GB/products/268767576', 'Nestle Milkybar Dessert 2X70g', '£ 1.50', '£1.08/100g'), ('sains', 'https://www.sainsburys.co.uk/shop/gb/groceries/product/details/multipack-yogurt/milkybar-desserts-2x70g', 'Nestle Milkybar Desserts 2x70g', '£1.50', '£1.07 / 100g'), ('tesco', 'https://www.tesco.com/groceries/en-GB/products/306709570', 'Nestle Milkybar Kid Bar 12G', '£ 0.25', '£2.09/100g'), ('tesco', 'https://www.tesco.com/groceries/en-GB/products/286690153', 'Nestle Nesquik Milk Slice Chocolate Flavour 4X26g', '£ 1.00', '£9.62/kg'), ('tesco', 'https://www.tesco.com/groceries/en-GB/products/260148289', 'Nestle Nido Instant Full Cream Milk Powder 400G', '£ 4.00', '£1.00/100g'), ('tesco', 'https://www.tesco.com/groceries/en-GB/products/266258950', 'Nestle Nido Instant Full Cream Milk Powder 900G', '£ 7.50', '£0.83/100g'), ('tesco', 'https://www.tesco.com/groceries/en-GB/products/305875160', 'Nestle Smarties Buttons Milk Chocolate 90G', '£ 0.99', '£1.10/100g'), ('tesco', 'https://www.tesco.com/groceries/en-GB/products/286633239', 'Nestle Yorkie Milk Bar 46G', '£ 0.60', '£1.31/100g'), ('tesco', 'https://www.tesco.com/groceries/en-GB/products/287221040', 'Nestle Yorkie Milk Chocolate Easter Egg & Chocolate 336G', '£ 5.00', '£1.49/100g'), ('tesco', 'https://www.tesco.com/groceries/en-GB/products/303717812', 'Nestle Yorkie Milk Chunks 100G', '£ 0.99', '£0.99/100g'), ('asda', 'https://groceries.asda.com/product/26916347', 'Nido Full Cream Milk Powder', '£3.77', '(94.2p/100g)'), ('asda', 'https://groceries.asda.com/product/61061636', 'Nido Full Cream Milk Powder', '£7.50', '(83.3p/100g)'), ('tesco', 'https://www.tesco.com/groceries/en-GB/products/302218379', 'Nivea Body Essential Smooth Milk 400Ml', '£ 4.50', '£1.13/100ml'), ('tesco', 'https://www.tesco.com/groceries/en-GB/products/305045215', 'Nivea Naturally Good Organic Green Tea Milky Face Cleanser 200Ml', '£ 4.00', '£2.00/100ml'), ('asda', 'https://groceries.asda.com/product/1000216498420', 'Nush Almond Milk Cheese Chive', '£2.50', 'No weight data'), ('asda', 'https://groceries.asda.com/product/1000216498264', 'Nush Almond Milk Cheese Natural', '£2.50', 'No weight data'), ('sains', 'https://www.sainsburys.co.uk/shop/gb/groceries/product/details/dairy-free-cheese-and-milk/nush-almond-yoghurt-350g', 'Nush Almond Milk Dairy Free Yoghurt 350g', '£3.00', '86p / 100g'), ('sains', 'https://www.sainsburys.co.uk/shop/gb/groceries/product/details/all-yogurt/nush-almond-yoghurt-350g', 'Nush Almond Milk Dairy Free Yoghurt 350g', '£3.00', '86p / 100g'), ('sains', 'https://www.sainsburys.co.uk/shop/gb/groceries/product/details/all-yogurt/nush-dairy-free-almond-milk-yog-strawberry-350g', 'Nush Dairy Free Almond Milk Yog Strawberry 350g', '£3.00', '86p / 100g'), ('tesco', 'https://www.tesco.com/groceries/en-GB/products/261746812', 'Oatly Longlife Milk Drink 1 Litre', '£ 1.50', '£1.50/litre'), ('tesco', 'https://www.tesco.com/groceries/en-GB/products/259454394', 'Ogx Coconut Milk Conditioner 385Ml', '£ 7.00', '£1.82/100ml'), ('asda', 'https://groceries.asda.com/product/910001485375', 'OGX Nourishing Coconut Milk Conditioner', '£5.00', '(£1.30/100ml)'), ('asda', 'https://groceries.asda.com/product/910001485971', 'OGX Nourishing Coconut Milk Shampoo', '£5.00', '(£1.30/100ml)'), ('tesco', 'https://www.tesco.com/groceries/en-GB/products/305037939', 'Olay Cleanse Make Up Face Cleansing Milk 200Ml', '£ 4.00', '£2.00/100ml'), ('tesco', 'https://www.tesco.com/groceries/en-GB/products/302290660', 'Oreo Crunchy Bites Milk Chocolate Biscuits 110G', '£ 1.50', '£1.37/100g'), ('tesco', 'https://www.tesco.com/groceries/en-GB/products/258492318', 'Ovaltine Original Add Milk 300G', '£ 3.40', '£1.14/100g'), ('tesco', 'https://www.tesco.com/groceries/en-GB/products/251690108', 'Palmolive Milk & Honey Liquid Handwash 300Ml', '£ 0.90', '£0.30/100ml'), ('asda', 'https://groceries.asda.com/product/1000203039125', 'Palmolive Milk Shower Gel', '£1.50', '(30.0p/100ml)'), ('asda', 'https://groceries.asda.com/product/910000026669', 'Palmolive Naturals Almond & Milk Handwash', '£0.90', '(30.0p/100ml)'), ('asda', 'https://groceries.asda.com/product/910000026713', 'Palmolive Naturals Milk & Honey Handwash', '£0.90', '(30.0p/100ml)'), ('tesco', 'https://www.tesco.com/groceries/en-GB/products/266548751', 'Palmolive Naturals Milk & Honey Shower Cream 750Ml', '£ 2.80', '£0.37/100ml'), ('asda', 'https://groceries.asda.com/product/1000109264280', 'Palmolive Naturals Milk & Honey Shower Gel', '£1.50', '(30.0p/100ml)'), ('asda', 'https://groceries.asda.com/product/910000782116', 'Palmolive Naturals Milk & Honey Shower Gel', '£0.90', '(36.0p/100ml)'), ('asda', 'https://groceries.asda.com/product/910000431575', 'Palmolive Naturals Milk & Honey Shower Gel', '£2.50', '(33.3p/100ml)'), ('asda', 'https://groceries.asda.com/product/910000782587', 'Palmolive Naturals Sensitive Skin Milk Proteins Shower Gel', '£0.90', '(36.0p/100ml)'), ('tesco', 'https://www.tesco.com/groceries/en-GB/products/302226467', 'Pantene Gold Leave In Detangling Milk 225Ml', '£ 8.00', '£3.56/100ml'), ('sains', 'https://www.sainsburys.co.uk/shop/gb/groceries/product/details/all-fruit/parrs-retro-milk-chocolate-coated-apple', 'Parrs Retro Milk Chocolate Coated Apple', '75p', '75p / ea'), ('tesco', 'https://www.tesco.com/groceries/en-GB/products/304403220', 'Philadelphia Milka Cheese 150G', '£ 1.95', '£13.00/kg'), ('asda', 'https://groceries.asda.com/product/1000118028743', 'Philadelphia Milka Soft Cheese', '£1.80', '(£12.00/kg)'), ('sains', 'https://www.sainsburys.co.uk/shop/gb/groceries/product/details/all-organic-/pico-fairtrade-organic-coconut-milk-chocolate-bar-80g', 'Pico Fairtrade Organic Coconut Milk Chocolate Bar 80g', '£2.95', '£3.69 / 100g'), ('sains', 'https://www.sainsburys.co.uk/shop/gb/groceries/product/details/milk-free-chocolate-and-biscuits/pico-fairtrade-organic-coconut-milk-chocolate-bar-80g', 'Pico Fairtrade Organic Coconut Milk Chocolate Bar 80g', '£2.95', '£3.69 / 100g'), ('sains', 'https://www.sainsburys.co.uk/shop/gb/groceries/product/details/all-easter-/pico-fairtrade-organic-hazelnut-milk-chocolate-bar-80g', 'Pico Fairtrade Organic Hazelnut Milk Chocolate Bar 80g', '£2.95', '£3.69 / 100g'), ('sains', 'https://www.sainsburys.co.uk/shop/gb/groceries/product/details/chocolate-and-sweets-/pico-fairtrade-organic-hazelnut-milk-chocolate-bar-80g', 'Pico Fairtrade Organic Hazelnut Milk Chocolate Bar 80g', '£2.95', '£3.69 / 100g'), ('sains', 'https://www.sainsburys.co.uk/shop/gb/groceries/product/details/all-mothers-day/pico-fairtrade-organic-hazelnut-milk-chocolate-bar-80g', 'Pico Fairtrade Organic Hazelnut Milk Chocolate Bar 80g', '£2.95', '£3.69 / 100g'), ('sains', 'https://www.sainsburys.co.uk/shop/gb/groceries/product/details/vegetarian-food/plenish-coconut-milk-organic-1l', 'Plenish Organic Coconut Milk 1L', '£2.50', '£2.50 / ltr'), ('sains', 'https://www.sainsburys.co.uk/shop/gb/groceries/product/details/plant-based-drinks/plenish-coconut-milk-organic-1l', 'Plenish Organic Coconut Milk 1L', '£2.50', '£2.50 / ltr'), ('sains', 'https://www.sainsburys.co.uk/shop/gb/groceries/product/details/dairy-free-drinks/plenish-organic-oat-dairy-free-milk-alternative-1-litre', 'Plenish Organic Oat Dairy Free Milk Alternative 1 Litre', '£2.05', '£2.05 / ltr'), ('asda', 'https://groceries.asda.com/product/1000194416645', 'Polar Gear Squishy Novelty Milk Carton', '£3.00', '(£3.00/each)'), ('tesco', 'https://www.tesco.com/groceries/en-GB/products/261626649', 'Pride Coconut Milk 400Ml', '£ 1.00', '£2.50/litre'), ('asda', 'https://groceries.asda.com/product/1000129611302', 'PRO 2GO Gooey Protein Bar Coconut & Milk Choc', '£2.50', 'No weight data'), ('asda', 'https://groceries.asda.com/product/1000230965212', 'PRO 2GO Gooey Protein Bar Peanut & Milk Chocolate', '£2.50', 'No weight data'), ('asda', 'https://groceries.asda.com/product/1000230965257', 'PRO 2GO Gooey Protein Bar Salted Caramel & Milk Chocolate Flavour', '£2.50', 'No weight data'), ('sains', 'https://www.sainsburys.co.uk/shop/gb/groceries/product/details/protein-food-and-bars/pro2go-gooey-protein-bar-salted-caramel-milk-chocolate-flavour-60g', 'Pro2Go Gooey Protein Bar Salted Caramel & Milk Chocolate Flavour 60g', '£2.50', '£4.17 / 100g'), ('tesco', 'https://www.tesco.com/groceries/en-GB/products/302134817', 'Pro2go Peanut & Milk Chocolate Bar 60G', '£ 2.50', '£4.17/100g'), ('sains', 'https://www.sainsburys.co.uk/shop/gb/groceries/product/details/all-easter-eggs-and-chocolate-/quality-street-easter-egg-277g-check-your-local-store-for-available-range-', 'Quality Street Milk Chocolate Giant Easter Egg 311g', '£6.00', '£1.93 / 100g'), ('tesco', 'https://www.tesco.com/groceries/en-GB/products/305554367', 'Quality Street Milk Chocolate Giant Egg 311G', '£ 5.00', '£1.61/100g'), ('sains', 'https://www.sainsburys.co.uk/shop/gb/groceries/product/details/dairy-free-drinks/rebel-kitchen-dairy-free-organic-coconut-milk-drink-with-cocoa-330ml', 'Rebel Kitchen Dairy Free Organic Coconut Milk Drink with Cocoa 330ml', '£1.70', '52p / 100ml'), ('sains', 'https://www.sainsburys.co.uk/shop/gb/groceries/product/details/milk-flavoured-milk/rebel-kitchen-dairy-free-organic-coconut-milk-drink-with-coffee-330ml', 'Rebel Kitchen Dairy Free Organic Coconut Milk Drink with Coffee 330ml', '£1.70', '52p / 100ml'), ('asda', 'https://groceries.asda.com/product/1000157579330', "Reese's 2 Milk ChocolateKing Size Peanut Butter Trees", '£1.00', '(£1.61/100g)'), ('tesco', 'https://www.tesco.com/groceries/en-GB/products/304794752', "Reese's Milk Chocolate Egg With 3 Peanut Butter Creme Eggs 232G", '£ 5.00', '£2.16/100g'), ('tesco', 'https://www.tesco.com/groceries/en-GB/products/292607176', 'Reeses Milk Chocolate Peanut Butter Cups Minis 70G', '£ 1.60', '£2.29/100g'), ('tesco', 'https://www.tesco.com/groceries/en-GB/products/308110109', 'Rolo Milk Chocolate Easter Egg 128G', '£ 1.00', '£0.78/100g'), ('sains', 'https://www.sainsburys.co.uk/shop/gb/groceries/product/details/dairyeggschilled-pricelockdown/sainsburys-1-fat-northern-irish-milk-227l-4-pint-', "Sainsbury's 1% Fat Northern Irish Milk 2.27L (4 Pint)", '£1.10', '55p / ltr'), ('sains', 'https://www.sainsburys.co.uk/shop/gb/groceries/product/details/milk-fresh-milk/sainsburys-1-fat-northern-irish-milk-227l-4-pint-', "Sainsbury's 1% Fat Northern Irish Milk 2.27L (4 Pint)", '£1.10', '55p / ltr'), ('sains', 'https://www.sainsburys.co.uk/shop/gb/groceries/product/details/milk-fresh-milk/sainsburys-1-fat-scottish-milk-227l-4-pint-', "Sainsbury's 1% Fat Scottish Milk 2.27L (4 Pint)", '£1.10', '48p / ltr'), ('sains', 'https://www.sainsburys.co.uk/shop/gb/groceries/product/details/dairyeggschilled-pricelockdown/sainsburys-1-fat-scottish-milk-227l-4-pint-', "Sainsbury's 1% Fat Scottish Milk 2.27L (4 Pint)", '£1.10', '48p / ltr'), ('sains', 'https://www.sainsburys.co.uk/shop/gb/groceries/product/details/milk-fresh-milk/sainsburys-british-1-fat-milk-113l-2-pint-', "Sainsbury's British 1% Fat Milk 1.13L (2 Pint)", '80p', '70p / ltr'), ('sains', 'https://www.sainsburys.co.uk/shop/gb/groceries/product/details/dairyeggschilled-pricelockdown/sainsburys-british-1-fat-milk-227l-4pint-', "Sainsbury's British 1% Fat Milk 2.27L (4pint)", '£1.10', '48p / ltr'), ('sains', 'https://www.sainsburys.co.uk/shop/gb/groceries/product/details/milk-fresh-milk/sainsburys-filtered-semi-skimmed-milk-2l', "Sainsbury's British Filtered Semi Skimmed Milk 2L", '£1.35', '68p / ltr'), ('sains', 'https://www.sainsburys.co.uk/shop/gb/groceries/product/details/milk-fresh-milk/sainsburys-british-semi-skimmed-milk-1-pint', "Sainsbury's British Semi Skimmed Milk 1 Pint", '55p', '97p / ltr'), ('sains', 'https://www.sainsburys.co.uk/shop/gb/groceries/product/details/milk-fresh-milk/sainsburys-british-semi-skimmed-milk-113l-2-pint-', "Sainsbury's British Semi Skimmed Milk 1.13L (2 pint)", '80p', '70p / ltr'), ('sains', 'https://www.sainsburys.co.uk/shop/gb/groceries/product/details/dairyeggschilled-pricelockdown/sainsburys-british-semi-skimmed-milk-113l-2-pint-', "Sainsbury's British Semi Skimmed Milk 1.13L (2 pint)", '80p', '70p / ltr'), ('sains', 'https://www.sainsburys.co.uk/shop/gb/groceries/product/details/dairy-and-chilled-essentials/sainsburys-british-semi-skimmed-milk-113l-2-pint-', "Sainsbury's British Semi Skimmed Milk 1.13L (2 pint)", '80p', '70p / ltr'), ('sains', 'https://www.sainsburys.co.uk/shop/gb/groceries/product/details/dairyeggschilled-pricelockdown/sainsburys-british-semi-skimmed-milk-227l-4-pint-', "Sainsbury's British Semi Skimmed Milk 2.27L (4 pint)", '£1.09', '48p / ltr'), ('sains', 'https://www.sainsburys.co.uk/shop/gb/groceries/product/details/make-a-smoothie/sainsburys-british-semi-skimmed-milk-227l-4-pint-', "Sainsbury's British Semi Skimmed Milk 2.27L (4 pint)", '£1.09', '48p / ltr'), ('sains', 'https://www.sainsburys.co.uk/shop/gb/groceries/product/details/milk-fresh-milk/sainsburys-british-semi-skimmed-milk-227l-4-pint-', "Sainsbury's British Semi Skimmed Milk 2.27L (4 pint)", '£1.09', '48p / ltr'), ('sains', 'https://www.sainsburys.co.uk/shop/gb/groceries/product/details/all-organic-/sainsburys-british-semi-skimmed-milk-so-organic-227l-4-pint-', "Sainsbury's British Semi Skimmed Milk, SO Organic 2.27L (4 pint)", '£1.55', '68p / ltr'), ('sains', 'https://www.sainsburys.co.uk/shop/gb/groceries/product/details/make-a-smoothie/sainsburys-british-semi-skimmed-milk-so-organic-227l-4-pint-', "Sainsbury's British Semi Skimmed Milk, SO Organic 2.27L (4 pint)", '£1.55', '68p / ltr'), ('sains', 'https://www.sainsburys.co.uk/shop/gb/groceries/product/details/organic-dairy-products/sainsburys-british-semi-skimmed-milk-so-organic-568ml-1-pint-', "Sainsbury's British Semi Skimmed Milk, SO Organic 568ml (1 pint)", '65p', '£1.14 / ltr'), ('sains', 'https://www.sainsburys.co.uk/shop/gb/groceries/product/details/milk-fresh-milk/sainsburys-british-semi-skimmed-milk-so-organic-568ml-1-pint-', "Sainsbury's British Semi Skimmed Milk, SO Organic 568ml (1 pint)", '65p', '£1.14 / ltr'), ('sains', 'https://www.sainsburys.co.uk/shop/gb/groceries/product/details/dairy-and-chilled-essentials/sainsburys-british-skimmed-milk-113l-2-pint-', "Sainsbury's British Skimmed Milk 1.13L (2 pint)", '80p', '70p / ltr'), ('sains', 'https://www.sainsburys.co.uk/shop/gb/groceries/product/details/dairyeggschilled-pricelockdown/sainsburys-british-skimmed-milk-113l-2-pint-', "Sainsbury's British Skimmed Milk 1.13L (2 pint)", '80p', '70p / ltr'), ('sains', 'https://www.sainsburys.co.uk/shop/gb/groceries/product/details/milk-fresh-milk/sainsburys-british-skimmed-milk-113l-2-pint-', "Sainsbury's British Skimmed Milk 1.13L (2 pint)", '80p', '70p / ltr'), ('sains', 'https://www.sainsburys.co.uk/shop/gb/groceries/product/details/dairyeggschilled-pricelockdown/sainsburys-british-skimmed-milk-227l-4-pint-', "Sainsbury's British Skimmed Milk 2.27L (4 pint)", '£1.09', '48p / ltr'), ('sains', 'https://www.sainsburys.co.uk/shop/gb/groceries/product/details/aldi-price-match/sainsburys-british-skimmed-milk-227l-4-pint-', "Sainsbury's British Skimmed Milk 2.27L (4 pint)", '£1.09', '48p / ltr'), ('sains', 'https://www.sainsburys.co.uk/shop/gb/groceries/product/details/aldi-price-match/sainsburys-british-whole-milk-113l-2-pint-', "Sainsbury's British Whole Milk 1.13L (2 pint)", '80p', '70p / ltr'), ('sains', 'https://www.sainsburys.co.uk/shop/gb/groceries/product/details/dairyeggschilled-pricelockdown/sainsburys-british-whole-milk-227l-4-pint-', "Sainsbury's British Whole Milk 2.27L (4 pint)", '£1.09', '48p / ltr'), ('sains', 'https://www.sainsburys.co.uk/shop/gb/groceries/product/details/latest-information--/sainsburys-british-whole-milk-568ml-1-pint-', "Sainsbury's British Whole Milk 568ml (1 pint)", '55p', '97p / ltr'), ('sains', 'https://www.sainsburys.co.uk/shop/gb/groceries/product/details/milk-fresh-milk/sainsburys-british-whole-milk-so-organic-113l-2-pint-', "Sainsbury's British Whole Milk, SO Organic 1.13L (2 pint)", '£1.05', '92p / ltr'), ('sains', 'https://www.sainsburys.co.uk/shop/gb/groceries/product/details/organic-dairy-products/sainsburys-british-whole-milk-so-organic-113l-2-pint-', "Sainsbury's British Whole Milk, SO Organic 1.13L (2 pint)", '£1.05', '92p / ltr'), ('sains', 'https://www.sainsburys.co.uk/shop/gb/groceries/product/details/all-organic-/sainsburys-british-whole-milk-so-organic-568ml-1-pint-', "Sainsbury's British Whole Milk, SO Organic 568ml (1 pint)", '65p', '£1.14 / ltr'), ('sains', 'https://www.sainsburys.co.uk/shop/gb/groceries/product/details/cream-custard/sainsburys-buttermilk-300ml', "Sainsbury's Buttermilk 300ml", '85p', '28p / 100ml'), ('sains', 'https://www.sainsburys.co.uk/shop/gb/groceries/product/details/price-lock-bakery/sainsburys-buttermilk-pancakes-x4', "Sainsbury's Buttermilk Pancakes x4", '85p', '21p / ea'), ('sains', 'https://www.sainsburys.co.uk/shop/gb/groceries/product/details/breakfast-in-bed/sainsburys-buttermilk-pancakes-x8', "Sainsbury's Buttermilk Pancakes x8", '£1.20', '15p / ea'), ('sains', 'https://www.sainsburys.co.uk/shop/gb/groceries/product/details/all-easter-/sainsburys-buttermilk-pancakes-x8', "Sainsbury's Buttermilk Pancakes x8", '£1.20', '15p / ea'), ('sains', 'https://www.sainsburys.co.uk/shop/gb/groceries/product/details/breakfastbrunch/sainsburys-buttermilk-pancakes-x8', "Sainsbury's Buttermilk Pancakes x8", '£1.20', '15p / ea'), ('sains', 'https://www.sainsburys.co.uk/shop/gb/groceries/product/details/milk-flavoured-milk/sainsburys-fresh-chocolate-flavoured-milk-1l', "Sainsbury's Chocolate Milkshake 1L", '£1.00', '£1.00 / ltr'), ('sains', 'https://www.sainsburys.co.uk/shop/gb/groceries/product/details/all-gluten-free-food-and-drink/sainsburys-ff-choc-bar-100g', "Sainsbury's Deliciously Free From Milk Choc Bar 100g", '£1.10', '£1.10 / 100g'), ('sains', 'https://www.sainsburys.co.uk/shop/gb/groceries/product/details/new-355373-44/sainsburys-home-drury-lane-milk-jug-134435430-p', "Sainsbury's Home Drury Lane Milk Jug", '£8.00', '£8.00 / ea'), ('sains', 'https://www.sainsburys.co.uk/shop/gb/groceries/product/details/all-price-lock/sainsburys-long-life-semi-skimmed-milk-500ml', "Sainsbury's Long Life Semi Skimmed Milk 500ml", '55p', '£1.10 / ltr'), ('sains', 'https://www.sainsburys.co.uk/shop/gb/groceries/product/details/price-lock-drinks/sainsburys-long-life-semi-skimmed-milk-500ml', "Sainsbury's Long Life Semi Skimmed Milk 500ml", '55p', '£1.10 / ltr'), ('sains', 'https://www.sainsburys.co.uk/shop/gb/groceries/product/details/aldi-price-match/sainsburys-malted-milk-biscuits-200g', "Sainsbury's Malted Milk Biscuits 200g", '29p', '15p / 100g'), ('sains', 'https://www.sainsburys.co.uk/shop/gb/groceries/product/details/all-easter-/sainsburys-milk-chocolate-chips-100g', "Sainsbury's Milk Chocolate Chips 100g", '80p', '80p / 100g'), ('sains', 'https://www.sainsburys.co.uk/shop/gb/groceries/product/details/price-lock-bakery/sainsburys-milk-chocolate-flapjack-bites-x18', "Sainsbury's Milk Chocolate Flapjack Bites x18", '£1.50', '8p / ea'), ('sains', 'https://www.sainsburys.co.uk/shop/gb/groceries/product/details/easter-special-offers/sainsburys-egg-hunt-bag-200g', "Sainsbury's Milk Chocolate Hollow Eggs 200g", '£2.50', '£1.25 / 100g'), ('sains', 'https://www.sainsburys.co.uk/shop/gb/groceries/product/details/price-lock-bakery/sainsburys-milk-chocolate-mini-rolls-x14', "Sainsbury's Milk Chocolate Mini Rolls x14", '£1.50', '11p / ea'), ('sains', 'https://www.sainsburys.co.uk/shop/gb/groceries/product/details/all-price-lock/sainsburys-milk-chocolate-rice-cakes-4x3575g', "Sainsbury's Milk Chocolate Rice Cakes 4x35.75g", '£1.30', '87p / 100g'), ('sains', 'https://www.sainsburys.co.uk/shop/gb/groceries/product/details/price-lock-food-cupboard/sainsburys-milk-chocolate-rice-cakes-4x3575g', "Sainsbury's Milk Chocolate Rice Cakes 4x35.75g", '£1.30', '87p / 100g'), ('sains', 'https://www.sainsburys.co.uk/shop/gb/groceries/product/details/chocolate-and-sweets-/sainsburys-no-added-sugar-milk-chocolate-100g', "Sainsbury's No Added Sugar Milk Chocolate 100g", '85p', '85p / 100g'), ('sains', 'https://www.sainsburys.co.uk/shop/gb/groceries/product/details/all-mothers-day/sainsburys-no-added-sugar-milk-chocolate-100g', "Sainsbury's No Added Sugar Milk Chocolate 100g", '85p', '85p / 100g'), ('sains', 'https://www.sainsburys.co.uk/shop/gb/groceries/product/details/milk-fresh-milk/sainsburys-northern-irish-semi-skimmed-milk-1l', "Sainsbury's Northern Irish Semi-skimmed Milk 1L", '75p', '75p / ltr'), ('sains', 'https://www.sainsburys.co.uk/shop/gb/groceries/product/details/milk-fresh-milk/sainsburys-northern-irish-skimmed-milk-1-pint-568ml', "Sainsbury's Northern Irish Skimmed Milk 568ml (1 Pint)", '55p', '97p / ltr'), ('sains', 'https://www.sainsburys.co.uk/shop/gb/groceries/product/details/milk-fresh-milk/sainsburys-northern-irish-whole-milk-3l', "Sainsbury's Northern Irish Whole Milk 3L", '£1.40', '47p / ltr'), ('sains', 'https://www.sainsburys.co.uk/shop/gb/groceries/product/details/dairyeggschilled-pricelockdown/sainsburys-scottish-semi-skimmed-milk-113l-2-pint-', "Sainsbury's Scottish Semi Skimmed Milk 1.13L (2 pint)", '80p', '70p / ltr'), ('sains', 'https://www.sainsburys.co.uk/shop/gb/groceries/product/details/dairyeggschilled-pricelockdown/sainsburys-scottish-semi-skimmed-milk-227l-4-pint-', "Sainsbury's Scottish Semi Skimmed Milk 2.27L (4 pint)", '£1.09', '48p / ltr'), ('sains', 'https://www.sainsburys.co.uk/shop/gb/groceries/product/details/milk-fresh-milk/sainsburys-scottish-semi-skimmed-milk-227l-4-pint-', "Sainsbury's Scottish Semi Skimmed Milk 2.27L (4 pint)", '£1.09', '48p / ltr'), ('sains', 'https://www.sainsburys.co.uk/shop/gb/groceries/product/details/all-organic-/sainsburys-scottish-semi-skimmed-milk-so-organic-227l-4-pint-', "Sainsbury's Scottish Semi Skimmed Milk, SO Organic 2.27L (4 pint)", '£1.55', '68p / ltr'), ('sains', 'https://www.sainsburys.co.uk/shop/gb/groceries/product/details/organic-dairy-products/sainsburys-scottish-semi-skimmed-milk-so-organic-568ml-1-pint-', "Sainsbury's Scottish Semi Skimmed Milk, SO Organic 568ml (1 pint)", '65p', '£1.14 / ltr'), ('sains', 'https://www.sainsburys.co.uk/shop/gb/groceries/product/details/milk-fresh-milk/sainsburys-scottish-semi-skimmed-milk-so-organic-568ml-1-pint-', "Sainsbury's Scottish Semi Skimmed Milk, SO Organic 568ml (1 pint)", '65p', '£1.14 / ltr'), ('sains', 'https://www.sainsburys.co.uk/shop/gb/groceries/product/details/dairyeggschilled-pricelockdown/sainsburys-scottish-skimmed-milk-113l-2-pint-', "Sainsbury's Scottish Skimmed Milk 1.13L (2 pint)", '80p', '70p / ltr'), ('sains', 'https://www.sainsburys.co.uk/shop/gb/groceries/product/details/aldi-price-match/sainsburys-scottish-skimmed-milk-227l-4pint-', "Sainsbury's Scottish Skimmed Milk 2.27L (4pint)", '£1.09', '48p / ltr'), ('sains', 'https://www.sainsburys.co.uk/shop/gb/groceries/product/details/all-organic-/sainsburys-scottish-skimmed-milk-so-organic-113l-2-pint-', "Sainsbury's Scottish Skimmed Milk, SO Organic 1.13L (2 pint)", '£1.05', '92p / ltr'), ('sains', 'https://www.sainsburys.co.uk/shop/gb/groceries/product/details/organic-dairy-products/sainsburys-scottish-skimmed-milk-so-organic-568ml-1-pint-', "Sainsbury's Scottish Skimmed Milk, SO Organic 568ml (1 pint)", '65p', '£1.14 / ltr'), ('sains', 'https://www.sainsburys.co.uk/shop/gb/groceries/product/details/milk-fresh-milk/sainsburys-scottish-skimmed-milk-so-organic-568ml-1-pint-', "Sainsbury's Scottish Skimmed Milk, SO Organic 568ml (1 pint)", '65p', '£1.14 / ltr'), ('sains', 'https://www.sainsburys.co.uk/shop/gb/groceries/product/details/aldi-price-match/sainsburys-scottish-whole-milk-113l-2-pint-', "Sainsbury's Scottish Whole Milk 1.13L (2 pint)", '80p', '70p / ltr'), ('sains', 'https://www.sainsburys.co.uk/shop/gb/groceries/product/details/dairyeggschilled-pricelockdown/sainsburys-scottish-whole-milk-227l-4-pint-', "Sainsbury's Scottish Whole Milk 2.27L (4 pint)", '£1.09', '48p / ltr'), ('sains', 'https://www.sainsburys.co.uk/shop/gb/groceries/product/details/milk-fresh-milk/sainsburys-scottish-whole-milk-6pint-34l', "Sainsbury's Scottish Whole Milk 3.4L (6 pint)", '£1.55', '45p / ltr'), ('sains', 'https://www.sainsburys.co.uk/shop/gb/groceries/product/details/organic-dairy-products/sainsburys-scottish-whole-milk-so-organic-113l-2-pint-', "Sainsbury's Scottish Whole Milk, SO Organic 1.13L (2 pint)", '£1.05', '92p / ltr'), ('sains', 'https://www.sainsburys.co.uk/shop/gb/groceries/product/details/milk-fresh-milk/sainsburys-scottish-whole-milk-so-organic-113l-2-pint-', "Sainsbury's Scottish Whole Milk, SO Organic 1.13L (2 pint)", '£1.05', '92p / ltr'), ('sains', 'https://www.sainsburys.co.uk/shop/gb/groceries/product/details/milk-fresh-milk/sainsburys-scottish-whole-milk-so-organic-568ml-1-pint-', "Sainsbury's Scottish Whole Milk, SO Organic 568ml (1 pint)", '65p', '£1.14 / ltr'), ('sains', 'https://www.sainsburys.co.uk/shop/gb/groceries/product/details/organic-dairy-products/sainsburys-scottish-whole-milk-so-organic-568ml-1-pint-', "Sainsbury's Scottish Whole Milk, SO Organic 568ml (1 pint)", '65p', '£1.14 / ltr'), ('sains', 'https://www.sainsburys.co.uk/shop/gb/groceries/product/details/price-lock-drinks/sainsburys-semi-skimmed-british-milk-1l', "Sainsbury's Semi Skimmed British Milk 1L", '80p', '80p / ltr'), ('sains', 'https://www.sainsburys.co.uk/shop/gb/groceries/product/details/all-price-lock/sainsburys-semi-skimmed-long-life-milk-6x1l', "Sainsbury's Semi Skimmed Long Life Milk 6x1L", '£4.25', '71p / ltr'), ('sains', 'https://www.sainsburys.co.uk/shop/gb/groceries/product/details/all-price-lock/sainsburys-skimmed-milk-powder-300g', "Sainsbury's Skimmed Milk Powder 300g", '£1.80', '60p / 100g'), ('sains', 'https://www.sainsburys.co.uk/shop/gb/groceries/product/details/miniandtreat-size/sainsburys-swiss-milk-choc-mini-eggs-taste-the-difference-120g-check-your-local-store-for-available-range-', "Sainsbury's Swiss Milk Chocolate Eggs, Taste the Difference 120g", '£2.00', '£1.67 / 100g'), ('sains', 'https://www.sainsburys.co.uk/shop/gb/groceries/product/details/all-price-lock/sainsburys-west-country-1-fat-milk-4-pint-227l-7938735-p-44', "Sainsbury's West Country 1% Fat Milk (4 Pint) 2.27L", '£1.10', '48p / ltr'), ('sains', 'https://www.sainsburys.co.uk/shop/gb/groceries/product/details/milk-fresh-milk/sainsburys-west-country-1-fat-milk-4-pint-227l', "Sainsbury's West Country 1% Fat Milk (4 Pint) 2.27L", '£1.15', '51p / ltr'), ('sains', 'https://www.sainsburys.co.uk/shop/gb/groceries/product/details/dairyeggschilled-pricelockdown/sainsburys-west-country-1-fat-milk-4-pint-227l-7938735-p-44', "Sainsbury's West Country 1% Fat Milk (4 Pint) 2.27L", '£1.10', '48p / ltr'), ('sains', 'https://www.sainsburys.co.uk/shop/gb/groceries/product/details/milk-fresh-milk/sainsburys-west-country-semi-skimmed-milk-113l-2-pint-', "Sainsbury's West Country Semi Skimmed Milk 1.13L (2 Pint)", '80p', '70p / ltr'), ('sains', 'https://www.sainsburys.co.uk/shop/gb/groceries/product/details/dairyeggschilled-pricelockdown/sainsburys-west-country-semi-skimmed-milk-113l-2-pint-7938683-p-44', "Sainsbury's West Country Semi Skimmed Milk 1.13L (2 Pint)", '80p', '70p / ltr'), ('sains', 'https://www.sainsburys.co.uk/shop/gb/groceries/product/details/aldi-price-match/sainsburys-west-country-semi-skimmed-milk-113l-2-pint-7938683-p-44', "Sainsbury's West Country Semi Skimmed Milk 1.13L (2 Pint)", '80p', '70p / ltr'), ('sains', 'https://www.sainsburys.co.uk/shop/gb/groceries/product/details/dairyeggschilled-pricelockdown/sainsburys-west-country-semi-skimmed-milk-227l-4-pint-7938693-p-44', "Sainsbury's West Country Semi-Skimmed Milk 2.27L (4 Pint)", '£1.09', '48p / ltr'), ('sains', 'https://www.sainsburys.co.uk/shop/gb/groceries/product/details/milk-fresh-milk/sainsburys-west-country-skimmed-milk-1-pint-568ml-7938602-p-44', "Sainsbury's West Country Skimmed Milk (1 Pint) 568ml", '55p', '97p / ltr'), ('sains', 'https://www.sainsburys.co.uk/shop/gb/groceries/product/details/dairyeggschilled-pricelockdown/sainsburys-west-country-skimmed-milk-113l-2-pint-', "Sainsbury's West Country Skimmed Milk 1.13L (2 Pint)", '80p', '70p / ltr'), ('sains', 'https://www.sainsburys.co.uk/shop/gb/groceries/product/details/dairyeggschilled-pricelockdown/sainsburys-west-country-skimmed-milk-227l-4-pint-7938647-p-44', "Sainsbury's West Country Skimmed Milk 2.27L (4 Pint)", '£1.09', '48p / ltr'), ('sains', 'https://www.sainsburys.co.uk/shop/gb/groceries/product/details/dairyeggschilled-pricelockdown/sainsburys-west-country-whole-milk-113l-2-pint-7938763-p-44', "Sainsbury's West Country Whole Milk 1.13L (2 Pint)", '80p', '70p / ltr'), ('sains', 'https://www.sainsburys.co.uk/shop/gb/groceries/product/details/milk-fresh-milk/sainsburys-west-country-whole-milk-113l-2-pint-7938763-p-44', "Sainsbury's West Country Whole Milk 1.13L (2 Pint)", '80p', '70p / ltr'), ('sains', 'https://www.sainsburys.co.uk/shop/gb/groceries/product/details/milk-fresh-milk/sainsburys-west-country-whole-milk-227l-4-pint-', "Sainsbury's West Country Whole Milk 2.27L (4 Pint)", '£1.15', '51p / ltr'), ('sains', 'https://www.sainsburys.co.uk/shop/gb/groceries/product/details/dairyeggschilled-pricelockdown/sainsburys-west-country-whole-milk-227l-4-pint-7938770-p-44', "Sainsbury's West Country Whole Milk 2.27L (4 Pint)", '£1.09', '48p / ltr'), ('sains', 'https://www.sainsburys.co.uk/shop/gb/groceries/product/details/milk-fresh-milk/sainsburys-west-country-whole-milk-568ml-1-pint-7938754-p-44', "Sainsbury's West Country Whole Milk 568ml (1 Pint)", '55p', '97p / ltr'), ('asda', 'https://groceries.asda.com/product/910002101271', 'Schar Gluten Free Milk Chocolate Nobbles', '£1.20', 'No weight data'), ('tesco', 'https://www.tesco.com/groceries/en-GB/products/279946951', 'Schmerlings Rosemarie Milk Chocolate 100G', '£ 2.69', '£0.27/10g'), ('sains', 'https://www.sainsburys.co.uk/shop/gb/groceries/product/details/protein-food-and-bars/sci-mx-nutrition-pro-2-go-high-protein-bar-peanut-milk-chocolate-60g', 'Sci-MX Nutrition Pro 2 Go High Protein Bar Peanut & Milk Chocolate 60g', '£2.50', '£4.17 / 100g'), ('aldi', 'https://www.aldi.co.uk/scottish-semi-skimmed-milk---1l/p/062203006335000', 'Scottish Semi Skimmed Milk - 1L', '0.70', '70p per litre'), ('tesco', 'https://www.tesco.com/groceries/en-GB/products/302300689', 'Shaken Udder Chocolush Milk Shake 750Ml', '£ 2.10', '£0.28/100ml'), ('tesco', 'https://www.tesco.com/groceries/en-GB/products/268891449', 'Shaken Udder Chocolush Milkshake 330Ml', '£ 1.35', '£0.41/100ml'), ('sains', 'https://www.sainsburys.co.uk/shop/gb/groceries/product/details/milk-flavoured-milk/shaken-udder-top-banana!-banana-milkshake-330ml', 'Shaken Udder Top Banana! Banana Milkshake 330ml', '£1.40', '42p / 100ml'), ('tesco', 'https://www.tesco.com/groceries/en-GB/products/268890865', 'Shaken Udder Vanilla-Licious Milkshake 330Ml', '£ 1.35', '£0.41/100ml'), ('tesco', 'https://www.tesco.com/groceries/en-GB/products/255801128', 'Skimmed Cravendale Milk Purfiltre 2 Litre', '£ 1.85', '£0.92/litre'), ('sains', 'https://www.sainsburys.co.uk/shop/gb/groceries/product/details/milk-flavoured-milk/sleep-well-vanilla-milk-drink-uht-200ml', 'Sleep Well Vanilla Milk Drink UHT 200ml', '£1.25', '63p / 100ml'), ('tesco', 'https://www.tesco.com/groceries/en-GB/products/289663291', 'Slim-Fast Multipack Milkshakesberry 1X6x325ml', '£ 9.50', '£0.49/100ml'), ('tesco', 'https://www.tesco.com/groceries/en-GB/products/289668352', 'Slimfast Cafe Latte Milkshake 6X325ml', '£ 9.50', '£0.49/100ml'), ('sains', 'https://www.sainsburys.co.uk/shop/gb/groceries/product/details/weight-management/slimfast-ready-to-drink-chocolate-6x325ml', 'Slimfast Ready To Drink Milkshake Chocolate 6x325ml', '£9.50', '49p / 100ml'), ('asda', 'https://groceries.asda.com/product/910000778593', 'SMA 1 Comfort Easy to Digest Baby Milk Powder Formula', '£12.97', 'No weight data'), ('asda', 'https://groceries.asda.com/product/1000111203346', 'SMA Advanced 1 First Infant Milk Powder Formula', '£14.45', 'No weight data'), ('asda', 'https://groceries.asda.com/product/1000111203497', 'SMA Advanced 2 Follow On Milk Powder Formula', '£14.45', 'No weight data'), ('asda', 'https://groceries.asda.com/product/1000111203452', 'SMA Advanced 3 Growing Up Milk Powder Formula', '£14.45', 'No weight data'), ('tesco', 'https://www.tesco.com/groceries/en-GB/products/303215110', 'Sma Advanced Follow-On-Milk 6 Months+ 800G', '£ 14.50', '£18.13/kg'), ('tesco', 'https://www.tesco.com/groceries/en-GB/products/303215133', 'Sma Advanced Growing Up Milk 1-3Yr 800G', '£ 16.00', '£20.00/kg'), ('tesco', 'https://www.tesco.com/groceries/en-GB/products/305527901', 'Sma Anti Reflux Infant Milk From Birth 800G', '£ 13.00', '£16.25/kg'), ('tesco', 'https://www.tesco.com/groceries/en-GB/products/273760989', 'Sma Comfort Infant Milk From Birth 800G', '£ 13.00', '£16.25/kg'), ('asda', 'https://groceries.asda.com/product/1000111203307', 'SMA Little Steps 1 First Infant Milk Powder Formula From Birth', '£8.00', 'No weight data'), ('asda', 'https://groceries.asda.com/product/1000111203284', 'SMA Little Steps 2 Follow On Milk Powder Formula 6+ Months', '£7.49', 'No weight data'), ('tesco', 'https://www.tesco.com/groceries/en-GB/products/305256138', 'Sma Little Steps First Infant Milk 200Ml', '£ 0.65', '£0.32/100ml'), ('tesco', 'https://www.tesco.com/groceries/en-GB/products/303215156', 'Sma Little Steps First Milk 1 From Birth 800G', '£ 8.00', '£10.00/kg'), ('tesco', 'https://www.tesco.com/groceries/en-GB/products/303215179', 'Sma Little Steps Follow On Milk 6Mth+ 800G', '£ 8.00', '£10.00/kg'), ('tesco', 'https://www.tesco.com/groceries/en-GB/products/301282631', 'Sma Organic First Milk 800G', '£ 12.00', '£15.00/kg'), ('tesco', 'https://www.tesco.com/groceries/en-GB/products/307346864', 'Sma Pro 3 Growing Up Milk 200Ml', '£ 0.80', '£4.00/litre'), ('tesco', 'https://www.tesco.com/groceries/en-GB/products/307361298', 'Sma Pro Extra Hungry Infant Milk 800G', '£ 10.75', '£13.44/kg'), ('tesco', 'https://www.tesco.com/groceries/en-GB/products/305781627', 'Sma Pro First Infant Milk Birth 1 Litre', '£ 4.00', '£4.00/litre'), ('tesco', 'https://www.tesco.com/groceries/en-GB/products/305781702', 'Sma Pro First Infant Milk Birth 200Ml', '£ 0.85', '£4.25/litre'), ('asda', 'https://groceries.asda.com/product/1000196707142', 'SMA PRO First Infant Milk From Birth', '£10.75', 'No weight data'), ('asda', 'https://groceries.asda.com/product/1000212268834', 'SMA PRO First Infant Milk From Birth 6 x 70 ml Starter Pack', '£7.45', '(£1.77/100ml)'), ('tesco', 'https://www.tesco.com/groceries/en-GB/products/305781649', 'Sma Pro First Infant Milk From Birth 800G', '£ 10.75', '£13.44/kg'), ('sains', 'https://www.sainsburys.co.uk/shop/gb/groceries/product/details/bigger-packs-/sma-1-first-infant-milk-900g', 'SMA PRO First Infant Milk From Birth 800g', '£10.75', '£1.34 / 100g'), ('asda', 'https://groceries.asda.com/product/1000196707097', 'SMA PRO First Infant Milk from Birth Ready to Drink', '£0.80', 'No weight data'), ('asda', 'https://groceries.asda.com/product/1000196706968', 'SMA PRO First Infant Milk From Birth Ready to Drink', '£3.70', 'No weight data'), ('asda', 'https://groceries.asda.com/product/1000204779055', 'SMA PRO First Infant Milk From Birth Ready to Feed Multipack', '£4.70', 'No weight data'), ('asda', 'https://groceries.asda.com/product/1000196707017', 'SMA PRO Follow-on Milk 6 mth+', '£9.40', 'No weight data'), ('asda', 'https://groceries.asda.com/product/1000196706943', 'SMA PRO Follow-on Milk 6 mth+ Ready to Drink', '£0.75', 'No weight data'), ('asda', 'https://groceries.asda.com/product/1000204779018', 'SMA PRO Follow-on Milk 6 mth+ Ready to Feed Multipack', '£3.75', 'No weight data'), ('tesco', 'https://www.tesco.com/groceries/en-GB/products/305782724', 'Sma Pro Follow-On Milk 6Mth+ 200Ml', '£ 0.85', '£4.25/litre'), ('tesco', 'https://www.tesco.com/groceries/en-GB/products/305782747', 'Sma Pro Follow-On Milk 6Mth+ 800G', '£ 9.50', '£11.88/kg'), ('sains', 'https://www.sainsburys.co.uk/shop/gb/groceries/product/details/all-price-lock/sma-3-toddler-milk--ready-to-use-200ml', 'SMA PRO Growing Up Milk 1-3 Years 800g', '70p', '35p / 100ml'), ('asda', 'https://groceries.asda.com/product/1000196707070', 'SMA PRO Growing Up Milk 1-3yr', '£9.10', 'No weight data'), ('tesco', 'https://www.tesco.com/groceries/en-GB/products/305782851', 'Sma Pro Gum Milk Powder Can 800G', '£ 9.15', '£11.44/kg'), ('tesco', 'https://www.tesco.com/groceries/en-GB/products/305553938', 'Smarties Bunny Milk Chocolate Hollow Figure 18.5G', '£ 0.50', '£2.71/100g'), ('tesco', 'https://www.tesco.com/groceries/en-GB/products/305548029', 'Smarties Bunny Milk Chocolate Hollow Figure 94G', '£ 2.00', '£2.13/100g'), ('tesco', 'https://www.tesco.com/groceries/en-GB/products/307961204', 'Smarties Buttons Milk Chocolate Easter Egg 290G', '£ 5.00', '£1.73/100g'), ('asda', 'https://groceries.asda.com/product/1000193654277', 'Smarties Buttons Orange Milk Chocolate Sharing Pouch', '£0.99', 'No weight data'), ('sains', 'https://www.sainsburys.co.uk/shop/gb/groceries/product/details/easter-special-offers/smarties-giant-inclusion-egg-470g', 'Smarties Incredible Inclusion Milk Chocolate Giant Easter Egg 470g', '£1.00', '21p / 100g'), ('tesco', 'https://www.tesco.com/groceries/en-GB/products/305548185', 'Smarties Milk Cho Incredible Easter Egg 470G', '£ 8.00', '£1.71/100g'), ('asda', 'https://groceries.asda.com/product/1000193654276', 'Smarties Milk Chocolate Buttons Sharing Bag', '£0.99', '(£1.10/100g)'), ('asda', 'https://groceries.asda.com/product/1000150186073', 'Smarties Milk Chocolate Christmas Penguin', '£2.00', '(£2.13/100g)'), ('asda', 'https://groceries.asda.com/product/1000150185969', 'Smarties Milk Chocolate Christmas Penguin', '£1.00', '(£1.99/100g)'), ('asda', 'https://groceries.asda.com/product/1000150186042', 'Smarties Milk Chocolate Christmas Penguin Multipack', '£1.50', '(£2.08/100g)'), ('tesco', 'https://www.tesco.com/groceries/en-GB/products/308103753', 'Smarties Milk Chocolate Easter Egg 119G', '£ 1.00', '£0.84/100g'), ('tesco', 'https://www.tesco.com/groceries/en-GB/products/307961066', 'Smarties Milk Chocolate Easter Egg Hunt 8 Pack 140G', '£ 3.00', '£2.15/100g'), ('tesco', 'https://www.tesco.com/groceries/en-GB/products/305554281', 'Smarties Milk Chocolate Mini Eggs 80G', '£ 1.00', '£1.25/100g'), ('tesco', 'https://www.tesco.com/groceries/en-GB/products/305554465', 'Smarties Milk Chocolate Mini Eggs Giant Bag 240G', '£ 2.00', '£0.83/100g'), ('asda', 'https://groceries.asda.com/product/1000034704520', 'Smarties Milk Chocolate Sharing Bag', '£0.99', '(83.9p/100g)'), ('asda', 'https://groceries.asda.com/product/910000522670', 'Smarties Milk Chocolate Sweets Tube Multipack 4 Pack', '£1.00', '(65.8p/100g)'), ('asda', 'https://groceries.asda.com/product/1000107813970', 'Smarties Mini Milk Chocolate Sweets Bag', '£0.25', '(£1.67/100g)'), ('asda', 'https://groceries.asda.com/product/1000072842960', 'Smarties Pink Milk Chocolate Giant Tube', '£1.00', '(76.9p/100g)'), ('asda', 'https://groceries.asda.com/product/1000161632967', 'Smarties Retro Edition Milk Chocolate Giant Tube', '£1.00', 'No weight data'), ('asda', 'https://groceries.asda.com/product/1000136352517', 'So...? Twilight Kiss Perfume Mist Vanilla Fudge Milkshake', '£6.00', '(£4.29/100ml)'), ('asda', 'https://groceries.asda.com/product/910001297523', 'Soft & Gentle 48hr Protection Jasmine & Coco Milk Anti-Perspirant Deodorant', '£0.95', '(63.3p/100ml)'), ('tesco', 'https://www.tesco.com/groceries/en-GB/products/281947400', 'Soft And Gentle Jasmine&Coco Milk Deodorant Rollon 50Ml', '£ 0.89', '£1.78/100ml'), ('sains', 'https://www.sainsburys.co.uk/shop/gb/groceries/product/details/all-future-brands/source-of-nature-cleansing-milk-white-tea---shea-butter-200ml', 'Source of Nature Cleansing Milk White Tea & Shea Butter 200ml', '£2.00', '£1.00 / 100ml'), ('tesco', 'https://www.tesco.com/groceries/en-GB/products/301011521', 'Special K Milk Chocolate Bars 5X27g', '£ 1.00', '£0.74/100g'), ('sains', 'https://www.sainsburys.co.uk/shop/gb/groceries/product/details/big-pot-yogurts/st-helens-farm-natural-goats-milk-yogurt-450g', "St Helen's Farm Goat's Milk Natural Yogurt 450g", '£2.40', '53p / 100g'), ('sains', 'https://www.sainsburys.co.uk/shop/gb/groceries/product/details/top-rated-44/st-helens-farm-natural-goats-milk-yogurt-450g', "St Helen's Farm Goat's Milk Natural Yogurt 450g", '£2.40', '53p / 100g'), ('tesco', 'https://www.tesco.com/groceries/en-GB/products/264016416', "St Helen's Fresh Skimmed Goats Milk 1L", '£ 1.75', '£1.75/litre'), ('tesco', 'https://www.tesco.com/groceries/en-GB/products/260454295', "St Helen's Semi Skimmed Goats Milk 1L", '£ 1.75', '£1.75/litre'), ('tesco', 'https://www.tesco.com/groceries/en-GB/products/260378143', 'St Helens Farm Natural Goats Milk Yogurt 450G', '£ 2.40', '£0.53/100g'), ('tesco', 'https://www.tesco.com/groceries/en-GB/products/254262853', 'St Ivel Buttermilk 284Ml', '£ 0.75', '£2.65/litre'), ('sains', 'https://www.sainsburys.co.uk/shop/gb/groceries/product/details/dairy-eggs-special-offers/starbucks-fairtrade-dark-with-a-splash-of-milk-doubleshot-intenso-200ml', 'Starbucks Fairtrade Dark with A Splash of Milk Doubleshot Intenso 200ml', '£2.00', '£10.00 / ltr'), ('tesco', 'https://www.tesco.com/groceries/en-GB/products/301603040', 'Stock Knoppers Milk And Nut Wafers 75G', '£ 1.50', '£0.20/10g'), ('asda', 'https://groceries.asda.com/product/910002987974', 'Storck Knoppers Milk and Nut Wafers', '£1.25', '(£1.67/100g)'), ('aldi', 'https://www.aldi.co.uk/strawberry-flavoured-1%25-fat-milk/p/063364386467200', 'Strawberry Flavoured 1% Fat Milk', '0.85', '85p per litre'), ('asda', 'https://groceries.asda.com/product/1000234566986', 'Summer Pride Coconut Milk', '£0.79', '(19.8p/100ml)'), ('asda', 'https://groceries.asda.com/product/1000234567324', 'Summer Pride Reduced Fat Coconut Milk', '£0.79', 'No weight data'), ('asda', 'https://groceries.asda.com/product/910003081224', 'Swizzels Drumstick Squashies Mini Bags Raspberry & Milk Flavour 20 Pack', '£2.00', '(71.4p/100g)'), ('sains', 'https://www.sainsburys.co.uk/shop/gb/groceries/product/details/price-lock-food-cupboard/swizzels-drumstick-squashies-mini-bags-raspberry-milk-flavour-sweets-x20', 'Swizzels Drumstick Squashies Mini Bags Raspberry & Milk Flavour Sweets x20', '£2.00', '71p / 100g'), ('sains', 'https://www.sainsburys.co.uk/shop/gb/groceries/product/details/all-price-lock/swizzels-drumstick-squashies-mini-bags-raspberry-milk-flavour-sweets-x20', 'Swizzels Drumstick Squashies Mini Bags Raspberry & Milk Flavour Sweets x20', '£2.00', '71p / 100g'), ('asda', 'https://groceries.asda.com/product/1000039942609', 'Swizzels Drumstick Squashies Original Raspberry & Milk Flavour', '£0.90', '(56.2p/100g)'), ('asda', 'https://groceries.asda.com/product/1000189263421', 'Swizzels Drumstick Squashies Raspberries & Milk Flavour Jumbo Lollies 4 Pack', '£2.00', 'No weight data'), ('tesco', 'https://www.tesco.com/groceries/en-GB/products/254278011', 'T.Skimmed Longlife Milk 6X1l', '£ 4.25', '£0.71/litre'), ('asda', 'https://groceries.asda.com/product/910002751801', 'Tassimo 16 Creamer from Milk Pods', '£3.99', '(£1.16/100g)'), ('tesco', 'https://www.tesco.com/groceries/en-GB/products/274445780', 'Tassimo Milk Pods 16 Servings', '£ 3.50', '£0.22/each'), ('asda', 'https://groceries.asda.com/product/1000072843086', "Terry's Chocolate Orange Milk", '£1.00', '(63.7p/100g)'), ('sains', 'https://www.sainsburys.co.uk/shop/gb/groceries/product/details/all-easter-eggs-and-chocolate-/terrys-milk-chocolate-orange-175g', "Terry's Chocolate Orange Milk Ball 157g", '£1.95', '£1.24 / 100g'), ('sains', 'https://www.sainsburys.co.uk/shop/gb/groceries/product/details/chocolate-and-sweets-/terrys-milk-chocolate-orange-175g', "Terry's Chocolate Orange Milk Ball 157g", '£1.95', '£1.24 / 100g'), ('sains', 'https://www.sainsburys.co.uk/shop/gb/groceries/product/details/special-offers-/terrys-milk-chocolate-orange-175g', "Terry's Chocolate Orange Milk Ball 157g", '£1.95', '£1.24 / 100g'), ('sains', 'https://www.sainsburys.co.uk/shop/gb/groceries/product/details/boxedchocolates/terrys-milk-chocolate-orange-175g', "Terry's Chocolate Orange Milk Ball 157g", '£1.95', '£1.24 / 100g'), ('asda', 'https://groceries.asda.com/product/1000194797272', "Terry's Chocolate Orange Milk Bar", '£1.00', '(£1.11/100g)'), ('asda', 'https://groceries.asda.com/product/1000194797186', "Terry's Chocolate Orange Milk Chocolate Bars 3 Pack", '£1.00', '(95.2p/100g)'), ('tesco', 'https://www.tesco.com/groceries/en-GB/products/293749766', "Terry's Chocolate Orange Milk Chocolate Box 157G", '£ 1.95', '£1.25/100g'), ('asda', 'https://groceries.asda.com/product/1000235168241', "Terry's Limited Edition Milk Chocolate Orange & Cranberry Bar", '£0.25', '(27.8p/100g)'), ('tesco', 'https://www.tesco.com/groceries/en-GB/products/301012899', 'Tesco 6 Chocolate & Milk Crispy Bars 126G', '£ 0.89', '£0.71/100g'), ('tesco', 'https://www.tesco.com/groceries/en-GB/products/268040017', 'Tesco 8 Milk Chocolate Ices 560Ml Price Marked', '£ 1.00', '£0.18/100ml'), ('tesco', 'https://www.tesco.com/groceries/en-GB/products/302063906', 'Tesco Banana Flavour Milk 1 Litre', '£ 1.10', '£1.10/litre'), ('tesco', 'https://www.tesco.com/groceries/en-GB/products/302064214', 'Tesco Banana Flavour Milk 330Ml', '£ 0.60', '£0.18/100ml'), ('tesco', 'https://www.tesco.com/groceries/en-GB/products/275049199', 'Tesco Banana Milkshake Bottle 80G', '£ 0.40', '£0.50/100g'), ('tesco', 'https://www.tesco.com/groceries/en-GB/products/254656543', 'Tesco British Semi Skimmed Milk 2.272L 4 Pints', '£ 1.09', '£0.48/litre'), ('tesco', 'https://www.tesco.com/groceries/en-GB/products/302063941', 'Tesco Brownie Flavour Milk 1 Litre', '£ 1.10', '£1.10/litre'), ('tesco', 'https://www.tesco.com/groceries/en-GB/products/305971593', 'Tesco Buttermilk Chicken Mini Fillets 305G', '£ 2.50', '£8.20/kg'), ('tesco', 'https://www.tesco.com/groceries/en-GB/products/302063929', 'Tesco Chocolate Flavour Milk 1 Litre', '£ 1.10', '£1.10/litre'), ('tesco', 'https://www.tesco.com/groceries/en-GB/products/302064237', 'Tesco Chocolate Flavour Milk 330Ml', '£ 0.60', '£0.18/100ml'), ('tesco', 'https://www.tesco.com/groceries/en-GB/products/266045712', 'Tesco Chocolate Malted Milk Biscuits 250G', '£ 0.85', '£0.34/100g'), ('tesco', 'https://www.tesco.com/groceries/en-GB/products/288716611', 'Tesco Condensed Milk 397G', '£ 1.05', '£2.65/kg'), ('tesco', 'https://www.tesco.com/groceries/en-GB/products/290595440', 'Tesco Easter Milk Chocolate Bunny 100G', '£ 0.89', '£0.89/100g'), ('tesco', 'https://www.tesco.com/groceries/en-GB/products/256909311', 'Tesco Evaporated Milk 170G', '£ 0.50', '£2.95/kg'), ('tesco', 'https://www.tesco.com/groceries/en-GB/products/256909870', 'Tesco Evaporated Milk 410G', '£ 0.65', '£1.59/kg'), ('tesco', 'https://www.tesco.com/groceries/en-GB/products/260388246', 'Tesco Filtered Semi Skimmed Milk 1 Litre', '£ 0.85', '£0.85/litre'), ('tesco', 'https://www.tesco.com/groceries/en-GB/products/253737115', 'Tesco Filtered Semi Skimmed Milk 2 Litre', '£ 1.35', '£0.68/litre'), ('tesco', 'https://www.tesco.com/groceries/en-GB/products/253732988', 'Tesco Filtered Whole Milk 2 Litre', '£ 1.35', '£0.68/litre'), ('tesco', 'https://www.tesco.com/groceries/en-GB/products/275412034', 'Tesco Finest Baking Chocolate Milk 100G', '£ 1.30', '£1.30/100g'), ('tesco', 'https://www.tesco.com/groceries/en-GB/products/304380717', 'Tesco Finest Belgian Milk Chocolate Cookies 210G', '£ 1.69', '£0.80/100g'), ('tesco', 'https://www.tesco.com/groceries/en-GB/products/257750530', 'Tesco Finest Channel Island Milk 1L', '£ 1.15', '£1.15/litre'), ('tesco', 'https://www.tesco.com/groceries/en-GB/products/300228693', 'Tesco Finest Chunky Milk Chocolate & Hazelnut Cookies 200G', '£ 1.59', '£0.80/100g'), ('tesco', 'https://www.tesco.com/groceries/en-GB/products/267377676', 'Tesco Instant Dried Skimmed Milk 340G', '£ 2.00', '£5.89/kg'), ('tesco', 'https://www.tesco.com/groceries/en-GB/products/300118011', 'Tesco Lactose Free Semi Skimmed Milk 1 Litre', '£ 1.20', '£1.20/litre'), ('tesco', 'https://www.tesco.com/groceries/en-GB/products/256909294', 'Tesco Light Choices Evaporated Semi Skimmed Milk 170G', '£ 0.50', '£2.95/kg'), ('tesco', 'https://www.tesco.com/groceries/en-GB/products/295790361', 'Tesco Longlife Unsweetened Soya Milk Alternative 1L', '£ 0.85', '£0.85/litre'), ('tesco', 'https://www.tesco.com/groceries/en-GB/products/256909887', 'Tesco Low Fat Evaporated Semi Skimmed Milk 410G', '£ 0.65', '£1.59/kg'), ('tesco', 'https://www.tesco.com/groceries/en-GB/products/255220251', 'Tesco Malted Milk Biscuits 200G', '£ 0.45', '£0.22/100g'), ('tesco', 'https://www.tesco.com/groceries/en-GB/products/307347863', 'Tesco Milk & White Egg Hunt 475G', '£ 5.00', '£1.06/100g'), ('tesco', 'https://www.tesco.com/groceries/en-GB/products/270965130', 'Tesco Milk Bottles 75G', '£ 0.40', '£0.53/100g'), ('tesco', 'https://www.tesco.com/groceries/en-GB/products/255762801', 'Tesco Milk Chocolate Biscuit Break 8 Pack 172G', '£ 0.89', '£0.52/100g'), ('tesco', 'https://www.tesco.com/groceries/en-GB/products/297549518', 'Tesco Milk Chocolate Biscuit Selection 450G', '£ 4.00', '£0.89/100g'), ('tesco', 'https://www.tesco.com/groceries/en-GB/products/307364796', 'Tesco Milk Chocolate Bunnies 75G', '£ 0.75', '£1.00/100g'), ('tesco', 'https://www.tesco.com/groceries/en-GB/products/261356853', 'Tesco Milk Chocolate Butter Biscuits 125G', '£ 0.85', '£0.68/100g'), ('tesco', 'https://www.tesco.com/groceries/en-GB/products/259595923', 'Tesco Milk Chocolate Buttons 70G', '£ 0.40', '£0.57/100g'), ('tesco', 'https://www.tesco.com/groceries/en-GB/products/254913717', 'Tesco Milk Chocolate Cake Covering 300G', '£ 0.80', '£0.27/100g'), ('tesco', 'https://www.tesco.com/groceries/en-GB/products/278244694', 'Tesco Milk Chocolate Chips 100G', '£ 0.80', '£0.80/100g'), ('tesco', 'https://www.tesco.com/groceries/en-GB/products/278274664', 'Tesco Milk Chocolate Chunks 100G', '£ 1.00', '£1.00/100g'), ('tesco', 'https://www.tesco.com/groceries/en-GB/products/254924572', 'Tesco Milk Chocolate Digestive 300G', '£ 0.60', '£0.20/100g'), ('tesco', 'https://www.tesco.com/groceries/en-GB/products/303067941', 'Tesco Milk Chocolate Ice Cream 3X110ml', '£ 1.00', '£0.30/100ml'), ('tesco', 'https://www.tesco.com/groceries/en-GB/products/300792887', 'Tesco Milk Chocolate Peanut 200G', '£ 0.75', '£0.38/100g'), ('tesco', 'https://www.tesco.com/groceries/en-GB/products/300792956', 'Tesco Milk Chocolate Raisins 200G', '£ 0.75', '£0.38/100g'), ('tesco', 'https://www.tesco.com/groceries/en-GB/products/307737200', 'Tesco Milk Chocolate Viennese Fingers 130G', '£ 1.00', '£0.77/100g'), ('tesco', 'https://www.tesco.com/groceries/en-GB/products/258520070', 'Tesco Milk Cooking Chocolate 150G', '£ 0.80', '£0.53/100g'), ('tesco', 'https://www.tesco.com/groceries/en-GB/products/305831811', 'Tesco Milk For Kittens 200Ml', '£ 0.70', '£0.35/100ml'), ('tesco', 'https://www.tesco.com/groceries/en-GB/products/305833930', 'Tesco Milk For Milk For Cats 200Ml', '£ 0.70', '£0.35/100ml'), ('tesco', 'https://www.tesco.com/groceries/en-GB/products/268395167', 'Tesco Mini Milk Chocolate Cookie Bites 20 Pack', '£ 1.80', '£0.09/each'), ('tesco', 'https://www.tesco.com/groceries/en-GB/products/251499710', 'Tesco Organic Semi- Skimmed Milk 1.136L/2 Pints', '£ 0.89', '£0.78/litre'), ('tesco', 'https://www.tesco.com/groceries/en-GB/products/251499998', 'Tesco Organic Semi- Skimmed Milk 2.272L/4 Pints', '£ 1.50', '£0.66/litre'), ('tesco', 'https://www.tesco.com/groceries/en-GB/products/251499687', 'Tesco Organic Skimmed Milk 1.136L/2 Pints', '£ 0.89', '£0.78/litre'), ('tesco', 'https://www.tesco.com/groceries/en-GB/products/251499900', 'Tesco Organic Whole Milk 1.136L/2 Pints', '£ 0.89', '£0.78/litre'), ('tesco', 'https://www.tesco.com/groceries/en-GB/products/251500030', 'Tesco Organic Whole Milk 2.272L/4 Pints', '£ 1.50', '£0.66/litre'), ('tesco', 'https://www.tesco.com/groceries/en-GB/products/292975954', 'Tesco Pillows With Milk Chocolate Filling 375G', '£ 1.10', '£0.29/100g'), ('tesco', 'https://www.tesco.com/groceries/en-GB/products/305973297', 'Tesco Rice Cakes Milk Chocolate 105G', '£ 1.00', '£9.53/kg'), ('tesco', 'https://www.tesco.com/groceries/en-GB/products/254278040', 'Tesco Semi Skimmed Longlife Milk 1 Litre', '£ 0.79', '£0.79/litre'), ('tesco', 'https://www.tesco.com/groceries/en-GB/products/255026297', 'Tesco Semi Skimmed Longlife Milk 6X1l', '£ 4.25', '£0.71/litre'), ('tesco', 'https://www.tesco.com/groceries/en-GB/products/252207537', 'Tesco Semi Skimmed Milk 1.13L/2 Pints', '£ 0.80', '£0.71/litre'), ('tesco', 'https://www.tesco.com/groceries/en-GB/products/255986260', 'Tesco Semi Skimmed Milk 3.408L/6 Pints', '£ 1.50', '£0.44/litre'), ('tesco', 'https://www.tesco.com/groceries/en-GB/products/251314158', 'Tesco Semi Skimmed Milk 568Ml/1 Pint', '£ 0.50', '£0.88/litre'), ('tesco', 'https://www.tesco.com/groceries/en-GB/products/254277997', 'Tesco Skimmed Longlife Milk 1L', '£ 0.79', '£0.79/litre'), ('tesco', 'https://www.tesco.com/groceries/en-GB/products/252208041', 'Tesco Skimmed Milk 1.136L/2 Pints', '£ 0.80', '£0.70/litre'), ('tesco', 'https://www.tesco.com/groceries/en-GB/products/254656508', 'Tesco Skimmed Milk 2.272L/4 Pints', '£ 1.09', '£0.48/litre'), ('tesco', 'https://www.tesco.com/groceries/en-GB/products/251314095', 'Tesco Skimmed Milk 568Ml/1 Pint', '£ 0.50', '£0.88/litre'), ('tesco', 'https://www.tesco.com/groceries/en-GB/products/302932397', 'Tesco Slim Milk Chocolate Crunch Meal Replacement Bars 4X60g', '£ 4.00', '£1.67/100g'), ('tesco', 'https://www.tesco.com/groceries/en-GB/products/300661927', 'Tesco Sweetened Almond Milk Alternative 1L', '£ 0.95', '£0.95/litre'), ('tesco', 'https://www.tesco.com/groceries/en-GB/products/300118119', 'Tesco Sweetened Coconut Milk Alternative 1L', '£ 0.95', '£0.95/litre'), ('tesco', 'https://www.tesco.com/groceries/en-GB/products/300118132', 'Tesco Unsweetened Almond Milk Alternative 1L', '£ 0.95', '£0.95/litre'), ('tesco', 'https://www.tesco.com/groceries/en-GB/products/300118034', 'Tesco Unsweetened Soya Milk Alternative 1L', '£ 0.95', '£0.95/litre'), ('tesco', 'https://www.tesco.com/groceries/en-GB/products/302063987', 'Tesco Vanilla Flavour Milk 1 Litre', '£ 1.10', '£1.10/litre'), ('tesco', 'https://www.tesco.com/groceries/en-GB/products/254277974', 'Tesco Whole Longlife Milk 1L', '£ 0.79', '£0.79/litre'), ('tesco', 'https://www.tesco.com/groceries/en-GB/products/260333496', 'Tesco Whole Longlife Milk 6X1l', '£ 4.25', '£0.71/litre'), ('tesco', 'https://www.tesco.com/groceries/en-GB/products/252207566', 'Tesco Whole Milk 2 Pints/1.13L', '£ 0.80', '£0.71/litre'), ('tesco', 'https://www.tesco.com/groceries/en-GB/products/254656399', 'Tesco Whole Milk 2.272L/4 Pints', '£ 1.09', '£0.48/litre'), ('tesco', 'https://www.tesco.com/groceries/en-GB/products/254957550', 'Tesco Whole Milk 3.408L/6 Pints', '£ 1.50', '£0.44/litre'), ('tesco', 'https://www.tesco.com/groceries/en-GB/products/251314233', 'Tesco Whole Milk 568Ml/1 Pint', '£ 0.50', '£0.88/litre'), ('tesco', 'https://www.tesco.com/groceries/en-GB/products/307340945', 'Tescomilk Chocolate Eggs 75G', '£ 0.75', '£1.00/100g'), ('tesco', 'https://www.tesco.com/groceries/en-GB/products/305979515', 'The Collective Kefir Natural Milk Drink 500Ml', '£ 1.90', '£3.80/litre'), ('sains', 'https://www.sainsburys.co.uk/shop/gb/groceries/product/details/new-355373-44/thorntons-billionaire-brownie-fingers-milk-chocolate-x5', 'Thorntons Billionaire Brownie Fingers Milk Chocolate x5', '£1.50', '17p / ea'), ('tesco', 'https://www.tesco.com/groceries/en-GB/products/302295999', 'Thorntons Classic Collection Of Milk, Dark & White Chocolate 449G', '£ 8.50', '£1.90/100g'), ('sains', 'https://www.sainsburys.co.uk/shop/gb/groceries/product/details/all-gifting/thorntons-continental-gift-wrap-chocolate-box-284g', 'Thorntons Continental Milk & Dark & White Chocolates Wrapped Gift Box 284g', '£10.00', '£4.03 / 100g'), ('tesco', 'https://www.tesco.com/groceries/en-GB/products/307363630', 'Thorntons Continental Milk Chocolate Easter Egg 257G', '£ 8.00', '£3.12/100g'), ('asda', 'https://groceries.asda.com/product/1000000982681', 'Thorntons Continental Milk, Dark, White Chocolate Gift Box', '£7.00', '(£2.46/100g)'), ('tesco', 'https://www.tesco.com/groceries/en-GB/products/297058391', 'Thorntons Dark Continental Milk White Chocolates 142G', '£ 6.00', '£4.23/100g'), ('tesco', 'https://www.tesco.com/groceries/en-GB/products/297058097', 'Thorntons Dark Continental Milk White Chocolates 284G', '£ 10.00', '£3.53/100g'), ('tesco', 'https://www.tesco.com/groceries/en-GB/products/295065362', 'Thorntons Milk Chocolate Bunny 200G', '£ 4.00', '£2.00/100g'), ('sains', 'https://www.sainsburys.co.uk/shop/gb/groceries/product/details/miniandtreat-size/thorntons-milk-chocolate-bunny-29g', 'Thorntons Milk Chocolate Bunny 29g', '55p', '£1.90 / 100g'), ('asda', 'https://groceries.asda.com/product/1000170163602', 'Thorntons Milk Chocolate Caramel Shortcake Bites', '£1.00', '(10.0p/each)'), ('asda', 'https://groceries.asda.com/product/1000159964014', 'Thorntons Milk Chocolate Cheeky Elf Model', '£4.00', '(£2.00/100g)'), ('tesco', 'https://www.tesco.com/groceries/en-GB/products/304788973', 'Thorntons Milk Chocolate Dinosaur Egg 151G', '£ 2.50', '£1.66/100g'), ('asda', 'https://groceries.asda.com/product/1000177860894', 'Thorntons Milk Chocolate Festive Caramel Shortcake Bites', '£1.00', '(10.0p/each)'), ('asda', 'https://groceries.asda.com/product/1000177860948', 'Thorntons Milk Chocolate Festive Spiced Toffee Bites', '£1.00', '(10.0p/each)'), ('asda', 'https://groceries.asda.com/product/1000170163549', 'Thorntons Milk Chocolate Fudge Brownie Bites', '£1.00', '(10.0p/each)'), ('sains', 'https://www.sainsburys.co.uk/shop/gb/groceries/product/details/new-trending-special-offers/thorntons-choc-brownies-x10', 'Thorntons Milk Chocolate Fudge Brownie Bites x10', '£1.50', '15p / ea'), ('sains', 'https://www.sainsburys.co.uk/shop/gb/groceries/product/details/all-easter-/thorntons-milk-chocolate-unicorn-easter-egg-151g', 'Thorntons Milk Chocolate Unicorn Easter Egg 151g', '£3.50', '£2.35 / 100g'), ('tesco', 'https://www.tesco.com/groceries/en-GB/products/304414558', 'Thorntons Milk Chocolate Unicorn Egg 151G', '£ 2.50', '£1.66/100g'), ('asda', 'https://groceries.asda.com/product/1000159963991', 'Thorntons Milk, Dark, White Classic Collection Chocolate Box', '£7.00', '(£1.56/100g)'), ('sains', 'https://www.sainsburys.co.uk/shop/gb/groceries/product/details/gifting-special-offers/thorntons-milk-dark-white-classic-collection-chocolate-box-262g', 'Thorntons Milk, Dark, White Classic Collection Chocolate Box 262g', '£4.50', '£1.72 / 100g'), ('sains', 'https://www.sainsburys.co.uk/shop/gb/groceries/product/details/boxedchocolates/thorntons-milk-dark-white-classic-collection-chocolate-box-449g', 'Thorntons Milk, Dark, White Classic Collection Chocolate Box 449g', '£7.00', '£1.56 / 100g'), ('sains', 'https://www.sainsburys.co.uk/shop/gb/groceries/product/details/easterluxury/thorntons-milk-dark-white-classic-collection-chocolate-box-449g', 'Thorntons Milk, Dark, White Classic Collection Chocolate Box 449g', '£7.00', '£1.56 / 100g'), ('asda', 'https://groceries.asda.com/product/1000161871320', 'Thorntons Milk, Dark, White Classic Collection Gift Wrapped Chocolate Box', '£6.00', '(£2.29/100g)'), ('tesco', 'https://www.tesco.com/groceries/en-GB/products/293368289', 'Toblerone Milk 360G', '£ 5.00', '£1.39/100g'), ('asda', 'https://groceries.asda.com/product/43638001', 'Toblerone Milk Chocolate Bar', '£1.15', '(£1.15/100g)'), ('coop', 'https://www.coop.co.uk/products/toblerone-milk-100g', 'Toblerone Milk Chocolate Bar 100g', '£1.65', '100g (£1.00 per 100g)'), ('sains', 'https://www.sainsburys.co.uk/shop/gb/groceries/product/details/special-offers-/toblerone-milk-chocolate-400g', 'Toblerone Milk Chocolate Bar 360g', '£5.00', '£1.39 / 100g'), ('sains', 'https://www.sainsburys.co.uk/shop/gb/groceries/product/details/boxedchocolates/toblerone-milk-chocolate-400g', 'Toblerone Milk Chocolate Bar 360g', '£5.00', '£1.39 / 100g'), ('asda', 'https://groceries.asda.com/product/910002593443', 'Toblerone Milk Chocolate Large Bar', '£3.50', '(97.2p/100g)'), ('coop', 'https://www.coop.co.uk/products/toblerone-milk-chocolate-large-bar-360g', 'Toblerone Milk Chocolate Large Bar 360g', '£4.99', '360g (97.2p per 100g)'), ('asda', 'https://groceries.asda.com/product/1000236571412', 'Toblerone Milk with Crunchy Almonds Chocolate Bar', '£3.50', 'No weight data'), ('asda', 'https://groceries.asda.com/product/910001736097', 'Toffee Crisp Milk Chocolate Bar', '£0.55', '(£1.45/100g)'), ('asda', 'https://groceries.asda.com/product/65015835', 'Tommee Tippee 6 Milk Powder Dispensers 0m+', '£5.19', '(£5.19/each)'), ('asda', 'https://groceries.asda.com/product/910002491240', 'Tommee Tippee Closer to Nature 2 Milk Feeding Bibs 0m+', '£4.80', '(£2.40/each)'), ('tesco', 'https://www.tesco.com/groceries/en-GB/products/257278528', 'Tommee Tippee Closer To Nature Milk Feed Bibs X2', '£ 5.00', '£2.50/each'), ('sains', 'https://www.sainsburys.co.uk/shop/gb/groceries/product/details/all-future-brands/tonys-chocolonely-dark-milk-chocolate-pretzel-toffee-42-180g', "Tony's Chocolonely Dark Milk Chocolate Pretzel Toffee 42% 180g", '£2.75', '£1.52 / 100g'), ('sains', 'https://www.sainsburys.co.uk/shop/gb/groceries/product/details/all-future-brands/tonys-chocolonely-fairtrade-milk-chocolate-hazelnut-180g', "Tony's Chocolonely Fairtrade Milk Chocolate Hazelnut 180g", '£2.75', '£1.52 / 100g'), ('sains', 'https://www.sainsburys.co.uk/shop/gb/groceries/product/details/small-and-medium/tonys-easter-milk-meringue-lemon-180g', "Tony's Chocolonely Fairtrade Milk Chocolate Meringue and Lemon 180g", '£3.50', '£1.94 / 100g'), ('sains', 'https://www.sainsburys.co.uk/shop/gb/groceries/product/details/easter-special-offers/tonys-easter-milk-meringue-lemon-180g', "Tony's Chocolonely Fairtrade Milk Chocolate Meringue and Lemon 180g", '£3.50', '£1.94 / 100g'), ('sains', 'https://www.sainsburys.co.uk/shop/gb/groceries/product/details/about-future-brands/tonys-chocolonely-milk-chocolate-caramel-sea-salt-180g', "Tony's Chocolonely Milk Chocolate Caramel Sea Salt 180g", '£2.75', '£1.52 / 100g'), ('tesco', 'https://www.tesco.com/groceries/en-GB/products/260587673', 'Top Life Formula Puppy Milk 200Ml', '£ 0.70', '£3.50/litre'), ('asda', 'https://groceries.asda.com/product/25611931', 'Toplife Puppy Formula Milk', '£0.70', 'No weight data'), ('asda', 'https://groceries.asda.com/product/910001455940', 'Tropical Sun 100% Natural Coconut Milk', '£1.50', '(£3.75/kg)'), ('asda', 'https://groceries.asda.com/product/1000049687364', 'Tropical Sun Premium Coconut Milk', '£0.45', '(27.3p/100ml)'), ('asda', 'https://groceries.asda.com/product/19924', "Tunnock's Milk Chocolate Caramel Wafer Biscuits", '£1.39', 'No weight data'), ('asda', 'https://groceries.asda.com/product/19874', "Tunnock's Milk Chocolate Tea Cakes", '£0.95', 'No weight data'), ('sains', 'https://www.sainsburys.co.uk/shop/gb/groceries/product/details/top-rated-44/tunnocks-milk-chocolate-teacakes-biscuits-x10', "Tunnock's Milk Chocolate Teacakes Biscuits x10", '£1.80', '18p / unit'), ('tesco', 'https://www.tesco.com/groceries/en-GB/products/255526609', 'Tunnocks Milk Chocolate Caramel Wafer 240G', '£ 1.39', '£0.58/100g'), ('tesco', 'https://www.tesco.com/groceries/en-GB/products/254923832', 'Tunnocks Milk Chocolate Teacakes 6X24g', '£ 0.95', '£0.66/100g'), ('tesco', 'https://www.tesco.com/groceries/en-GB/products/308079366', 'Ufit High Protein Milkshake Banana Flavoured 500Ml', '£ 3.00', '£0.60/100ml'), ('tesco', 'https://www.tesco.com/groceries/en-GB/products/306504230', 'Ufit High Protein Milkshake Drink Strawberry 330Ml', '£ 2.00', '£0.61/100ml'), ('tesco', 'https://www.tesco.com/groceries/en-GB/products/308115508', 'Ufit High Protein Milkshake White Chocolate Flavoured 330Ml', '£ 2.00', '£0.61/100ml'), ('asda', 'https://groceries.asda.com/product/1000190025657', 'USN Trust 50 Protein Banana Flavoured Milkshake', '£3.50', 'No weight data'), ('asda', 'https://groceries.asda.com/product/1000190025627', 'USN Trust 50 Protein Chocolate Flavoured Milkshake', '£3.50', 'No weight data'), ('asda', 'https://groceries.asda.com/product/2215673273474', 'USN Trust 50 Protein Milkshakes - Vanilla, Strawberry, Banana & Chocolate', '£14.00', 'No weight data'), ('asda', 'https://groceries.asda.com/product/1000190025674', 'USN Trust 50 Protein Strawberry Flavoured Milkshake', '£3.50', 'No weight data'), ('asda', 'https://groceries.asda.com/product/1000190025615', 'USN Trust 50 Protein Vanilla Flavoured Milkshake', '£3.50', 'No weight data'), ('asda', 'https://groceries.asda.com/product/3184189', 'Veet Normal Skin Lotus Milk & Jasmine Fragrance Hair Removal Cream', '£5.00', '(£5.00/100ml)'), ('sains', 'https://www.sainsburys.co.uk/shop/gb/groceries/product/details/all-dairy-free/vita-coco-coconut-milk-original-750ml', 'Vita Coco Coconut Milk Original 750ml', '£1.95', '£2.60 / ltr'), ('sains', 'https://www.sainsburys.co.uk/shop/gb/groceries/product/details/milk-flavoured-milk/vita-coco-coconut-milk-original-750ml', 'Vita Coco Coconut Milk Original 750ml', '£1.95', '£2.60 / ltr'), ('tesco', 'https://www.tesco.com/groceries/en-GB/products/254942734', 'Warburtons Milk Roll Sliced White Bread 400G', '£ 0.90', '£0.22/100g'), ('sains', 'https://www.sainsburys.co.uk/shop/gb/groceries/product/details/top-rated-44/warburtons-blackpool-milk-roll-400g', 'Warburtons Milk Roll Soft Medium Sliced White Bread 400g', '£1.00', '25p / 100g'), ('asda', 'https://groceries.asda.com/product/36473', 'Warburtons White Milk Roll Bread', '£0.95', '(23.8p/100g)'), ('tesco', 'https://www.tesco.com/groceries/en-GB/products/250610878', 'Whiskas Cat Milk 3 Pack 3X200ml', '£ 2.75', '£4.59/litre'), ('asda', 'https://groceries.asda.com/product/3225107', 'Whiskas Cat Milk Cat Treat Bottle', '£1.09', '(£5.45/lt)'), ('asda', 'https://groceries.asda.com/product/2110661', 'Whiskas Cat Milk Cat Treat Bottles x 3', '£2.70', '(£4.50/lt)'), ('sains', 'https://www.sainsburys.co.uk/shop/gb/groceries/product/details/all-yogurt/woodlands-park-sheeps-milk-yogurt-450g', "Woodlands Sheep's Milk Yogurt 450g", '£2.60', '58p / 100g'), ('asda', 'https://groceries.asda.com/product/20760', 'Yakult Fermented Milk', '£3.00', '(65.9p/100g)'), ('tesco', 'https://www.tesco.com/groceries/en-GB/products/251354317', 'Yakult Fermented Milk Drink 7X65ml', '£ 3.00', '£0.66/100ml'), ('asda', 'https://groceries.asda.com/product/922100', 'Yakult Fermented Milk Light', '£3.10', '(68.1p/100ml)'), ('tesco', 'https://www.tesco.com/groceries/en-GB/products/253530336', 'Yakult Light Milk Drink 7X65ml', '£ 3.00', '£0.66/100ml'), ('asda', 'https://groceries.asda.com/product/910002785811', 'Yazoo Banana Flavoured Milk', '£1.50', '(£1.50/lt)'), ('tesco', 'https://www.tesco.com/groceries/en-GB/products/251328672', 'Yazoo Banana Milkshake 1 Litre Bottle', '£ 1.50', '£0.15/100ml'), ('tesco', 'https://www.tesco.com/groceries/en-GB/products/290369673', 'Yazoo Chilled Banana Flavour Milkshake 400Ml', '£ 1.00', '£0.25/100ml'), ('tesco', 'https://www.tesco.com/groceries/en-GB/products/290369696', 'Yazoo Chilled Chocolate Flavoured Milkshake 400Ml', '£ 1.00', '£0.25/100ml'), ('tesco', 'https://www.tesco.com/groceries/en-GB/products/290369713', 'Yazoo Chilled Strawberry Flavoured Milkshake 400Ml', '£ 1.00', '£0.25/100ml'), ('tesco', 'https://www.tesco.com/groceries/en-GB/products/307365173', 'Yazoo Choc-Hazelicious Flavoured Milk 400Ml', '£ 1.00', '£0.25/100ml'), ('tesco', 'https://www.tesco.com/groceries/en-GB/products/307158067', 'Yazoo Choc-Hazelicious Flavoured Milk Drink 1L', '£ 1.50', '£0.15/100ml'), ('asda', 'https://groceries.asda.com/product/910002786409', 'Yazoo Chocolate Flavoured Milk', '£1.50', '(£1.50/lt)'), ('asda', 'https://groceries.asda.com/product/910002182124', 'Yazoo Chocolate Flavoured Milk', '£0.50', '(£1.25/lt)'), ('tesco', 'https://www.tesco.com/groceries/en-GB/products/257524758', 'Yazoo Chocolate Milkshake 1 Litre Bottle', '£ 1.50', '£0.15/100ml'), ('sains', 'https://www.sainsburys.co.uk/shop/gb/groceries/product/details/milk-flavoured-milk/yazoo-kids-chocolate-4x200ml', 'Yazoo Kids Chocolate Milk Drink, No Added Sugar 4x200ml', '£2.00', '£2.50 / ltr'), ('asda', 'https://groceries.asda.com/product/1000015538112', 'Yazoo Kids No Added Sugar Strawberry Milk Drink', '£2.00', '(16.7p/100ml)'), ('asda', 'https://groceries.asda.com/product/1000015538441', 'Yazoo No Added Sugar Banana Milk', '£2.00', '(16.7p/100ml)'), ('asda', 'https://groceries.asda.com/product/1000015538600', 'Yazoo No Added Sugar Chocolate Milk', '£2.00', '(16.7p/100ml)'), ('tesco', 'https://www.tesco.com/groceries/en-GB/products/297763713', 'Yazoo No Added Sugar Chocolate Milkshake4x200ml', '£ 1.60', '£0.20/100ml'), ('asda', 'https://groceries.asda.com/product/910002181842', 'Yazoo Strawberry Flavoured Milk', '£0.50', '(£1.25/lt)'), ('asda', 'https://groceries.asda.com/product/910002786546', 'Yazoo Strawberry Flavoured Milk', '£1.50', '(£1.50/lt)'), ('sains', 'https://www.sainsburys.co.uk/shop/gb/groceries/product/details/milk-flavoured-milk/yazoo-strawberry-milk-drink-6x200ml', 'Yazoo Strawberry Milk Drink 6x200ml', '£2.40', '£2.00 / ltr'), ('tesco', 'https://www.tesco.com/groceries/en-GB/products/258836704', 'Yazoo Strawberry Milkshake 1 Litre Bottle', '£ 1.50', '£0.15/100ml'), ('asda', 'https://groceries.asda.com/product/910002182753', 'Yazoo Vanilla Flavoured Milk', '£0.50', '(£1.25/lt)'), ('tesco', 'https://www.tesco.com/groceries/en-GB/products/289767548', 'Yazoo Vanilla Milk 400Ml', '£ 1.00', '£0.02/10ml'), ('tesco', 'https://www.tesco.com/groceries/en-GB/products/257862017', 'Yeo Valley Organic Semi Skimmed Milk 1L', '£ 1.15', '£1.15/litre'), ('sains', 'https://www.sainsburys.co.uk/shop/gb/groceries/product/details/milk-fresh-milk/yeo-valley-organic-semi-skimmed-milk-1l', 'Yeo Valley Organic Semi Skimmed Milk 1L', '£1.30', '£1.30 / ltr'), ('tesco', 'https://www.tesco.com/groceries/en-GB/products/258882358', 'Yeo Valley Organic Semi Skimmed Milk 2L', '£ 1.90', '£0.95/litre'), ('sains', 'https://www.sainsburys.co.uk/shop/gb/groceries/product/details/special-offers-462368-44/yeo-valley-organic-semi-skimmed-milk-2l', 'Yeo Valley Organic Semi Skimmed Milk 2L', '£1.80', '90p / ltr'), ('asda', 'https://groceries.asda.com/product/1000204779000', 'Yeo Valley Organic Semi-Skimmed Milk', '£1.90', 'No weight data'), ('sains', 'https://www.sainsburys.co.uk/shop/gb/groceries/product/details/milk-fresh-milk/yeo-valley-skimmed-milk-2l', 'Yeo Valley Organic Skimmed Milk 2L', '£1.80', '90p / ltr'), ('asda', 'https://groceries.asda.com/product/1000204779175', 'Yeo Valley Organic Whole Milk', '£1.90', 'No weight data'), ('tesco', 'https://www.tesco.com/groceries/en-GB/products/262586694', 'Yeo Valley Organic Whole Milk 2 Litre', '£ 1.90', '£0.95/litre'), ('sains', 'https://www.sainsburys.co.uk/shop/gb/groceries/product/details/organic-dairy-products/yeo-valley-organic-whole-milk-2l', 'Yeo Valley Organic Whole Milk 2L', '£1.80', '90p / ltr'), ('sains', 'https://www.sainsburys.co.uk/shop/gb/groceries/product/details/special-offers-462368-44/yeo-valley-organic-whole-milk-2l', 'Yeo Valley Organic Whole Milk 2L', '£1.80', '90p / ltr'), ('sains', 'https://www.sainsburys.co.uk/shop/gb/groceries/product/details/milk-fresh-milk/yeo-valley-organic-whole-milk-2l', 'Yeo Valley Organic Whole Milk 2L', '£1.80', '90p / ltr'), ('asda', 'https://groceries.asda.com/product/1558656', 'Yorkie Milk Chocolate Biscuit Bar 7 Pack', '£1.00', '(58.3p/100g)'), ('tesco', 'https://www.tesco.com/groceries/en-GB/products/263538128', 'Yorkie Milk Chocolate Biscuits 7 Pack 171.5G', '£ 1.00', '£0.58/100g'), ('sains', 'https://www.sainsburys.co.uk/shop/gb/groceries/product/details/easter-giant/yorkie-milk-chocolate-collection-giant-easter-egg-336g', 'Yorkie Milk Chocolate Collection Giant Easter Egg 336g', '£5.00', '£1.49 / 100g'), ('tesco', 'https://www.tesco.com/groceries/en-GB/products/286616442', 'Yorkie Milk Multi Pack 138G', '£ 1.00', '£0.72/100g'), ('asda', 'https://groceries.asda.com/product/910001590670', 'Yorkie Original Milk Chocolate Bar', '£0.55', '(£1.20/100g)'), ('asda', 'https://groceries.asda.com/product/1000006616995', "Zaad Cow's Milk Cheese", '£2.79', '(£7.97/kg)'), ('asda', 'https://groceries.asda.com/product/910002157230', 'Zott Milk & Chocolate Dessert', '£1.89', '(47.2p/100g)')]


json_data[{'shop': 'aldi', 'url': 'https://www.aldi.co.uk/2-buttermilk-fish-burgers/p/704491367526000', 'product_name': '2 Buttermilk Fish Burgers', 'product_price': '1.49', 'product_additionals': '£6.56 per kg'}, {'shop': 'sains', 'url': 'https://www.sainsburys.co.uk/shop/gb/groceries/product/details/lactose-free--/a2-milk-semi-skimmed-1l', 'product_name': "a2 Milk Fresh Semi-Skimmed Cows' Milk 1L", 'product_price': '£1.35', 'product_additionals': '£1.35 / ltr'}, {'shop': 'sains', 'url': 'https://www.sainsburys.co.uk/shop/gb/groceries/product/details/milk-fresh-milk/a2-whole-cows-milk-1l', 'product_name': "a2 Milk Fresh Whole Cows' Milk 1L", 'product_price': '£1.35', 'product_additionals': '£1.35 / ltr'}, {'shop': 'tesco', 'url': 'https://www.tesco.com/groceries/en-GB/products/307747879', 'product_name': 'Aero Bubbles Milk Chocolate Easter Egg 121G', 'product_price': '£ 1.00', 'product_additionals': '£0.83/100g'}, {'shop': 'sains', 'url': 'https://www.sainsburys.co.uk/shop/gb/groceries/product/details/easter-special-offers/aero-bubbles-milk-chocolate-medium-easter-egg-121g', 'product_name': 'Aero Bubbles Milk Chocolate Medium Easter Egg 121g', 'product_price': '£1.25', 'product_additionals': '£1.03 / 100g'}, {'shop': 'asda', 'url': 'https://groceries.asda.com/product/1000061868369', 'product_name': 'Aero Bubbles Milk Chocolate Sharing Bag', 'product_price': '£0.99', 'product_additionals': '(97.1p/100g)'}, {'shop': 'tesco', 'url': 'https://www.tesco.com/groceries/en-GB/products/300228105', 'product_name': 'Aero Bubbles Milk Pouch Bag 102G', 'product_price': '£ 0.99', 'product_additionals': '£0.97/100g'}, {'shop': 'sains', 'url': 'https://www.sainsburys.co.uk/shop/gb/groceries/product/details/indulgent-yogurts-desserts/aero-finesse-milk-chocolate-mousse-4x57g', 'product_name': 'Aero Creations Mousse Milk Chocolate 4x57g', 'product_price': '£1.50', 'product_additionals': '66p / 100g'}, {'shop': 'asda', 'url': 'https://groceries.asda.com/product/910001744184', 'product_name': 'Aero Milk Chocolate Bubbly Bar 4 Pack', 'product_price': '£1.00', 'product_additionals': '(92.6p/100g)'}, {'shop': 'tesco', 'url': 'https://www.tesco.com/groceries/en-GB/products/305547825', 'product_name': 'Aero Milk Chocolate Mini Eggs Bag 70G', 'product_price': '£ 1.00', 'product_additionals': '£1.43/100g'}, {'shop': 'sains', 'url': 'https://www.sainsburys.co.uk/shop/gb/groceries/product/details/all-easter-/aero-milk-chocolate-mini-eggs-pouch-70g', 'product_name': 'Aero Milk Chocolate Mini Eggs Pouch 70g', 'product_price': '£1.00', 'product_additionals': '£1.43 / 100g'}, {'shop': 'sains', 'url': 'https://www.sainsburys.co.uk/shop/gb/groceries/product/details/easter-special-offers/aero-milk-chocolate-mini-eggs-pouch-70g', 'product_name': 'Aero Milk Chocolate Mini Eggs Pouch 70g', 'product_price': '£1.00', 'product_additionals': '£1.43 / 100g'}, {'shop': 'asda', 'url': 'https://groceries.asda.com/product/1000242609326', 'product_name': 'Aero Milk Chocolate Sharing Bar', 'product_price': '£1.00', 'product_additionals': '(£1.11/100g)'}, {'shop': 'tesco', 'url': 'https://www.tesco.com/groceries/en-GB/products/305548346', 'product_name': 'Aero Peppemint Milk Chocolate Mini Eggs 70G', 'product_price': '£ 1.00', 'product_additionals': '£1.43/100g'}, {'shop': 'tesco', 'url': 'https://www.tesco.com/groceries/en-GB/products/305554004', 'product_name': 'Aero Peppermint Milk Chocolate Large Easter Egg 252G', 'product_price': '£ 3.00', 'product_additionals': '£1.20/100g'}, {'shop': 'asda', 'url': 'https://groceries.asda.com/product/1000000462741', 'product_name': 'Alpen Cereal Bars Fruit & Nut with Milk Chocolate', 'product_price': '£1.00', 'product_additionals': '(69.0p/100g)'}, {'shop': 'tesco', 'url': 'https://www.tesco.com/groceries/en-GB/products/272012512', 'product_name': 'Alpro Almond Longlife Milk Alternative 1L', 'product_price': '£ 1.70', 'product_additionals': '£1.70/litre'}, {'shop': 'tesco', 'url': 'https://www.tesco.com/groceries/en-GB/products/272103606', 'product_name': 'Alpro Hazelnut Fresh Milk Alternative 1L', 'product_price': '£ 1.80', 'product_additionals': '£1.80/litre'}, {'shop': 'asda', 'url': 'https://groceries.asda.com/product/43333959', 'product_name': 'Ambre Solaire Aftersun Skin Soother Hydrating Milk', 'product_price': '£11.00', 'product_additionals': '(£2.75/100ml)'}, {'shop': 'tesco', 'url': 'https://www.tesco.com/groceries/en-GB/products/287594156', 'product_name': 'Ambre Solaire Milk Spf 50 Vitamin C 200Ml', 'product_price': '£ 5.00', 'product_additionals': '£2.50/100ml'}, {'shop': 'asda', 'url': 'https://groceries.asda.com/product/910000420790', 'product_name': 'Amoy Coconut Milk', 'product_price': '£1.79', 'product_additionals': '(44.8p/100ml)'}, {'shop': 'asda', 'url': 'https://groceries.asda.com/product/910000420686', 'product_name': 'Amoy Coconut Milk Reduced Fat', 'product_price': '£1.79', 'product_additionals': '(44.8p/100ml)'}, {'shop': 'sains', 'url': 'https://www.sainsburys.co.uk/shop/gb/groceries/product/details/build-a-stir-fry-with-amoy/amoy-reduced-fat-coconut-milk-400g', 'product_name': 'Amoy Reduced Fat Coconut Milk 400g', 'product_price': '£1.80', 'product_additionals': '45p / 100ml'}, {'shop': 'tesco', 'url': 'https://www.tesco.com/groceries/en-GB/products/308114947', 'product_name': 'Andros Caramel Dessert With Almond Milk 2 X 120G', 'product_price': '£ 1.20', 'product_additionals': '£5.00/kg'}, {'shop': 'tesco', 'url': 'https://www.tesco.com/groceries/en-GB/products/308104078', 'product_name': 'Andros Chocolate Dessert With Almond Milk 2 X 120G', 'product_price': '£ 1.20', 'product_additionals': '£5.00/kg'}, {'shop': 'asda', 'url': 'https://groceries.asda.com/product/1000053215830', 'product_name': 'Aptamil 1 Anti-Reflux Milk Powder Formula From Birth', 'product_price': '£14.00', 'product_additionals': 'No weight data'}, {'shop': 'asda', 'url': 'https://groceries.asda.com/product/1000053215743', 'product_name': 'Aptamil 1 Comfort Milk Powder Formula From Birth', 'product_price': '£14.00', 'product_additionals': 'No weight data'}, {'shop': 'asda', 'url': 'https://groceries.asda.com/product/1000195178652', 'product_name': 'Aptamil 1 First Baby Milk Powder Formula Sachets From Birth', 'product_price': '£8.00', 'product_additionals': 'No weight data'}, {'shop': 'tesco', 'url': 'https://www.tesco.com/groceries/en-GB/products/301359904', 'product_name': 'Aptamil 1 First Infant Milk From Birth 800G', 'product_price': '£ 11.35', 'product_additionals': '£14.19/kg'}, {'shop': 'asda', 'url': 'https://groceries.asda.com/product/910000812959', 'product_name': 'Aptamil 1 First Infant Milk Liquid Ready To Feed Formula From Birth', 'product_price': '£3.95', 'product_additionals': 'No weight data'}, {'shop': 'asda', 'url': 'https://groceries.asda.com/product/910001707212', 'product_name': 'Aptamil 1 First Infant Milk Liquid Ready To Feed Formula From Birth', 'product_price': '£3.50', 'product_additionals': 'No weight data'}, {'shop': 'asda', 'url': 'https://groceries.asda.com/product/910001061643', 'product_name': 'Aptamil 1 First Infant Milk Liquid Ready To Feed Formula From Birth', 'product_price': '£0.95', 'product_additionals': 'No weight data'}, {'shop': 'asda', 'url': 'https://groceries.asda.com/product/910001386648', 'product_name': 'Aptamil 1 First Infant Milk Liquid Ready To Feed Starter Pack From Birth', 'product_price': '£8.50', 'product_additionals': 'No weight data'}, {'shop': 'asda', 'url': 'https://groceries.asda.com/product/1000053215791', 'product_name': 'Aptamil 1 First Infant Milk Powder Formula From Birth', 'product_price': '£10.50', 'product_additionals': 'No weight data'}, {'shop': 'tesco', 'url': 'https://www.tesco.com/groceries/en-GB/products/273750673', 'product_name': 'Aptamil 1 First Milk 1 Litre Ready To Feed Liquid', 'product_price': '£ 3.95', 'product_additionals': '£3.95/litre'}, {'shop': 'tesco', 'url': 'https://www.tesco.com/groceries/en-GB/products/278975404', 'product_name': 'Aptamil 1 First Milk 200Ml Ready To Feed Liquid', 'product_price': '£ 0.95', 'product_additionals': '£0.48/100ml'}, {'shop': 'tesco', 'url': 'https://www.tesco.com/groceries/en-GB/products/286866614', 'product_name': 'Aptamil 1 First Milk Multipack 4X200ml Ready To Feed Liquid', 'product_price': '£ 3.50', 'product_additionals': '£4.38/litre'}, {'shop': 'tesco', 'url': 'https://www.tesco.com/groceries/en-GB/products/283468059', 'product_name': 'Aptamil 1 First Pack Liquids Ready To Feed Infant Milk 420Ml', 'product_price': '£ 8.50', 'product_additionals': '£20.24/litre'}, {'shop': 'asda', 'url': 'https://groceries.asda.com/product/1000053215777', 'product_name': 'Aptamil 1 Hungry Milk Powder Formula From Birth', 'product_price': '£11.35', 'product_additionals': 'No weight data'}, {'shop': 'asda', 'url': 'https://groceries.asda.com/product/1000038368711', 'product_name': 'Aptamil 1 Lactose Free Milk Powder Formula From Birth', 'product_price': '£7.50', 'product_additionals': 'No weight data'}, {'shop': 'asda', 'url': 'https://groceries.asda.com/product/1000195178774', 'product_name': 'Aptamil 2 Follow On Baby Milk Powder Formula Sachets 6-12 Months', 'product_price': '£8.00', 'product_additionals': 'No weight data'}, {'shop': 'tesco', 'url': 'https://www.tesco.com/groceries/en-GB/products/273752262', 'product_name': 'Aptamil 2 Follow On Milk 1 Litre Ready To Feed Liquid', 'product_price': '£ 3.95', 'product_additionals': '£3.95/litre'}, {'shop': 'tesco', 'url': 'https://www.tesco.com/groceries/en-GB/products/278975670', 'product_name': 'Aptamil 2 Follow On Milk 200Ml Ready To Feed Liquid', 'product_price': '£ 0.95', 'product_additionals': '£4.75/litre'}, {'shop': 'asda', 'url': 'https://groceries.asda.com/product/910001707223', 'product_name': 'Aptamil 2 Follow On Milk Liquid Ready To Feed Formula 6-12 Months', 'product_price': '£3.50', 'product_additionals': 'No weight data'}, {'shop': 'asda', 'url': 'https://groceries.asda.com/product/910001060950', 'product_name': 'Aptamil 2 Follow On Milk Liquid Ready To Feed Formula 6-12 Months', 'product_price': '£0.95', 'product_additionals': 'No weight data'}, {'shop': 'tesco', 'url': 'https://www.tesco.com/groceries/en-GB/products/286866652', 'product_name': 'Aptamil 2 Follow On Milk Multipack 4X200ml Ready To Feed Liquid', 'product_price': '£ 3.50', 'product_additionals': '£4.38/litre'}, {'shop': 'tesco', 'url': 'https://www.tesco.com/groceries/en-GB/products/301359927', 'product_name': 'Aptamil 2 Follow On Milk Powder 800G', 'product_price': '£ 11.50', 'product_additionals': '£14.38/kg'}, {'shop': 'asda', 'url': 'https://groceries.asda.com/product/1000053215746', 'product_name': 'Aptamil 2 Follow On Milk Powder Formula 6-12 Months', 'product_price': '£9.38', 'product_additionals': 'No weight data'}, {'shop': 'asda', 'url': 'https://groceries.asda.com/product/1000195178777', 'product_name': 'Aptamil 3 Growing Up Baby Milk Powder Formula Sachets 1-2 Years', 'product_price': '£7.00', 'product_additionals': 'No weight data'}, {'shop': 'asda', 'url': 'https://groceries.asda.com/product/1000002228699', 'product_name': 'Aptamil 3 Growing Up Milk Liquid Ready To Feed Formula 1-2 Years', 'product_price': '£9.00', 'product_additionals': 'No weight data'}, {'shop': 'asda', 'url': 'https://groceries.asda.com/product/910001243798', 'product_name': 'Aptamil 3 Growing Up Milk Liquid Ready To Feed Formula 1-2 Years', 'product_price': '£0.80', 'product_additionals': 'No weight data'}, {'shop': 'asda', 'url': 'https://groceries.asda.com/product/1000053215765', 'product_name': 'Aptamil 3 Growing Up Milk Powder Formula 1-2 Years', 'product_price': '£9.38', 'product_additionals': 'No weight data'}, {'shop': 'asda', 'url': 'https://groceries.asda.com/product/910001242948', 'product_name': 'Aptamil 4 Growing Up Milk Liquid Ready To Feed Formula 2-3 Years', 'product_price': '£0.80', 'product_additionals': 'No weight data'}, {'shop': 'asda', 'url': 'https://groceries.asda.com/product/910000435331', 'product_name': 'Aptamil 4 Growing Up Milk Powder Formula 2-3 Years', 'product_price': '£9.38', 'product_additionals': 'No weight data'}, {'shop': 'tesco', 'url': 'https://www.tesco.com/groceries/en-GB/products/301359985', 'product_name': 'Aptamil Anti Reflux Milk Powder 800G', 'product_price': '£ 14.00', 'product_additionals': '£1.75/100g'}, {'shop': 'tesco', 'url': 'https://www.tesco.com/groceries/en-GB/products/301360003', 'product_name': 'Aptamil Comfort Milk Powder 800G', 'product_price': '£ 14.00', 'product_additionals': '£1.75/100g'}, {'shop': 'tesco', 'url': 'https://www.tesco.com/groceries/en-GB/products/250052328', 'product_name': 'Aptamil Growing Up Milk 1+ Years 200Ml', 'product_price': '£ 0.80', 'product_additionals': '£4.00/litre'}, {'shop': 'tesco', 'url': 'https://www.tesco.com/groceries/en-GB/products/268739735', 'product_name': 'Aptamil Growing Up Milk 2+ Years 800G', 'product_price': '£ 10.50', 'product_additionals': '£13.13/kg'}, {'shop': 'tesco', 'url': 'https://www.tesco.com/groceries/en-GB/products/301359949', 'product_name': 'Aptamil Growing Up Milk Powder 1+ 800G', 'product_price': '£ 10.50', 'product_additionals': '£1.32/100g'}, {'shop': 'tesco', 'url': 'https://www.tesco.com/groceries/en-GB/products/301359962', 'product_name': 'Aptamil Hungry Milk Powder 800G', 'product_price': '£ 11.35', 'product_additionals': '£1.42/100g'}, {'shop': 'tesco', 'url': 'https://www.tesco.com/groceries/en-GB/products/307147702', 'product_name': 'Aptamil Organic 1 First Baby Milk Formula 800G', 'product_price': '£ 13.50', 'product_additionals': '£16.88/kg'}, {'shop': 'asda', 'url': 'https://groceries.asda.com/product/1000243014190', 'product_name': 'Aptamil Organic 1 First Infant Milk Powder Formula From Birth', 'product_price': '£13.50', 'product_additionals': 'No weight data'}, {'shop': 'tesco', 'url': 'https://www.tesco.com/groceries/en-GB/products/307155979', 'product_name': 'Aptamil Organic 2 Follow On Baby Milk 800G', 'product_price': '£ 13.50', 'product_additionals': '£16.88/kg'}, {'shop': 'asda', 'url': 'https://groceries.asda.com/product/1000243014197', 'product_name': 'Aptamil Organic 2 Follow On Milk Powder Formula 6-12 Months', 'product_price': '£13.50', 'product_additionals': 'No weight data'}, {'shop': 'tesco', 'url': 'https://www.tesco.com/groceries/en-GB/products/307157689', 'product_name': 'Aptamil Organic 3 Toddler Milk Formula 800G', 'product_price': '£ 12.50', 'product_additionals': '£15.63/kg'}, {'shop': 'asda', 'url': 'https://groceries.asda.com/product/1000243014215', 'product_name': 'Aptamil Organic 3 Toddler Milk Powder Formula 1-2 Years', 'product_price': '£12.50', 'product_additionals': 'No weight data'}, {'shop': 'asda', 'url': 'https://groceries.asda.com/product/910002388302', 'product_name': 'Aptamil Profutura 1 First Infant Milk Liquid Ready To Feed Formula From Birth', 'product_price': '£1.10', 'product_additionals': 'No weight data'}, {'shop': 'asda', 'url': 'https://groceries.asda.com/product/910001923939', 'product_name': 'Aptamil Profutura 1 First Infant Milk Liquid Ready To Feed Starter Pack From Birth', 'product_price': '£11.75', 'product_additionals': 'No weight data'}, {'shop': 'asda', 'url': 'https://groceries.asda.com/product/910001924013', 'product_name': 'Aptamil Profutura 1 First Infant Milk Powder Formula From Birth', 'product_price': '£15.00', 'product_additionals': 'No weight data'}, {'shop': 'asda', 'url': 'https://groceries.asda.com/product/1000002091688', 'product_name': 'Aptamil Profutura 2 Follow On Milk Liquid Ready To Feed Formula 6-12 Months', 'product_price': '£1.10', 'product_additionals': 'No weight data'}, {'shop': 'asda', 'url': 'https://groceries.asda.com/product/910001923091', 'product_name': 'Aptamil Profutura 2 Follow On Milk Powder Formula 6-12 Months', 'product_price': '£13.40', 'product_additionals': 'No weight data'}, {'shop': 'asda', 'url': 'https://groceries.asda.com/product/910001922750', 'product_name': 'Aptamil Profutura 3 Growing Up Milk Powder Formula 1-2 Years', 'product_price': '£13.40', 'product_additionals': 'No weight data'}, {'shop': 'tesco', 'url': 'https://www.tesco.com/groceries/en-GB/products/291368966', 'product_name': 'Aptamil Profutura First Infant Milk 200Ml', 'product_price': '£ 1.10', 'product_additionals': '£0.55/100ml'}, {'shop': 'tesco', 'url': 'https://www.tesco.com/groceries/en-GB/products/291369101', 'product_name': 'Aptamil Profutura First Infant Milk 800G', 'product_price': '£ 15.00', 'product_additionals': '£1.88/100g'}, {'shop': 'tesco', 'url': 'https://www.tesco.com/groceries/en-GB/products/291369239', 'product_name': 'Aptamil Profutura Follow On Milk 800G', 'product_price': '£ 15.00', 'product_additionals': '£1.88/100g'}, {'shop': 'tesco', 'url': 'https://www.tesco.com/groceries/en-GB/products/291369297', 'product_name': 'Aptamil Profutura Milk Growing Up 800G', 'product_price': '£ 15.00', 'product_additionals': '£1.88/100g'}, {'shop': 'asda', 'url': 'https://groceries.asda.com/product/1000137048580', 'product_name': 'Aptamil Sensavia 1 First Baby Milk Formula From Birth', 'product_price': '£13.99', 'product_additionals': 'No weight data'}, {'shop': 'asda', 'url': 'https://groceries.asda.com/product/1000137048659', 'product_name': 'Aptamil Sensavia 1 First Infant Milk Starter Pack From Birth', 'product_price': '£10.99', 'product_additionals': 'No weight data'}, {'shop': 'asda', 'url': 'https://groceries.asda.com/product/1000137048635', 'product_name': 'Aptamil Sensavia 2 Follow On Baby Milk Formula', 'product_price': '£13.99', 'product_additionals': 'No weight data'}, {'shop': 'asda', 'url': 'https://groceries.asda.com/product/1000137048658', 'product_name': 'Aptamil Sensavia 3 Growing Up Milk Formula', 'product_price': '£13.99', 'product_additionals': 'No weight data'}, {'shop': 'tesco', 'url': 'https://www.tesco.com/groceries/en-GB/products/302310511', 'product_name': 'Aptamil Sensavia First Infant Milk From Birth 800G', 'product_price': '£ 12.50', 'product_additionals': '£15.63/kg DR.WT'}, {'shop': 'asda', 'url': 'https://groceries.asda.com/product/910001142882', 'product_name': 'Aquafresh Milk Teeth 0-2 Yrs Soft Toothbrush', 'product_price': '£1.75', 'product_additionals': '(£1.75/each)'}, {'shop': 'asda', 'url': 'https://groceries.asda.com/product/910001067005', 'product_name': 'Aquafresh Milk Teeth 0-2 Yrs Toothpaste', 'product_price': '£1.00', 'product_additionals': '(£2.00/100ml)'}, {'shop': 'tesco', 'url': 'https://www.tesco.com/groceries/en-GB/products/278398500', 'product_name': 'Aquafresh Milk Teeth Tooth Brush', 'product_price': '£ 1.75', 'product_additionals': '£1.75/each'}, {'shop': 'tesco', 'url': 'https://www.tesco.com/groceries/en-GB/products/262709654', 'product_name': 'Aquafresh Milk Teeth Toothpaste 50Ml', 'product_price': '£ 1.25', 'product_additionals': '£2.50/100ml'}, {'shop': 'sains', 'url': 'https://www.sainsburys.co.uk/shop/gb/groceries/product/details/dairy-and-chilled-essentials/arla-best-of-both-milk-2l', 'product_name': 'Arla B.O.B. Skimmed Milk 2L', 'product_price': '£1.65', 'product_additionals': '82p / ltr'}, {'shop': 'sains', 'url': 'https://www.sainsburys.co.uk/shop/gb/groceries/product/details/milk-fresh-milk/arla-best-of-both-milk-2l', 'product_name': 'Arla B.O.B. Skimmed Milk 2L', 'product_price': '£1.65', 'product_additionals': '82p / ltr'}, {'shop': 'tesco', 'url': 'https://www.tesco.com/groceries/en-GB/products/287971983', 'product_name': 'Arla Big Milk 2Ltr', 'product_price': '£ 2.00', 'product_additionals': '£1.00/litre'}, {'shop': 'asda', 'url': 'https://groceries.asda.com/product/910001932623', 'product_name': 'Arla Big Milk Added Vitamins Whole Milk Age 1-5', 'product_price': '£1.75', 'product_additionals': 'No weight data'}, {'shop': 'asda', 'url': 'https://groceries.asda.com/product/910002350744', 'product_name': 'Arla BOB Fat Free Skimmed Milk', 'product_price': '£1.65', 'product_additionals': 'No weight data'}, {'shop': 'tesco', 'url': 'https://www.tesco.com/groceries/en-GB/products/291631643', 'product_name': 'Arla Bob Skimmed Milk 2 Litre', 'product_price': '£ 1.80', 'product_additionals': '£0.90/litre'}, {'shop': 'coop', 'url': 'https://www.coop.co.uk/products/arla-cravendale-finely-filtered-fresh-pasteurised-whole-milk-2ltr', 'product_name': 'Arla Cravendale Finely Filtered Fresh Pasteurised Whole Milk 2Ltr', 'product_price': '£2.30', 'product_additionals': '2 litre (11p per 100ml)'}, {'shop': 'asda', 'url': 'https://groceries.asda.com/product/17505545', 'product_name': 'Arla Lactofree Fresh Semi Skimmed Milk', 'product_price': '£1.00', 'product_additionals': 'No weight data'}, {'shop': 'asda', 'url': 'https://groceries.asda.com/product/910001049835', 'product_name': 'Arla Lactofree Fresh Skimmed Milk', 'product_price': '£1.00', 'product_additionals': 'No weight data'}, {'shop': 'asda', 'url': 'https://groceries.asda.com/product/80879810', 'product_name': 'Arla Lactofree Fresh Whole Milk', 'product_price': '£1.00', 'product_additionals': 'No weight data'}, {'shop': 'asda', 'url': 'https://groceries.asda.com/product/44054', 'product_name': 'Arla Lactofree Long Life Semi Skimmed Milk', 'product_price': '£1.25', 'product_additionals': 'No weight data'}, {'shop': 'asda', 'url': 'https://groceries.asda.com/product/910000559264', 'product_name': 'Arla Lactofree Long Life Whole Milk', 'product_price': '£1.25', 'product_additionals': 'No weight data'}, {'shop': 'asda', 'url': 'https://groceries.asda.com/product/1000204197603', 'product_name': 'Arla Lactofree Organic Semi Skimmed Milk Drink', 'product_price': '£1.00', 'product_additionals': 'No weight data'}, {'shop': 'sains', 'url': 'https://www.sainsburys.co.uk/shop/gb/groceries/product/details/lactose-free--/arla-lactofree-organic-semi-skimmed-milk-drink-1-litre', 'product_name': 'Arla Lactofree Organic Semi Skimmed Milk Drink 1 Litre', 'product_price': '£1.65', 'product_additionals': '£1.65 / ltr'}, {'shop': 'sains', 'url': 'https://www.sainsburys.co.uk/shop/gb/groceries/product/details/all-organic-/arla-lactofree-organic-semi-skimmed-milk-drink-1-litre', 'product_name': 'Arla Lactofree Organic Semi Skimmed Milk Drink 1 Litre', 'product_price': '£1.65', 'product_additionals': '£1.65 / ltr'}, {'shop': 'tesco', 'url': 'https://www.tesco.com/groceries/en-GB/products/277569317', 'product_name': 'Arla Lactofree Skimmed Lactose Free Milk 1L', 'product_price': '£ 1.40', 'product_additionals': '£1.40/litre'}, {'shop': 'asda', 'url': 'https://groceries.asda.com/product/910002435505', 'product_name': 'Arla Protein Raspberry & Strawberry Milkshake', 'product_price': '£1.00', 'product_additionals': '(44.4p/100ml)'}, {'shop': 'asda', 'url': 'https://groceries.asda.com/product/910002436132', 'product_name': 'Arla Protein Tropical Milkshake', 'product_price': '£1.00', 'product_additionals': '(44.4p/100ml)'}, {'shop': 'asda', 'url': 'https://groceries.asda.com/product/1000048178843', 'product_name': 'ASDA 4 Buttermilk Chicken Breast Fillet Burgers', 'product_price': '£2.50', 'product_additionals': 'No weight data'}, {'shop': 'asda', 'url': 'https://groceries.asda.com/product/910001136242', 'product_name': 'ASDA 8 Assorted Mini Milk Ice Lollies', 'product_price': '£0.90', 'product_additionals': 'No weight data'}, {'shop': 'asda', 'url': 'https://groceries.asda.com/product/910000402684', 'product_name': 'ASDA 8 Milk Choc Ices', 'product_price': '£0.98', 'product_additionals': 'No weight data'}, {'shop': 'asda', 'url': 'https://groceries.asda.com/product/910002516119', 'product_name': 'Asda Arla Farmers Semi Skimmed Milk', 'product_price': '£1.35', 'product_additionals': 'No weight data'}, {'shop': 'asda', 'url': 'https://groceries.asda.com/product/910002516013', 'product_name': 'Asda Arla Farmers Whole Milk', 'product_price': '£1.35', 'product_additionals': 'No weight data'}, {'shop': 'asda', 'url': 'https://groceries.asda.com/product/1000056262057', 'product_name': "ASDA Baker's Selection 20 Mini Milk Choc Chip Cookies", 'product_price': '£2.00', 'product_additionals': '(10.0p/each)'}, {'shop': 'asda', 'url': 'https://groceries.asda.com/product/25620', 'product_name': "ASDA Baker's Selection Milk Chocolate Cookies", 'product_price': '£0.99', 'product_additionals': '(19.8p/each)'}, {'shop': 'asda', 'url': 'https://groceries.asda.com/product/910002946246', 'product_name': "ASDA Baker's Selection Milk Chocolate Pancakes", 'product_price': '£1.00', 'product_additionals': '(20.0p/each)'}, {'shop': 'asda', 'url': 'https://groceries.asda.com/product/32932', 'product_name': 'ASDA Banana Flavoured Milk', 'product_price': '£1.00', 'product_additionals': 'No weight data'}, {'shop': 'asda', 'url': 'https://groceries.asda.com/product/910001598288', 'product_name': 'ASDA Banana Flavoured Milkshake Mix', 'product_price': '£1.49', 'product_additionals': '(49.7p/100g)'}, {'shop': 'asda', 'url': 'https://groceries.asda.com/product/1000197472297', 'product_name': 'ASDA Breakfast Biscuits Milk & Cereal 8 x 50g', 'product_price': '£0.84', 'product_additionals': '(21.0p/100g)'}, {'shop': 'asda', 'url': 'https://groceries.asda.com/product/910002767148', 'product_name': 'ASDA Buttermilk', 'product_price': '£0.90', 'product_additionals': 'No weight data'}, {'shop': 'asda', 'url': 'https://groceries.asda.com/product/32922', 'product_name': 'ASDA Chocolate Flavoured Milk', 'product_price': '£1.00', 'product_additionals': 'No weight data'}, {'shop': 'asda', 'url': 'https://groceries.asda.com/product/395104', 'product_name': 'ASDA Chocolate Malted Milks', 'product_price': '£0.85', 'product_additionals': '(34.0p/100g)'}, {'shop': 'asda', 'url': 'https://groceries.asda.com/product/910000365333', 'product_name': 'ASDA Condensed Milk', 'product_price': '£1.05', 'product_additionals': '(26.5p/100g)'}, {'shop': 'asda', 'url': 'https://groceries.asda.com/product/19246', 'product_name': 'ASDA Dried Skimmed Milk Powder', 'product_price': '£2.00', 'product_additionals': 'No weight data'}, {'shop': 'asda', 'url': 'https://groceries.asda.com/product/1000037844241', 'product_name': 'ASDA Evaporated Milk', 'product_price': '£0.40', 'product_additionals': '(23.5p/100g)'}, {'shop': 'asda', 'url': 'https://groceries.asda.com/product/9430945', 'product_name': 'ASDA Evaporated Semi-Skimmed Milk', 'product_price': '£0.58', 'product_additionals': '(14.1p/100g)'}, {'shop': 'asda', 'url': 'https://groceries.asda.com/product/1000001821680', 'product_name': 'ASDA Extra Special 4 Buttermilk Pancakes', 'product_price': '£1.45', 'product_additionals': '(36.2p/each)'}, {'shop': 'asda', 'url': 'https://groceries.asda.com/product/1000136120506', 'product_name': 'ASDA Extra Special 40% Cocoa Solids Milk Cooking Chocolate', 'product_price': '£1.20', 'product_additionals': '(£1.20/100g)'}, {'shop': 'asda', 'url': 'https://groceries.asda.com/product/1000203232060', 'product_name': 'ASDA Extra Special Free From Coffee Crunch Milk Choc Bar', 'product_price': '£2.00', 'product_additionals': 'No weight data'}, {'shop': 'asda', 'url': 'https://groceries.asda.com/product/1000203231898', 'product_name': 'ASDA Extra Special Free From Salted Honeycomb & Raspberry Milk Choc Bar', 'product_price': '£2.00', 'product_additionals': 'No weight data'}, {'shop': 'asda', 'url': 'https://groceries.asda.com/product/1000161871363', 'product_name': 'ASDA Extra Special Milk Chocolate Honeycomb', 'product_price': '£2.00', 'product_additionals': '(£2.00/100g)'}, {'shop': 'asda', 'url': 'https://groceries.asda.com/product/1000112663530', 'product_name': 'ASDA Extra Special Peruvian Milk Chocolate Bar', 'product_price': '£0.90', 'product_additionals': '(90.0p/100g)'}, {'shop': 'asda', 'url': 'https://groceries.asda.com/product/1000070571716', 'product_name': 'ASDA Extra Special Salted Butterscotch Milk Chocolate Bar', 'product_price': '£1.40', 'product_additionals': '(£1.40/100g)'}, {'shop': 'asda', 'url': 'https://groceries.asda.com/product/910003043531', 'product_name': 'ASDA Extra Special Sea Salted Caramel & Milk Chocolate Granola', 'product_price': '£2.19', 'product_additionals': '(43.8p/100g)'}, {'shop': 'asda', 'url': 'https://groceries.asda.com/product/910000788319', 'product_name': 'ASDA Free From Belgian Milk Chocolate Rice Cakes', 'product_price': '£0.99', 'product_additionals': 'No weight data'}, {'shop': 'asda', 'url': 'https://groceries.asda.com/product/1000052962717', 'product_name': 'ASDA Free From Milk Chocolate Mini Rice Cakes', 'product_price': '£0.75', 'product_additionals': 'No weight data'}, {'shop': 'asda', 'url': 'https://groceries.asda.com/product/910002082811', 'product_name': 'ASDA Fruit & Nut Milk Chocolate Bar', 'product_price': '£0.91', 'product_additionals': '(45.5p/100g)'}, {'shop': 'asda', 'url': 'https://groceries.asda.com/product/910002088827', 'product_name': 'ASDA Fun Size Milk Chocolate Bubblies 15 Pack', 'product_price': '£1.00', 'product_additionals': '(66.7p/100g)'}, {'shop': 'asda', 'url': 'https://groceries.asda.com/product/1000088318822', 'product_name': 'ASDA Giant Gold Coin Milk', 'product_price': '£0.59', 'product_additionals': '(£1.18/100g)'}, {'shop': 'asda', 'url': 'https://groceries.asda.com/product/1000212670987', 'product_name': 'ASDA Heavenly Moments Milk Chocolate Ice Creams 3 Pack', 'product_price': '£0.90', 'product_additionals': 'No weight data'}, {'shop': 'asda', 'url': 'https://groceries.asda.com/product/910000435379', 'product_name': 'ASDA Honey Nut Crunch with Milk Chocolate Curls', 'product_price': '£1.09', 'product_additionals': '(29.1p/100g)'}, {'shop': 'asda', 'url': 'https://groceries.asda.com/product/1000220358827', 'product_name': 'ASDA Lactose Free Semi Skimmed Milk', 'product_price': '£0.85', 'product_additionals': 'No weight data'}, {'shop': 'asda', 'url': 'https://groceries.asda.com/product/910000279194', 'product_name': 'ASDA Little Angels Little Angels Milk Powder Dispenser', 'product_price': '£2.00', 'product_additionals': 'No weight data'}, {'shop': 'asda', 'url': 'https://groceries.asda.com/product/20525', 'product_name': 'ASDA Longlife Semi Skimmed Milk', 'product_price': '£0.62', 'product_additionals': 'No weight data'}, {'shop': 'asda', 'url': 'https://groceries.asda.com/product/910000392661', 'product_name': 'ASDA Longlife Semi Skimmed Milk X6', 'product_price': '£4.00', 'product_additionals': 'No weight data'}, {'shop': 'asda', 'url': 'https://groceries.asda.com/product/20524', 'product_name': 'ASDA Longlife Skimmed Milk', 'product_price': '£0.62', 'product_additionals': 'No weight data'}, {'shop': 'asda', 'url': 'https://groceries.asda.com/product/910000392586', 'product_name': 'ASDA Longlife Skimmed Milk X6', 'product_price': '£4.00', 'product_additionals': 'No weight data'}, {'shop': 'asda', 'url': 'https://groceries.asda.com/product/393675', 'product_name': 'ASDA Longlife Whole Milk', 'product_price': '£0.79', 'product_additionals': 'No weight data'}, {'shop': 'asda', 'url': 'https://groceries.asda.com/product/910001083519', 'product_name': 'ASDA Malted Milk', 'product_price': '£0.30', 'product_additionals': '(15.0p/100g)'}, {'shop': 'asda', 'url': 'https://groceries.asda.com/product/1000009131506', 'product_name': 'ASDA Maternity 25 Breast Milk Storage Bags', 'product_price': '£4.00', 'product_additionals': '(16.0p/each)'}, {'shop': 'asda', 'url': 'https://groceries.asda.com/product/1000115100619', 'product_name': 'ASDA Milk Bottles', 'product_price': '£0.25', 'product_additionals': 'No weight data'}, {'shop': 'asda', 'url': 'https://groceries.asda.com/product/1000005207659', 'product_name': 'ASDA Milk Choc Chip Cookie Dough', 'product_price': '£1.25', 'product_additionals': 'No weight data'}, {'shop': 'asda', 'url': 'https://groceries.asda.com/product/80165777', 'product_name': 'ASDA Milk Chocolate', 'product_price': '£0.65', 'product_additionals': '(43.3p/100g)'}, {'shop': 'asda', 'url': 'https://groceries.asda.com/product/1000129611142', 'product_name': 'ASDA Milk Chocolate & Salted Caramel Rice Cakes', 'product_price': '£1.59', 'product_additionals': '(£1.51/100g)'}, {'shop': 'asda', 'url': 'https://groceries.asda.com/product/910002082921', 'product_name': 'ASDA Milk Chocolate Bar', 'product_price': '£0.85', 'product_additionals': '(42.5p/100g)'}, {'shop': 'asda', 'url': 'https://groceries.asda.com/product/1000136352523', 'product_name': 'ASDA Milk Chocolate Biscuit Selection', 'product_price': '£4.00', 'product_additionals': '(88.9p/100g)'}, {'shop': 'asda', 'url': 'https://groceries.asda.com/product/910001367831', 'product_name': 'ASDA Milk Chocolate Butter Biscuits', 'product_price': '£0.74', 'product_additionals': '(59.2p/100g)'}, {'shop': 'asda', 'url': 'https://groceries.asda.com/product/910001805736', 'product_name': 'ASDA Milk Chocolate Buttons', 'product_price': '£0.25', 'product_additionals': '(83.3p/100g)'}, {'shop': 'asda', 'url': 'https://groceries.asda.com/product/20658', 'product_name': 'ASDA Milk Chocolate Chips', 'product_price': '£0.50', 'product_additionals': '(50.0p/100g)'}, {'shop': 'asda', 'url': 'https://groceries.asda.com/product/1000088318843', 'product_name': 'ASDA Milk Chocolate Coins', 'product_price': '£0.59', 'product_additionals': '(78.7p/100g)'}, {'shop': 'asda', 'url': 'https://groceries.asda.com/product/1000157579228', 'product_name': 'ASDA Milk Chocolate Coins', 'product_price': '£2.00', 'product_additionals': '(76.9p/100g)'}, {'shop': 'asda', 'url': 'https://groceries.asda.com/product/23162', 'product_name': 'ASDA Milk Chocolate Digestives', 'product_price': '£0.42', 'product_additionals': '(14.0p/100g)'}, {'shop': 'asda', 'url': 'https://groceries.asda.com/product/1000157579344', 'product_name': 'ASDA Milk Chocolate Hollow Reindeer', 'product_price': '£0.89', 'product_additionals': '(89.0p/100g)'}, {'shop': 'asda', 'url': 'https://groceries.asda.com/product/1000157579381', 'product_name': 'ASDA Milk Chocolate Hollow Santa', 'product_price': '£0.89', 'product_additionals': '(89.0p/100g)'}, {'shop': 'asda', 'url': 'https://groceries.asda.com/product/910001113198', 'product_name': 'ASDA Milk Chocolate Loaf Cake', 'product_price': '£1.00', 'product_additionals': '(£1.00/each)'}, {'shop': 'asda', 'url': 'https://groceries.asda.com/product/910003218409', 'product_name': 'ASDA Milk Chocolate Mini Rolls', 'product_price': '£0.95', 'product_additionals': '(9.5p/each)'}, {'shop': 'asda', 'url': 'https://groceries.asda.com/product/1000243014225', 'product_name': 'ASDA Milk Chocolate Pip the Penguin', 'product_price': '£2.00', 'product_additionals': '(£1.33/100g)'}, {'shop': 'asda', 'url': 'https://groceries.asda.com/product/1000117784334', 'product_name': 'ASDA Milk Chocolate Sauce', 'product_price': '£1.50', 'product_additionals': '(50.0p/100g)'}, {'shop': 'asda', 'url': 'https://groceries.asda.com/product/910000770545', 'product_name': 'ASDA Milk Chocolate Spread', 'product_price': '£1.37', 'product_additionals': '(34.2p/100g)'}, {'shop': 'asda', 'url': 'https://groceries.asda.com/product/1000122916899', 'product_name': 'ASDA Milk Chocolate Toffee Popcorn', 'product_price': '£1.00', 'product_additionals': '(71.4p/100g)'}, {'shop': 'asda', 'url': 'https://groceries.asda.com/product/910000255164', 'product_name': 'ASDA Milk Chocolate Triple Layer Party Cake', 'product_price': '£12.00', 'product_additionals': 'No weight data'}, {'shop': 'asda', 'url': 'https://groceries.asda.com/product/1000205555287', 'product_name': 'ASDA Milk Chocolate Turkish Thins', 'product_price': '£1.00', 'product_additionals': '(55.6p/100g)'}, {'shop': 'asda', 'url': 'https://groceries.asda.com/product/910001568439', 'product_name': 'ASDA Milk Thistle Film Coated Tablets', 'product_price': '£4.00', 'product_additionals': '(6.7p/each)'}, {'shop': 'asda', 'url': 'https://groceries.asda.com/product/14319675', 'product_name': 'ASDA Organic Semi Skimmed Milk', 'product_price': '£1.60', 'product_additionals': 'No weight data'}, {'shop': 'asda', 'url': 'https://groceries.asda.com/product/14319672', 'product_name': 'ASDA Organic Semi Skimmed Milk', 'product_price': '£1.15', 'product_additionals': 'No weight data'}, {'shop': 'asda', 'url': 'https://groceries.asda.com/product/14319673', 'product_name': 'ASDA Organic Whole Milk', 'product_price': '£1.15', 'product_additionals': 'No weight data'}, {'shop': 'asda', 'url': 'https://groceries.asda.com/product/14319676', 'product_name': 'ASDA Organic Whole Milk', 'product_price': '£1.60', 'product_additionals': 'No weight data'}, {'shop': 'asda', 'url': 'https://groceries.asda.com/product/23423', 'product_name': 'ASDA Semi Skimmed Milk', 'product_price': '£0.80', 'product_additionals': 'No weight data'}, {'shop': 'asda', 'url': 'https://groceries.asda.com/product/37518', 'product_name': 'ASDA Semi Skimmed Milk', 'product_price': '£0.50', 'product_additionals': 'No weight data'}, {'shop': 'asda', 'url': 'https://groceries.asda.com/product/20504', 'product_name': 'ASDA Semi Skimmed Milk', 'product_price': '£1.09', 'product_additionals': 'No weight data'}, {'shop': 'asda', 'url': 'https://groceries.asda.com/product/30255', 'product_name': 'ASDA Skimmed Milk', 'product_price': '£0.50', 'product_additionals': 'No weight data'}, {'shop': 'asda', 'url': 'https://groceries.asda.com/product/20505', 'product_name': 'ASDA Skimmed Milk', 'product_price': '£1.09', 'product_additionals': 'No weight data'}, {'shop': 'asda', 'url': 'https://groceries.asda.com/product/23422', 'product_name': 'ASDA Skimmed Milk', 'product_price': '£0.80', 'product_additionals': 'No weight data'}, {'shop': 'asda', 'url': 'https://groceries.asda.com/product/37666', 'product_name': 'ASDA Smart Price Longlife Skimmed Milk', 'product_price': '£0.50', 'product_additionals': 'No weight data'}, {'shop': 'asda', 'url': 'https://groceries.asda.com/product/32825', 'product_name': 'ASDA Smart Price Milk Chocolate Digestive Bars', 'product_price': '£1.25', 'product_additionals': '(32.9p/100g)'}, {'shop': 'asda', 'url': 'https://groceries.asda.com/product/910002365219', 'product_name': 'ASDA Smoky Buttermilk Ranch Dressing', 'product_price': '£0.89', 'product_additionals': '(35.6p/100ml)'}, {'shop': 'asda', 'url': 'https://groceries.asda.com/product/32921', 'product_name': 'ASDA Strawberry Flavoured Milk', 'product_price': '£1.00', 'product_additionals': 'No weight data'}, {'shop': 'asda', 'url': 'https://groceries.asda.com/product/910001597412', 'product_name': 'ASDA Strawberry Flavoured Milkshake Mix', 'product_price': '£1.49', 'product_additionals': '(49.7p/100g)'}, {'shop': 'asda', 'url': 'https://groceries.asda.com/product/910000449332', 'product_name': 'ASDA Tiger Cat Milk', 'product_price': '£1.58', 'product_additionals': '(£2.63/lt)'}, {'shop': 'asda', 'url': 'https://groceries.asda.com/product/1000028236313', 'product_name': 'ASDA Tiger Kitten Milk', 'product_price': '£0.70', 'product_additionals': 'No weight data'}, {'shop': 'asda', 'url': 'https://groceries.asda.com/product/2215673083482', 'product_name': 'ASDA Tiger Mixed Selection Kitten Pouches, Kitten Dry & Kitten Milk Bundle', 'product_price': '£3.98', 'product_additionals': 'No weight data'}, {'shop': 'asda', 'url': 'https://groceries.asda.com/product/910000227801', 'product_name': 'ASDA Vanilla Flavoured Milk', 'product_price': '£1.00', 'product_additionals': 'No weight data'}, {'shop': 'asda', 'url': 'https://groceries.asda.com/product/37517', 'product_name': 'ASDA Whole Milk', 'product_price': '£0.50', 'product_additionals': 'No weight data'}, {'shop': 'asda', 'url': 'https://groceries.asda.com/product/20502', 'product_name': 'ASDA Whole Milk', 'product_price': '£1.09', 'product_additionals': 'No weight data'}, {'shop': 'asda', 'url': 'https://groceries.asda.com/product/23421', 'product_name': 'ASDA Whole Milk', 'product_price': '£0.80', 'product_additionals': 'No weight data'}, {'shop': 'asda', 'url': 'https://groceries.asda.com/product/27657', 'product_name': 'ASDA Whole Milk', 'product_price': '£1.59', 'product_additionals': 'No weight data'}, {'shop': 'asda', 'url': 'https://groceries.asda.com/product/910002739379', 'product_name': 'Ayam Coconut Milk', 'product_price': '£0.90', 'product_additionals': 'No weight data'}, {'shop': 'tesco', 'url': 'https://www.tesco.com/groceries/en-GB/products/301341913', 'product_name': 'Ayam Premium Coconut Milk 200Ml', 'product_price': '£ 0.85', 'product_additionals': '£4.25/litre'}, {'shop': 'asda', 'url': 'https://groceries.asda.com/product/1000105386119', 'product_name': 'Bad Co 0518 Off-Tempo Milkshake IPA', 'product_price': '£2.00', 'product_additionals': 'No weight data'}, {'shop': 'asda', 'url': 'https://groceries.asda.com/product/1000159725398', 'product_name': 'Bad Co Dark Necessities Milk Stout', 'product_price': '£1.65', 'product_additionals': 'No weight data'}, {'shop': 'asda', 'url': 'https://groceries.asda.com/product/1000061867945', 'product_name': 'Bad Co Denver Milk Stout', 'product_price': '£1.25', 'product_additionals': 'No weight data'}, {'shop': 'coop', 'url': 'https://www.coop.co.uk/products/bahlsen-choco-leibniz-milk-125g', 'product_name': 'Bahlsen Choco Leibniz Milk 125g', 'product_price': '£2', 'product_additionals': '125g (80.0p per 100g)'}, {'shop': 'asda', 'url': 'https://groceries.asda.com/product/910001769916', 'product_name': 'Bahlsen Choco Leibniz Milk Chocolate Biscuits', 'product_price': '£1.50', 'product_additionals': '(£1.20/100g)'}, {'shop': 'tesco', 'url': 'https://www.tesco.com/groceries/en-GB/products/257510953', 'product_name': 'Bahlsen Milk Choco Leibniz 125G', 'product_price': '£ 1.49', 'product_additionals': '£1.20/100g'}, {'shop': 'asda', 'url': 'https://groceries.asda.com/product/1000137976558', 'product_name': 'Bahlsen PiCK UP! Choco & Milk Biscuit Bars 5 Pack', 'product_price': '£1.00', 'product_additionals': '(71.4p/100g)'}, {'shop': 'asda', 'url': 'https://groceries.asda.com/product/910001367253', 'product_name': 'Bahlsen PiCK UP! Milk Chocolate Biscuit Bars 5 Pack', 'product_price': '£1.00', 'product_additionals': '(71.4p/100g)'}, {'shop': 'tesco', 'url': 'https://www.tesco.com/groceries/en-GB/products/293226763', 'product_name': 'Bahlsen Pick Up! Minis Milk Chocolate 10.6Gx10', 'product_price': '£ 1.00', 'product_additionals': '£0.94/100g'}, {'shop': 'sains', 'url': 'https://www.sainsburys.co.uk/shop/gb/groceries/product/details/all-price-lock/bahlsen-pick-up!-minis-milk-chocolate-biscuit-bars-10x106g', 'product_name': 'Bahlsen PiCK UP! Minis Milk Chocolate Biscuit Bars 10x10.6g', 'product_price': '£1.00', 'product_additionals': '94p / 100g'}, {'shop': 'asda', 'url': 'https://groceries.asda.com/product/910001084218', 'product_name': 'Balconi Mix Milk', 'product_price': '£1.00', 'product_additionals': '(10.0p/each)'}, {'shop': 'asda', 'url': 'https://groceries.asda.com/product/1000049939218', 'product_name': 'Balin Milk Chocolate with Whole Pistachios', 'product_price': '£1.70', 'product_additionals': '(£2.12/100g)'}, {'shop': 'aldi', 'url': 'https://www.aldi.co.uk/banana-flavoured-1%25-fat-milk/p/063365075910900', 'product_name': 'Banana Flavoured 1% Fat Milk', 'product_price': '0.85', 'product_additionals': '85p per litre'}, {'shop': 'sains', 'url': 'https://www.sainsburys.co.uk/shop/gb/groceries/product/details/dairy-eggs-special-offers/barebells-protein-milkshake-chocolate-flavour-330ml', 'product_name': 'Barebells Protein Milkshake Chocolate Flavour 330ml', 'product_price': '£2.00', 'product_additionals': '61p / 100ml'}, {'shop': 'sains', 'url': 'https://www.sainsburys.co.uk/shop/gb/groceries/product/details/milk-flavoured-milk/barebells-protein-milkshake-strawberry-flavour-330ml', 'product_name': 'Barebells Protein Milkshake Strawberry Flavour 330ml', 'product_price': '£2.00', 'product_additionals': '61p / 100ml'}, {'shop': 'tesco', 'url': 'https://www.tesco.com/groceries/en-GB/products/305983613', 'product_name': 'Barny Milk Kids Sponge Bear 5 Pack 125G', 'product_price': '£ 1.50', 'product_additionals': '£1.20/100g'}, {'shop': 'tesco', 'url': 'https://www.tesco.com/groceries/en-GB/products/302379297', 'product_name': 'Barratt Milkteeth 190G', 'product_price': '£ 1.00', 'product_additionals': '£0.53/100g'}, {'shop': 'asda', 'url': 'https://groceries.asda.com/product/1000003092302', 'product_name': 'Belvita Breakfast Biscuits Milk & Cereals 5 Pack', 'product_price': '£0.99', 'product_additionals': '(44.0p/100g)'}, {'shop': 'tesco', 'url': 'https://www.tesco.com/groceries/en-GB/products/297544535', 'product_name': 'Belvita Milk & Cereal Biscuits 12 Pack 540G', 'product_price': '£ 3.00', 'product_additionals': '£0.56/100g'}, {'shop': 'tesco', 'url': 'https://www.tesco.com/groceries/en-GB/products/297544790', 'product_name': 'Belvita Milk & Cereal Biscuits 225G', 'product_price': '£ 1.99', 'product_additionals': '£0.88/100g'}, {'shop': 'sains', 'url': 'https://www.sainsburys.co.uk/shop/gb/groceries/product/details/all-price-lock/belvita-milk---cereal-biscuits-540g', 'product_name': 'Belvita Milk & Cereal Biscuits Multipack 540g', 'product_price': '£3.00', 'product_additionals': '56p / 100g'}, {'shop': 'tesco', 'url': 'https://www.tesco.com/groceries/en-GB/products/289687746', 'product_name': 'Betty Crocker Milk Chocolate Icing 400G', 'product_price': '£ 2.00', 'product_additionals': '£0.50/100g'}, {'shop': 'sains', 'url': 'https://www.sainsburys.co.uk/shop/gb/groceries/product/details/all-low-and-no-alcohol/big-drop-brewing-co-galactic-milk-alcohol-free-stout-330ml', 'product_name': 'Big Drop Brewing Co. Galactic Milk Alcohol Free Stout 330ml', 'product_price': '£1.50', 'product_additionals': '£4.55 / ltr'}, {'shop': 'sains', 'url': 'https://www.sainsburys.co.uk/shop/gb/groceries/product/details/easter-special-offers/sainsburys-billionaire-egg-210g', 'product_name': 'Billionaires Milk Chocolate Egg 210g', 'product_price': '£4.00', 'product_additionals': '£1.90 / 100g'}, {'shop': 'sains', 'url': 'https://www.sainsburys.co.uk/shop/gb/groceries/product/details/all-easter-eggs-and-chocolate-/sainsburys-billionaire-egg-210g', 'product_name': 'Billionaires Milk Chocolate Egg 210g', 'product_price': '£4.00', 'product_additionals': '£1.90 / 100g'}, {'shop': 'tesco', 'url': 'https://www.tesco.com/groceries/en-GB/products/286749264', 'product_name': "Bioglan Biotic Balance Chocball Milk 30'S", 'product_price': '£ 9.50', 'product_additionals': '£0.32/each'}, {'shop': 'sains', 'url': 'https://www.sainsburys.co.uk/shop/gb/groceries/product/details/milk-flavoured-milk/bio-tiful-baked-milk-kefir-250ml', 'product_name': 'Biotiful Baked Milk Kefir (Riazhenka) 250ml', 'product_price': '£1.45', 'product_additionals': '£5.80 / ltr'}, {'shop': 'asda', 'url': 'https://groceries.asda.com/product/1000157579365', 'product_name': 'BIP Milk Chocolate Christmas Puddings with Popping Candy', 'product_price': '£0.59', 'product_additionals': '(78.7p/100g)'}, {'shop': 'asda', 'url': 'https://groceries.asda.com/product/1000157579204', 'product_name': 'BIP Milk Chocolate Snowmen & Snowballs 75g', 'product_price': '£0.59', 'product_additionals': '(78.7p/100g)'}, {'shop': 'asda', 'url': 'https://groceries.asda.com/product/1000157579427', 'product_name': 'BIP Milk Chocolate Sprouts & Carrots', 'product_price': '£0.59', 'product_additionals': '(78.7p/100g)'}, {'shop': 'tesco', 'url': 'https://www.tesco.com/groceries/en-GB/products/303153509', 'product_name': 'Birds Eye Buttermilk Chicken Strips 350G', 'product_price': '£ 4.00', 'product_additionals': '£11.43/kg'}, {'shop': 'asda', 'url': 'https://groceries.asda.com/product/1000093869692', 'product_name': 'Birds Eye Chicken Shop Buttermilk Chicken Strips', 'product_price': '£4.00', 'product_additionals': 'No weight data'}, {'shop': 'tesco', 'url': 'https://www.tesco.com/groceries/en-GB/products/299599046', 'product_name': 'Black Sheep Milk Stout 500Ml 4.4% Alcohol By Volume', 'product_price': '£ 1.70', 'product_additionals': '£3.40/litre'}, {'shop': 'asda', 'url': 'https://groceries.asda.com/product/1000134726909', 'product_name': 'Black Sheep Pineapple Milkshake IPA', 'product_price': '£1.80', 'product_additionals': 'No weight data'}, {'shop': 'tesco', 'url': 'https://www.tesco.com/groceries/en-GB/products/252486194', 'product_name': 'Blue Dragon Coconut Milk 400Ml', 'product_price': '£ 2.00', 'product_additionals': '£5.00/litre'}, {'shop': 'tesco', 'url': 'https://www.tesco.com/groceries/en-GB/products/250830660', 'product_name': 'Blue Dragon Coconut Milk Light 400Ml', 'product_price': '£ 2.00', 'product_additionals': '£5.00/litre'}, {'shop': 'asda', 'url': 'https://groceries.asda.com/product/1000065970685', 'product_name': 'Blue Riband Original Milk Chocolate Wafer Biscuits 16 Pack', 'product_price': '£2.00', 'product_additionals': '(69.4p/100g)'}, {'shop': 'asda', 'url': 'https://groceries.asda.com/product/1000065970648', 'product_name': 'Blue Riband Original Milk Chocolate Wafer Biscuits 8 Pack', 'product_price': '£1.00', 'product_additionals': '(69.4p/100g)'}, {'shop': 'asda', 'url': 'https://groceries.asda.com/product/1000168286620', 'product_name': 'Bondi Sands Everyday Gradual Tanning Milk', 'product_price': '£11.99', 'product_additionals': '(£3.20/100ml)'}, {'shop': 'tesco', 'url': 'https://www.tesco.com/groceries/en-GB/products/298107990', 'product_name': 'Bondi Sands Gradual Tanning Milk 375Ml', 'product_price': '£ 12.00', 'product_additionals': '£3.20/100ml'}, {'shop': 'asda', 'url': 'https://groceries.asda.com/product/1000210453294', 'product_name': 'Bonne Maman Chocolate Mousse with Whole Milk', 'product_price': '£1.00', 'product_additionals': '(71.4p/100g)'}, {'shop': 'asda', 'url': 'https://groceries.asda.com/product/1000178911419', 'product_name': 'Bounty Coconut Milk Chocolate Bars Multipack', 'product_price': '£1.99', 'product_additionals': '(43.6p/100g)'}, {'shop': 'asda', 'url': 'https://groceries.asda.com/product/910000265061', 'product_name': 'Bounty Coconut Milk Chocolate Twin Bar', 'product_price': '£0.55', 'product_additionals': '(96.5p/100g)'}, {'shop': 'asda', 'url': 'https://groceries.asda.com/product/910000539461', 'product_name': 'Bounty Coconut Milk Chocolate Twin Bars Multipack 4 x 57g', 'product_price': '£1.25', 'product_additionals': '(54.8p/100g)'}, {'shop': 'tesco', 'url': 'https://www.tesco.com/groceries/en-GB/products/258412209', 'product_name': 'Bounty Milk Chocolate Bar 57G', 'product_price': '£ 0.60', 'product_additionals': '£1.06/100g'}, {'shop': 'tesco', 'url': 'https://www.tesco.com/groceries/en-GB/products/304389823', 'product_name': 'Bounty Milk Chocolate Egg With 3 Fun Size Bars 263G', 'product_price': '£ 3.00', 'product_additionals': '£1.15/100g'}, {'shop': 'asda', 'url': 'https://groceries.asda.com/product/16162006', 'product_name': 'Bowlands Fresh Semi Skimmed Milk', 'product_price': '£1.03', 'product_additionals': 'No weight data'}, {'shop': 'asda', 'url': 'https://groceries.asda.com/product/16162004', 'product_name': 'Bowlands Fresh Semi Skimmed Milk', 'product_price': '£1.30', 'product_additionals': 'No weight data'}, {'shop': 'asda', 'url': 'https://groceries.asda.com/product/16162005', 'product_name': 'Bowlands Fresh Whole Milk', 'product_price': '£1.30', 'product_additionals': 'No weight data'}, {'shop': 'tesco', 'url': 'https://www.tesco.com/groceries/en-GB/products/272708450', 'product_name': 'Breakaway Milk Chocolate Biscuit 8 Pack 152.8G', 'product_price': '£ 1.00', 'product_additionals': '£0.66/100g'}, {'shop': 'asda', 'url': 'https://groceries.asda.com/product/910000550514', 'product_name': 'Breakaway Milk Chocolate Biscuit Bar 8 Pack', 'product_price': '£1.00', 'product_additionals': '(65.5p/100g)'}, {'shop': 'tesco', 'url': 'https://www.tesco.com/groceries/en-GB/products/265169066', 'product_name': 'Brioche Pasquier Milk Brioche Rolls 8Pk', 'product_price': '£ 1.50', 'product_additionals': '£0.19/each'}, {'shop': 'sains', 'url': 'https://www.sainsburys.co.uk/shop/gb/groceries/product/details/natural-beauty-products/burts-bees-almond---milk-hand-cream-57g', 'product_name': "Burt's Bees Almond Milk Hand Cream", 'product_price': '£10.00', 'product_additionals': '£17.54 / 100g'}, {'shop': 'sains', 'url': 'https://www.sainsburys.co.uk/shop/gb/groceries/product/details/all-gifting/buttermilk-crumbly-vanilla-fudge-150g', 'product_name': 'Buttermilk Crumbly Vanilla Fudge 150g', 'product_price': '£3.95', 'product_additionals': '£2.63 / 100g'}, {'shop': 'sains', 'url': 'https://www.sainsburys.co.uk/shop/gb/groceries/product/details/sweet-treats-44/buttermilk-crumbly-vanilla-fudge-150g', 'product_name': 'Buttermilk Crumbly Vanilla Fudge 150g', 'product_price': '£3.95', 'product_additionals': '£2.63 / 100g'}, {'shop': 'sains', 'url': 'https://www.sainsburys.co.uk/shop/gb/groceries/product/details/chocolate-and-sweets-/buttermilk-crumbly-vanilla-fudge-150g', 'product_name': 'Buttermilk Crumbly Vanilla Fudge 150g', 'product_price': '£3.95', 'product_additionals': '£2.63 / 100g'}, {'shop': 'tesco', 'url': 'https://www.tesco.com/groceries/en-GB/products/307150421', 'product_name': 'Buttermilk Dairy Free Peanut Butter Crunch 100G', 'product_price': '£ 3.00', 'product_additionals': '£3.00/100g'}, {'shop': 'tesco', 'url': 'https://www.tesco.com/groceries/en-GB/products/307750206', 'product_name': 'Buttermilk Dairy Free Salted Caramel Crunch Easter Egg 165G', 'product_price': '£ 6.00', 'product_additionals': '£3.64/100g'}, {'shop': 'tesco', 'url': 'https://www.tesco.com/groceries/en-GB/products/307159589', 'product_name': 'Buttermilk Dairy Free Salted Caramel Cups 100G', 'product_price': '£ 3.00', 'product_additionals': '£3.00/100g'}, {'shop': 'tesco', 'url': 'https://www.tesco.com/groceries/en-GB/products/307736282', 'product_name': 'Buttermilk Dairy Free Zingy Orange Egg Chocolate Bar 165G', 'product_price': '£ 6.00', 'product_additionals': '£3.64/100g'}, {'shop': 'sains', 'url': 'https://www.sainsburys.co.uk/shop/gb/groceries/product/details/all-easter-/buttermilk-salted-caramel-crunch-chocolate-egg-soldier-165g', 'product_name': 'Buttermilk Salted Caramel Crunch Choccy Egg 165g', 'product_price': '£6.00', 'product_additionals': '£2.68 / 100g'}, {'shop': 'sains', 'url': 'https://www.sainsburys.co.uk/shop/gb/groceries/product/details/new-355373-44/buttermilk-salted-caramel-crunch-chocolate-egg-soldier-165g', 'product_name': 'Buttermilk Salted Caramel Crunch Choccy Egg 165g', 'product_price': '£6.00', 'product_additionals': '£2.68 / 100g'}, {'shop': 'sains', 'url': 'https://www.sainsburys.co.uk/shop/gb/groceries/product/details/easter-special-offers/buttermilk-salted-caramel-crunch-chocolate-egg-soldier-165g', 'product_name': 'Buttermilk Salted Caramel Crunch Choccy Egg 165g', 'product_price': '£6.00', 'product_additionals': '£2.68 / 100g'}, {'shop': 'sains', 'url': 'https://www.sainsburys.co.uk/shop/gb/groceries/product/details/small-and-medium/buttermilk-zingy-orange-crisp-chocolate-egg-soldier-165g', 'product_name': 'Buttermilk Zingy Orange Crisp Choccy Egg 165g', 'product_price': '£6.00', 'product_additionals': '£2.68 / 100g'}, {'shop': 'sains', 'url': 'https://www.sainsburys.co.uk/shop/gb/groceries/product/details/all-easter-/buttermilk-zingy-orange-crisp-chocolate-egg-soldier-165g', 'product_name': 'Buttermilk Zingy Orange Crisp Choccy Egg 165g', 'product_price': '£6.00', 'product_additionals': '£2.68 / 100g'}, {'shop': 'sains', 'url': 'https://www.sainsburys.co.uk/shop/gb/groceries/product/details/new-355373-44/buttermilk-zingy-orange-crisp-chocolate-egg-soldier-165g', 'product_name': 'Buttermilk Zingy Orange Crisp Choccy Egg 165g', 'product_price': '£6.00', 'product_additionals': '£2.68 / 100g'}, {'shop': 'sains', 'url': 'https://www.sainsburys.co.uk/shop/gb/groceries/product/details/easter-special-offers/buttermilk-zingy-orange-crisp-chocolate-egg-soldier-165g', 'product_name': 'Buttermilk Zingy Orange Crisp Choccy Egg 165g', 'product_price': '£6.00', 'product_additionals': '£2.68 / 100g'}, {'shop': 'asda', 'url': 'https://groceries.asda.com/product/910001286745', 'product_name': 'Cadbury 3 Dairy Milk Ice Creams', 'product_price': '£2.25', 'product_additionals': 'No weight data'}, {'shop': 'asda', 'url': 'https://groceries.asda.com/product/910001743471', 'product_name': 'Cadbury 4 Dairy Milk Buttons Ice Cream Cones', 'product_price': '£2.00', 'product_additionals': 'No weight data'}, {'shop': 'asda', 'url': 'https://groceries.asda.com/product/910000403473', 'product_name': 'Cadbury 4 Dairy Milk Caramel Ice Cream Cones', 'product_price': '£2.00', 'product_additionals': 'No weight data'}, {'shop': 'asda', 'url': 'https://groceries.asda.com/product/1000015061126', 'product_name': 'Cadbury 5 Milk Chocolate Cake Bars', 'product_price': '£0.80', 'product_additionals': '(16.0p/each)'}, {'shop': 'tesco', 'url': 'https://www.tesco.com/groceries/en-GB/products/306929712', 'product_name': 'Cadbury Bitsa Wispa Milk Chocolates 222G', 'product_price': '£ 2.00', 'product_additionals': '£0.90/100g'}, {'shop': 'asda', 'url': 'https://groceries.asda.com/product/1000113150656', 'product_name': 'Cadbury Chocolate Milkshake Jar', 'product_price': '£1.50', 'product_additionals': '(53.6p/100g)'}, {'shop': 'tesco', 'url': 'https://www.tesco.com/groceries/en-GB/products/305434469', 'product_name': 'Cadbury Chocolate Milkshake Powder Mix 280G', 'product_price': '£ 2.09', 'product_additionals': '£0.75/100g'}, {'shop': 'asda', 'url': 'https://groceries.asda.com/product/1000238377539', 'product_name': 'Cadbury Crunchie Rocks Milk Chocolate Bag', 'product_price': '£1.00', 'product_additionals': '(90.9p/100g)'}, {'shop': 'asda', 'url': 'https://groceries.asda.com/product/1000233167237', 'product_name': 'Cadbury Curly Wurly Milk Chocolate Bar', 'product_price': '£0.25', 'product_additionals': '(£1.14/100g)'}, {'shop': 'asda', 'url': 'https://groceries.asda.com/product/1000233167235', 'product_name': 'Cadbury Curly Wurly Milk Chocolate Bars 6 Pack', 'product_price': '£1.00', 'product_additionals': '(77.5p/100g)'}, {'shop': 'tesco', 'url': 'https://www.tesco.com/groceries/en-GB/products/302959129', 'product_name': 'Cadbury Dairy 15 Milk Cornflake Cluster Bites', 'product_price': '£ 1.80', 'product_additionals': '£0.12/each'}, {'shop': 'tesco', 'url': 'https://www.tesco.com/groceries/en-GB/products/301613460', 'product_name': 'Cadbury Dairy Milk 10 Pack 293G', 'product_price': '£ 2.00', 'product_additionals': '£0.68/100g'}, {'shop': 'tesco', 'url': 'https://www.tesco.com/groceries/en-GB/products/284117451', 'product_name': 'Cadbury Dairy Milk 110G', 'product_price': '£ 0.98', 'product_additionals': '£0.89/100g'}, {'shop': 'tesco', 'url': 'https://www.tesco.com/groceries/en-GB/products/307760959', 'product_name': 'Cadbury Dairy Milk 15 Brownie Bites', 'product_price': '£ 1.80', 'product_additionals': '£0.12/each'}, {'shop': 'tesco', 'url': 'https://www.tesco.com/groceries/en-GB/products/302959106', 'product_name': 'Cadbury Dairy Milk 16 Flapjack Bites', 'product_price': '£ 1.80', 'product_additionals': '£0.11/each'}, {'shop': 'tesco', 'url': 'https://www.tesco.com/groceries/en-GB/products/302291267', 'product_name': 'Cadbury Dairy Milk 30% Less Sugar 85G', 'product_price': '£ 1.50', 'product_additionals': '£1.77/100g'}, {'shop': 'asda', 'url': 'https://groceries.asda.com/product/1000158294551', 'product_name': 'Cadbury Dairy Milk 30% Less Sugar Chocolate Bar', 'product_price': '£0.55', 'product_additionals': '(£1.57/100g)'}, {'shop': 'asda', 'url': 'https://groceries.asda.com/product/1000038106537', 'product_name': 'Cadbury Dairy Milk 4 Caramel Cookies with Chocolate Chunks & Caramel Pieces', 'product_price': '£1.00', 'product_additionals': 'No weight data'}, {'shop': 'asda', 'url': 'https://groceries.asda.com/product/1000038106538', 'product_name': 'Cadbury Dairy Milk 4 Cookies with Chocolates Chunks', 'product_price': '£1.00', 'product_additionals': 'No weight data'}, {'shop': 'coop', 'url': 'https://www.coop.co.uk/products/cadbury-dairy-milk-4-pack', 'product_name': 'Cadbury Dairy Milk 4 Pack', 'product_price': '£1', 'product_additionals': '144g (69.4p per 100g)\n4 pack'}, {'shop': 'tesco', 'url': 'https://www.tesco.com/groceries/en-GB/products/275565630', 'product_name': 'Cadbury Dairy Milk 45G', 'product_price': '£ 0.60', 'product_additionals': '£1.34/100g'}, {'shop': 'coop', 'url': 'https://www.coop.co.uk/products/cadbury-dairy-milk-bar-110g', 'product_name': 'Cadbury Dairy Milk Bar 110g', 'product_price': '£1', 'product_additionals': '110g (90.9p per 100g)'}, {'shop': 'sains', 'url': 'https://www.sainsburys.co.uk/shop/gb/groceries/product/details/big-night-in/cadbury-dairy-milk-big-taste-oreo-crunch-300g', 'product_name': 'Cadbury Dairy Milk Big Taste Oreo Chocolate Bar 300g', 'product_price': '£3.00', 'product_additionals': '£1.00 / 100g'}, {'shop': 'tesco', 'url': 'https://www.tesco.com/groceries/en-GB/products/292215288', 'product_name': 'Cadbury Dairy Milk Boost Chocolate Barsx4 160G', 'product_price': '£ 1.00', 'product_additionals': '£0.62/100g'}, {'shop': 'tesco', 'url': 'https://www.tesco.com/groceries/en-GB/products/284775667', 'product_name': 'Cadbury Dairy Milk Buttons 6 Pack', 'product_price': '£ 1.00', 'product_additionals': '£1.20/100g'}, {'shop': 'tesco', 'url': 'https://www.tesco.com/groceries/en-GB/products/272478801', 'product_name': 'Cadbury Dairy Milk Buttons Bag 40G', 'product_price': '£ 0.60', 'product_additionals': '£1.50/100g'}, {'shop': 'sains', 'url': 'https://www.sainsburys.co.uk/shop/gb/groceries/product/details/indulgent-yogurts-desserts/cadbury-twin-pot-buttons-90g', 'product_name': 'Cadbury Dairy Milk Buttons Chocolate Dessert 85g', 'product_price': '47p', 'product_additionals': '52p / 100g'}, {'shop': 'sains', 'url': 'https://www.sainsburys.co.uk/shop/gb/groceries/product/details/yogurts-special-offers-/cadbury-twin-pot-buttons-90g', 'product_name': 'Cadbury Dairy Milk Buttons Chocolate Dessert 85g', 'product_price': '47p', 'product_additionals': '52p / 100g'}, {'shop': 'sains', 'url': 'https://www.sainsburys.co.uk/shop/gb/groceries/product/details/single-pots-and-corner-yogurt/cadbury-twin-pot-buttons-90g', 'product_name': 'Cadbury Dairy Milk Buttons Chocolate Dessert 85g', 'product_price': '47p', 'product_additionals': '52p / 100g'}, {'shop': 'sains', 'url': 'https://www.sainsburys.co.uk/shop/gb/groceries/product/details/small-and-medium/cadbury-dairy-milk-buttons-medium-easter-egg-128g', 'product_name': 'Cadbury Dairy Milk Buttons Easter Egg & Chocolate Bag 74g', 'product_price': '£1.00', 'product_additionals': '£1.35 / 100g'}, {'shop': 'tesco', 'url': 'https://www.tesco.com/groceries/en-GB/products/282692727', 'product_name': 'Cadbury Dairy Milk Buttons Ice Cream Cones 4 X 100Ml', 'product_price': '£ 1.90', 'product_additionals': '£0.48/100ml'}, {'shop': 'tesco', 'url': 'https://www.tesco.com/groceries/en-GB/products/264315195', 'product_name': 'Cadbury Dairy Milk Buttons Medium Easter Egg 128G', 'product_price': '£ 1.00', 'product_additionals': '£0.78/100g'}, {'shop': 'tesco', 'url': 'https://www.tesco.com/groceries/en-GB/products/285692803', 'product_name': 'Cadbury Dairy Milk Buttons Treat Size Buttons 170G', 'product_price': '£ 2.79', 'product_additionals': '£1.65/100g'}, {'shop': 'asda', 'url': 'https://groceries.asda.com/product/1000141932513', 'product_name': 'Cadbury Dairy Milk Cake Slices', 'product_price': '£2.00', 'product_additionals': '(33.3p/each)'}, {'shop': 'tesco', 'url': 'https://www.tesco.com/groceries/en-GB/products/302959089', 'product_name': 'Cadbury Dairy Milk Caramel 16 Flapjack Bites', 'product_price': '£ 1.80', 'product_additionals': '£0.11/each'}, {'shop': 'tesco', 'url': 'https://www.tesco.com/groceries/en-GB/products/302959066', 'product_name': 'Cadbury Dairy Milk Caramel 16 Mini Cookies', 'product_price': '£ 1.80', 'product_additionals': '£0.11/each'}, {'shop': 'tesco', 'url': 'https://www.tesco.com/groceries/en-GB/products/275565895', 'product_name': 'Cadbury Dairy Milk Caramel 45 G', 'product_price': '£ 0.60', 'product_additionals': '£1.34/100g'}, {'shop': 'asda', 'url': 'https://groceries.asda.com/product/910000813019', 'product_name': 'Cadbury Dairy Milk Caramel Bar', 'product_price': '£0.60', 'product_additionals': '(£1.33/100g)'}, {'shop': 'asda', 'url': 'https://groceries.asda.com/product/1000141932442', 'product_name': 'Cadbury Dairy Milk Caramel Cake Slices', 'product_price': '£2.25', 'product_additionals': '(37.5p/each)'}, {'shop': 'asda', 'url': 'https://groceries.asda.com/product/910000878123', 'product_name': 'Cadbury Dairy Milk Caramel Chocolate Bar', 'product_price': '£1.00', 'product_additionals': '(83.3p/100g)'}, {'shop': 'asda', 'url': 'https://groceries.asda.com/product/910000813200', 'product_name': 'Cadbury Dairy Milk Caramel Chocolate Bar', 'product_price': '£1.79', 'product_additionals': '(89.5p/100g)'}, {'shop': 'tesco', 'url': 'https://www.tesco.com/groceries/en-GB/products/275523317', 'product_name': 'Cadbury Dairy Milk Caramel Chocolate Bar 120G', 'product_price': '£ 0.98', 'product_additionals': '£0.82/100g'}, {'shop': 'tesco', 'url': 'https://www.tesco.com/groceries/en-GB/products/292215265', 'product_name': 'Cadbury Dairy Milk Caramel Chocolate Barsx4 148G', 'product_price': '£ 1.00', 'product_additionals': '£0.68/100g'}, {'shop': 'asda', 'url': 'https://groceries.asda.com/product/1000236571497', 'product_name': 'Cadbury Dairy Milk Caramel Chocolate Pouch', 'product_price': '£3.00', 'product_additionals': 'No weight data'}, {'shop': 'asda', 'url': 'https://groceries.asda.com/product/1000189263220', 'product_name': 'Cadbury Dairy Milk Caramel Core', 'product_price': '£2.50', 'product_additionals': 'No weight data'}, {'shop': 'tesco', 'url': 'https://www.tesco.com/groceries/en-GB/products/307343245', 'product_name': 'Cadbury Dairy Milk Caramel Easter Egg 286G', 'product_price': '£ 5.00', 'product_additionals': '£1.75/100g'}, {'shop': 'sains', 'url': 'https://www.sainsburys.co.uk/shop/gb/groceries/product/details/all-easter-eggs-and-chocolate-/cadbury-dairy-milk-caramel-gift-boxed-easter-egg-331g-check-your-local-store-for-available-range-', 'product_name': 'Cadbury Dairy Milk Caramel Gift Boxed Egg 286g', 'product_price': '£6.00', 'product_additionals': '£2.10 / 100g'}, {'shop': 'tesco', 'url': 'https://www.tesco.com/groceries/en-GB/products/307145128', 'product_name': 'Cadbury Dairy Milk Caramel Nibbles Big Share Bag 242G', 'product_price': '£ 2.00', 'product_additionals': '£0.83/100g'}, {'shop': 'asda', 'url': 'https://groceries.asda.com/product/910001452094', 'product_name': 'Cadbury Dairy Milk Caramel Nibbles Chocolate Share Bag', 'product_price': '£1.00', 'product_additionals': '(83.3p/100g)'}, {'shop': 'tesco', 'url': 'https://www.tesco.com/groceries/en-GB/products/303730231', 'product_name': 'Cadbury Dairy Milk Caramel Slice 6 Pack', 'product_price': '£ 1.90', 'product_additionals': '£0.32/each'}, {'shop': 'asda', 'url': 'https://groceries.asda.com/product/910002819623', 'product_name': 'Cadbury Dairy Milk Chocolate Advent Calendar', 'product_price': '£1.50', 'product_additionals': '(£1.67/100g)'}, {'shop': 'asda', 'url': 'https://groceries.asda.com/product/1000003092998', 'product_name': 'Cadbury Dairy Milk Chocolate Advent Calendar', 'product_price': '£3.00', 'product_additionals': '(£1.50/100g)'}, {'shop': 'asda', 'url': 'https://groceries.asda.com/product/910000813175', 'product_name': 'Cadbury Dairy Milk Chocolate Bar', 'product_price': '£0.55', 'product_additionals': '(£1.22/100g)'}, {'shop': 'asda', 'url': 'https://groceries.asda.com/product/910001817488', 'product_name': 'Cadbury Dairy Milk Chocolate Bar', 'product_price': '£3.00', 'product_additionals': '(83.3p/100g)'}, {'shop': 'asda', 'url': 'https://groceries.asda.com/product/910001438778', 'product_name': 'Cadbury Dairy Milk Chocolate Bar', 'product_price': '£1.00', 'product_additionals': '(90.9p/100g)'}, {'shop': 'sains', 'url': 'https://www.sainsburys.co.uk/shop/gb/groceries/product/details/big-night-in/cadbury-dairy-milk-200g', 'product_name': 'Cadbury Dairy Milk Chocolate Bar 200g', 'product_price': '£1.50', 'product_additionals': '75p / 100g'}, {'shop': 'tesco', 'url': 'https://www.tesco.com/groceries/en-GB/products/273968548', 'product_name': 'Cadbury Dairy Milk Chocolate Bar 200G', 'product_price': '£ 1.80', 'product_additionals': '£0.90/100g'}, {'shop': 'sains', 'url': 'https://www.sainsburys.co.uk/shop/gb/groceries/product/details/sweet-treats-44/cadbury-dairy-milk-chocolate-bar-360g', 'product_name': 'Cadbury Dairy Milk Chocolate Bar 360g', 'product_price': '£2.50', 'product_additionals': '69p / 100g'}, {'shop': 'sains', 'url': 'https://www.sainsburys.co.uk/shop/gb/groceries/product/details/watch-the-sport/cadbury-dairy-milk-chocolate-bar-360g', 'product_name': 'Cadbury Dairy Milk Chocolate Bar 360g', 'product_price': '£3.00', 'product_additionals': '83p / 100g'}, {'shop': 'tesco', 'url': 'https://www.tesco.com/groceries/en-GB/products/275027686', 'product_name': 'Cadbury Dairy Milk Chocolate Bar 360G', 'product_price': '£ 3.00', 'product_additionals': '£0.83/100g'}, {'shop': 'coop', 'url': 'https://www.coop.co.uk/products/cadbury-dairy-milk-chocolate-bar-360g', 'product_name': 'Cadbury Dairy Milk Chocolate Bar 360g', 'product_price': '£3\nwas\n£4', 'product_additionals': '360g (83.3p per 100g)'}, {'shop': 'sains', 'url': 'https://www.sainsburys.co.uk/shop/gb/groceries/product/details/chocolate-and-sweets-/cadbury-dairy-milk-chocolate-bar-360g', 'product_name': 'Cadbury Dairy Milk Chocolate Bar 360g', 'product_price': '£3.00', 'product_additionals': '83p / 100g'}, {'shop': 'sains', 'url': 'https://www.sainsburys.co.uk/shop/gb/groceries/product/details/all-gifting/cadbury-dairy-milk-chocolate-bar-360g', 'product_name': 'Cadbury Dairy Milk Chocolate Bar 360g', 'product_price': '£2.50', 'product_additionals': '69p / 100g'}, {'shop': 'asda', 'url': 'https://groceries.asda.com/product/910001438257', 'product_name': 'Cadbury Dairy Milk Chocolate Bar 4 Pack', 'product_price': '£0.97', 'product_additionals': '(67.4p/100g)'}, {'shop': 'tesco', 'url': 'https://www.tesco.com/groceries/en-GB/products/304799113', 'product_name': 'Cadbury Dairy Milk Chocolate Buttons Dessert 85G', 'product_price': '£ 0.75', 'product_additionals': '£0.88/100g'}, {'shop': 'sains', 'url': 'https://www.sainsburys.co.uk/shop/gb/groceries/product/details/easter-special-offers/cadburys-dairy-milk-chunk-egg-71g', 'product_name': 'Cadbury Dairy Milk Chocolate Chunk & Easter Egg 71g', 'product_price': '£1.00', 'product_additionals': '£1.41 / 100g'}, {'shop': 'sains', 'url': 'https://www.sainsburys.co.uk/shop/gb/groceries/product/details/all-easter-/cadburys-dairy-milk-chunk-egg-71g', 'product_name': 'Cadbury Dairy Milk Chocolate Chunk & Easter Egg 71g', 'product_price': '£1.00', 'product_additionals': '£1.41 / 100g'}, {'shop': 'asda', 'url': 'https://groceries.asda.com/product/1000236571317', 'product_name': 'Cadbury Dairy Milk Chocolate Chunk Giftbox Stack', 'product_price': '£3.00', 'product_additionals': '(£1.20/100g)'}, {'shop': 'asda', 'url': 'https://groceries.asda.com/product/1000236571459', 'product_name': 'Cadbury Dairy Milk Chocolate Chunk Giftbox Stack', 'product_price': '£1.00', 'product_additionals': '(£1.04/100g)'}, {'shop': 'asda', 'url': 'https://groceries.asda.com/product/1000236571372', 'product_name': 'Cadbury Dairy Milk Chocolate Chunks Advent Calendar', 'product_price': '£4.00', 'product_additionals': '(£1.55/100g)'}, {'shop': 'asda', 'url': 'https://groceries.asda.com/product/1000216498425', 'product_name': 'Cadbury Dairy Milk Chocolate Chunks Tin', 'product_price': '£8.00', 'product_additionals': '(£1.11/100g)'}, {'shop': 'tesco', 'url': 'https://www.tesco.com/groceries/en-GB/products/304786474', 'product_name': 'Cadbury Dairy Milk Chocolate Daim Dessert 85G', 'product_price': '£ 0.75', 'product_additionals': '£0.88/100g'}, {'shop': 'tesco', 'url': 'https://www.tesco.com/groceries/en-GB/products/295065955', 'product_name': 'Cadbury Dairy Milk Chocolate Easter Hollow Bunny 100G', 'product_price': '£ 2.00', 'product_additionals': '£2.00/100g'}, {'shop': 'tesco', 'url': 'https://www.tesco.com/groceries/en-GB/products/295065932', 'product_name': 'Cadbury Dairy Milk Chocolate Easter Hollow Bunny 50G', 'product_price': '£ 1.00', 'product_additionals': '£2.00/100g'}, {'shop': 'tesco', 'url': 'https://www.tesco.com/groceries/en-GB/products/282073821', 'product_name': 'Cadbury Dairy Milk Chocolate Easter Hoppy Bunny Bar 100G', 'product_price': '£ 1.00', 'product_additionals': '£1.00/100g'}, {'shop': 'asda', 'url': 'https://groceries.asda.com/product/910000813099', 'product_name': 'Cadbury Dairy Milk Chocolate Sharing Bar', 'product_price': '£1.79', 'product_additionals': '(89.5p/100g)'}, {'shop': 'tesco', 'url': 'https://www.tesco.com/groceries/en-GB/products/303730219', 'product_name': 'Cadbury Dairy Milk Chocolate Slice 6 Pack', 'product_price': '£ 1.90', 'product_additionals': '£0.32/each'}, {'shop': 'asda', 'url': 'https://groceries.asda.com/product/1000160202778', 'product_name': 'Cadbury Dairy Milk Chunks Chocolate Dessert', 'product_price': '£0.75', 'product_additionals': '(88.2p/100g)'}, {'shop': 'tesco', 'url': 'https://www.tesco.com/groceries/en-GB/products/304797426', 'product_name': 'Cadbury Dairy Milk Chunks Milk Chocolate Dessert 85G', 'product_price': '£ 0.75', 'product_additionals': '£0.88/100g'}, {'shop': 'asda', 'url': 'https://groceries.asda.com/product/1000236571488', 'product_name': 'Cadbury Dairy Milk Classic Collection Selection Box', 'product_price': '£4.00', 'product_additionals': '(93.0p/100g)'}, {'shop': 'asda', 'url': 'https://groceries.asda.com/product/1000236571482', 'product_name': 'Cadbury Dairy Milk Classics Mixed Chocolate Chunks Pouch Bag', 'product_price': '£3.00', 'product_additionals': '(85.7p/100g)'}, {'shop': 'asda', 'url': 'https://groceries.asda.com/product/1000088561791', 'product_name': 'Cadbury Dairy Milk Cornflake Cluster Bites', 'product_price': '£1.80', 'product_additionals': '(12.0p/each)'}, {'shop': 'sains', 'url': 'https://www.sainsburys.co.uk/shop/gb/groceries/product/details/small-and-medium/cadbury-creme-egg-medium-easter-egg-138g', 'product_name': 'Cadbury Dairy Milk Creme Egg Medium Easter Egg 138g', 'product_price': '£1.25', 'product_additionals': '91p / 100g'}, {'shop': 'sains', 'url': 'https://www.sainsburys.co.uk/shop/gb/groceries/product/details/easter-giant/cadbury-dairy-milk-creme-egg-with-large-easter-egg-460g', 'product_name': 'Cadbury Dairy Milk Creme Egg with Large Easter Egg 497g', 'product_price': '£10.00', 'product_additionals': '£2.17 / 100g'}, {'shop': 'sains', 'url': 'https://www.sainsburys.co.uk/shop/gb/groceries/product/details/all-easter-eggs-and-chocolate-/cadbury-dairy-milk-creme-egg-with-large-easter-egg-460g', 'product_name': 'Cadbury Dairy Milk Creme Egg with Large Easter Egg 497g', 'product_price': '£10.00', 'product_additionals': '£2.17 / 100g'}, {'shop': 'tesco', 'url': 'https://www.tesco.com/groceries/en-GB/products/273626838', 'product_name': 'Cadbury Dairy Milk Crunchie Bit Chocolate Bar 200G', 'product_price': '£ 1.80', 'product_additionals': '£0.90/100g'}, {'shop': 'asda', 'url': 'https://groceries.asda.com/product/1000216902774', 'product_name': 'Cadbury Dairy Milk Daim Chocolate Dessert', 'product_price': '£0.75', 'product_additionals': '(88.2p/100g)'}, {'shop': 'asda', 'url': 'https://groceries.asda.com/product/1000236571375', 'product_name': 'Cadbury Dairy Milk Daim Little Chocolate Robins Bag', 'product_price': '£1.00', 'product_additionals': '(£1.14/100g)'}, {'shop': 'tesco', 'url': 'https://www.tesco.com/groceries/en-GB/products/307362631', 'product_name': 'Cadbury Dairy Milk Daim Mini Eggs 77G', 'product_price': '£ 1.00', 'product_additionals': '£1.30/100g'}, {'shop': 'tesco', 'url': 'https://www.tesco.com/groceries/en-GB/products/291159338', 'product_name': 'Cadbury Dairy Milk Duo 65G (P)', 'product_price': '£ 0.80', 'product_additionals': '£12.31/kg'}, {'shop': 'tesco', 'url': 'https://www.tesco.com/groceries/en-GB/products/307352833', 'product_name': 'Cadbury Dairy Milk Easter Egg 286G', 'product_price': '£ 5.00', 'product_additionals': '£1.75/100g'}, {'shop': 'tesco', 'url': 'https://www.tesco.com/groceries/en-GB/products/307353262', 'product_name': 'Cadbury Dairy Milk Easter Egg Marvellous Creations 246G', 'product_price': '£ 3.00', 'product_additionals': '£1.22/100g'}, {'shop': 'tesco', 'url': 'https://www.tesco.com/groceries/en-GB/products/307339019', 'product_name': 'Cadbury Dairy Milk Egg & Spoon Oreo 128G', 'product_price': '£ 2.00', 'product_additionals': '£1.57/100g'}, {'shop': 'sains', 'url': 'https://www.sainsburys.co.uk/shop/gb/groceries/product/details/all-easter-/cadbury-dairy-milk-egg-n-spoon-chocolate-mousse-eggs-x4-136g', 'product_name': "Cadbury Dairy Milk Egg 'n' Spoon Chocolate 136g", 'product_price': '£2.00', 'product_additionals': '£1.47 / 100g'}, {'shop': 'sains', 'url': 'https://www.sainsburys.co.uk/shop/gb/groceries/product/details/miniandtreat-size/cadbury-dairy-milk-egg-n-spoon-with-oreo-136g', 'product_name': "Cadbury Dairy Milk Egg 'n' Spoon with Oreo 128g", 'product_price': '£2.00', 'product_additionals': '£1.56 / 100g'}, {'shop': 'tesco', 'url': 'https://www.tesco.com/groceries/en-GB/products/263070686', 'product_name': 'Cadbury Dairy Milk Egg Heads Easter Egg 77G', 'product_price': '£ 1.00', 'product_additionals': '£1.30/100g'}, {'shop': 'tesco', 'url': 'https://www.tesco.com/groceries/en-GB/products/265923654', 'product_name': 'Cadbury Dairy Milk Extra Large Easter Egg 515G', 'product_price': '£ 10.00', 'product_additionals': '£1.95/100g'}, {'shop': 'tesco', 'url': 'https://www.tesco.com/groceries/en-GB/products/307337996', 'product_name': 'Cadbury Dairy Milk Fingers Biscuits 189G', 'product_price': '£ 2.00', 'product_additionals': '£1.06/100g'}, {'shop': 'tesco', 'url': 'https://www.tesco.com/groceries/en-GB/products/292215311', 'product_name': 'Cadbury Dairy Milk Flake Chocolate Bars X9 180G', 'product_price': '£ 2.00', 'product_additionals': '£1.12/100g'}, {'shop': 'asda', 'url': 'https://groceries.asda.com/product/1000086367359', 'product_name': 'Cadbury Dairy Milk Flapjack Bites', 'product_price': '£2.00', 'product_additionals': '(12.5p/each)'}, {'shop': 'asda', 'url': 'https://groceries.asda.com/product/1000236571439', 'product_name': 'Cadbury Dairy Milk Freddo & Friends Chocolate Pouch', 'product_price': '£3.00', 'product_additionals': 'No weight data'}, {'shop': 'asda', 'url': 'https://groceries.asda.com/product/1000177860949', 'product_name': 'Cadbury Dairy Milk Freddo & Friends Chocolate Tub', 'product_price': '£4.00', 'product_additionals': 'No weight data'}, {'shop': 'tesco', 'url': 'https://www.tesco.com/groceries/en-GB/products/271614896', 'product_name': 'Cadbury Dairy Milk Freddo 6 Bars 108G', 'product_price': '£ 1.00', 'product_additionals': '£0.93/100g'}, {'shop': 'asda', 'url': 'https://groceries.asda.com/product/1000001956353', 'product_name': 'Cadbury Dairy Milk Freddo Caramel Chocolate Bar', 'product_price': '£0.25', 'product_additionals': '(£1.28/100g)'}, {'shop': 'asda', 'url': 'https://groceries.asda.com/product/910003106423', 'product_name': 'Cadbury Dairy Milk Freddo Chocolate Bar', 'product_price': '£0.25', 'product_additionals': '(£1.39/100g)'}, {'shop': 'asda', 'url': 'https://groceries.asda.com/product/910000420010', 'product_name': 'Cadbury Dairy Milk Freddo Chocolate Bar 6 Pack', 'product_price': '£1.00', 'product_additionals': '(92.6p/100g)'}, {'shop': 'asda', 'url': 'https://groceries.asda.com/product/1000236571342', 'product_name': 'Cadbury Dairy Milk Freddo Chocolate Selection Box', 'product_price': '£1.50', 'product_additionals': '(£1.11/100g)'}, {'shop': 'asda', 'url': 'https://groceries.asda.com/product/910003082572', 'product_name': 'Cadbury Dairy Milk Freddo Faces Chocolate Share Bag', 'product_price': '£1.00', 'product_additionals': 'No weight data'}, {'shop': 'asda', 'url': 'https://groceries.asda.com/product/910001484465', 'product_name': 'Cadbury Dairy Milk Freddo Faces Chocolate Tube', 'product_price': '£1.00', 'product_additionals': '(£1.39/100g)'}, {'shop': 'tesco', 'url': 'https://www.tesco.com/groceries/en-GB/products/291244675', 'product_name': 'Cadbury Dairy Milk Freddo Faces Medium Easter Egg 122G', 'product_price': '£ 1.00', 'product_additionals': '£0.82/100g'}, {'shop': 'asda', 'url': 'https://groceries.asda.com/product/1000236571352', 'product_name': 'Cadbury Dairy Milk Freddo Little Treasures Chocolate Tin', 'product_price': '£3.00', 'product_additionals': '(£3.61/100g)'}, {'shop': 'asda', 'url': 'https://groceries.asda.com/product/1000189263233', 'product_name': 'Cadbury Dairy Milk Freddo Sandwich 6 Pack', 'product_price': '£2.25', 'product_additionals': 'No weight data'}, {'shop': 'asda', 'url': 'https://groceries.asda.com/product/1000107814032', 'product_name': 'Cadbury Dairy Milk Freddo Treasures Chocolate with Toy', 'product_price': '£0.65', 'product_additionals': '(£4.51/100g)'}, {'shop': 'asda', 'url': 'https://groceries.asda.com/product/1000236571360', 'product_name': 'Cadbury Dairy Milk Freddo White Treasures Chocolate Carton', 'product_price': '£0.75', 'product_additionals': '(90.4p/100g)'}, {'shop': 'asda', 'url': 'https://groceries.asda.com/product/910000813097', 'product_name': 'Cadbury Dairy Milk Fruit & Nut Chocolate Bar', 'product_price': '£1.79', 'product_additionals': '(89.5p/100g)'}, {'shop': 'tesco', 'url': 'https://www.tesco.com/groceries/en-GB/products/293597030', 'product_name': 'Cadbury Dairy Milk Fruit & Nut Chocolate Bar 110G', 'product_price': '£ 0.98', 'product_additionals': '£0.89/100g'}, {'shop': 'sains', 'url': 'https://www.sainsburys.co.uk/shop/gb/groceries/product/details/easter-special-offers/cadbury-dairy-milk-fruit---nut-200g', 'product_name': 'Cadbury Dairy Milk Fruit & Nut Chocolate Bar 200g', 'product_price': '£1.50', 'product_additionals': '75p / 100g'}, {'shop': 'tesco', 'url': 'https://www.tesco.com/groceries/en-GB/products/307136116', 'product_name': 'Cadbury Dairy Milk Fruit & Nut Easter Egg 302G', 'product_price': '£ 5.00', 'product_additionals': '£1.66/100g'}, {'shop': 'asda', 'url': 'https://groceries.asda.com/product/910002627704', 'product_name': 'Cadbury Dairy Milk Fruit and Nut Chocolate Bar', 'product_price': '£1.00', 'product_additionals': '(90.9p/100g)'}, {'shop': 'sains', 'url': 'https://www.sainsburys.co.uk/shop/gb/groceries/product/details/new-355373-44/cadbury-dairy-milk-fruit-and-nut-chocolate-egg-302g', 'product_name': 'Cadbury Dairy Milk Fruit and Nut Chocolate Egg 302g', 'product_price': '£6.00', 'product_additionals': '£1.99 / 100g'}, {'shop': 'sains', 'url': 'https://www.sainsburys.co.uk/shop/gb/groceries/product/details/easter-special-offers/cadbury-dairy-milk-fruit-and-nut-chocolate-egg-302g', 'product_name': 'Cadbury Dairy Milk Fruit and Nut Chocolate Egg 302g', 'product_price': '£6.00', 'product_additionals': '£1.99 / 100g'}, {'shop': 'sains', 'url': 'https://www.sainsburys.co.uk/shop/gb/groceries/product/details/all-easter-/cadbury-dairy-milk-fruit-and-nut-chocolate-egg-302g', 'product_name': 'Cadbury Dairy Milk Fruit and Nut Chocolate Egg 302g', 'product_price': '£6.00', 'product_additionals': '£1.99 / 100g'}, {'shop': 'sains', 'url': 'https://www.sainsburys.co.uk/shop/gb/groceries/product/details/easter-giant/cadbury-dairy-milk-fruit-and-nut-ultimate-chocolate-egg-532g', 'product_name': 'Cadbury Dairy Milk Fruit and Nut Ultimate Chocolate Egg 532g', 'product_price': '£12.00', 'product_additionals': '£2.26 / 100g'}, {'shop': 'sains', 'url': 'https://www.sainsburys.co.uk/shop/gb/groceries/product/details/all-easter-eggs-and-chocolate-/cadbury-dairy-milk-fruit-and-nut-ultimate-chocolate-egg-532g', 'product_name': 'Cadbury Dairy Milk Fruit and Nut Ultimate Chocolate Egg 532g', 'product_price': '£12.00', 'product_additionals': '£2.26 / 100g'}, {'shop': 'coop', 'url': 'https://www.coop.co.uk/products/cadbury-dairy-milk-giant-buttons-119g', 'product_name': 'Cadbury Dairy Milk Giant Buttons 119g', 'product_price': '£1', 'product_additionals': '119g (84.0p per 100g)'}, {'shop': 'tesco', 'url': 'https://www.tesco.com/groceries/en-GB/products/285383766', 'product_name': 'Cadbury Dairy Milk Giant Buttons 119G', 'product_price': '£ 1.00', 'product_additionals': '£0.84/100g'}, {'shop': 'sains', 'url': 'https://www.sainsburys.co.uk/shop/gb/groceries/product/details/watch-the-sport/cadbury-dairy-milk-giant-buttons-chocolate-bag-252g', 'product_name': 'Cadbury Dairy Milk Giant Buttons Chocolate Big Share Bag 240g', 'product_price': '£2.00', 'product_additionals': '83p / 100g'}, {'shop': 'asda', 'url': 'https://groceries.asda.com/product/910001452441', 'product_name': 'Cadbury Dairy Milk Giant Buttons Chocolate Share Bag', 'product_price': '£0.98', 'product_additionals': '(82.3p/100g)'}, {'shop': 'sains', 'url': 'https://www.sainsburys.co.uk/shop/gb/groceries/product/details/easter-giant/cadbury-dairy-milk-giant-buttons-easter-egg-419g', 'product_name': 'Cadbury Dairy Milk Giant Buttons Easter Egg 419g', 'product_price': '£10.00', 'product_additionals': '£2.39 / 100g'}, {'shop': 'sains', 'url': 'https://www.sainsburys.co.uk/shop/gb/groceries/product/details/new-355373-44/cadbury-dairy-milk-giant-buttons-easter-egg-419g', 'product_name': 'Cadbury Dairy Milk Giant Buttons Easter Egg 419g', 'product_price': '£10.00', 'product_additionals': '£2.39 / 100g'}, {'shop': 'sains', 'url': 'https://www.sainsburys.co.uk/shop/gb/groceries/product/details/easter-special-offers/cadbury-dairy-milk-giant-buttons-easter-egg-419g', 'product_name': 'Cadbury Dairy Milk Giant Buttons Easter Egg 419g', 'product_price': '£10.00', 'product_additionals': '£2.39 / 100g'}, {'shop': 'sains', 'url': 'https://www.sainsburys.co.uk/shop/gb/groceries/product/details/top-rated-44/cadbury-dairy-milk-giant-buttons-119g', 'product_name': 'Cadbury Dairy Milk Giant Chocolate Buttons Bag 119g', 'product_price': '£1.50', 'product_additionals': '£1.26 / 100g'}, {'shop': 'sains', 'url': 'https://www.sainsburys.co.uk/shop/gb/groceries/product/details/big-night-in/cadbury-dairy-milk-giant-buttons-119g', 'product_name': 'Cadbury Dairy Milk Giant Chocolate Buttons Bag 119g', 'product_price': '£1.50', 'product_additionals': '£1.26 / 100g'}, {'shop': 'sains', 'url': 'https://www.sainsburys.co.uk/shop/gb/groceries/product/details/all-easter-eggs-and-chocolate-/cadbury-dairy-milk-giant-easter-egg-515g', 'product_name': 'Cadbury Dairy Milk Giant Easter Egg 515g', 'product_price': '£10.00', 'product_additionals': '£1.94 / 100g'}, {'shop': 'sains', 'url': 'https://www.sainsburys.co.uk/shop/gb/groceries/product/details/easter-giant/cadbury-dairy-milk-giant-easter-egg-515g', 'product_name': 'Cadbury Dairy Milk Giant Easter Egg 515g', 'product_price': '£10.00', 'product_additionals': '£1.94 / 100g'}, {'shop': 'asda', 'url': 'https://groceries.asda.com/product/1000169694811', 'product_name': 'Cadbury Dairy Milk Gingerbread Chocolate Bar', 'product_price': '£1.00', 'product_additionals': '(83.3p/100g)'}, {'shop': 'asda', 'url': 'https://groceries.asda.com/product/910002053038', 'product_name': 'Cadbury Dairy Milk Golden Crisp', 'product_price': '£1.00', 'product_additionals': '(£1.85/100g)'}, {'shop': 'asda', 'url': 'https://groceries.asda.com/product/1000236571380', 'product_name': 'Cadbury Dairy Milk Jingly Bells Hazelnut Creme Chocolate Bag', 'product_price': '£1.00', 'product_additionals': '(£1.22/100g)'}, {'shop': 'asda', 'url': 'https://groceries.asda.com/product/910002112474', 'product_name': 'Cadbury Dairy Milk Little Bars Chocolate 6 Pack', 'product_price': '£1.00', 'product_additionals': '(92.6p/100g)'}, {'shop': 'asda', 'url': 'https://groceries.asda.com/product/910002112470', 'product_name': 'Cadbury Dairy Milk Little Chocolate Bar', 'product_price': '£0.25', 'product_additionals': '(£1.39/100g)'}, {'shop': 'asda', 'url': 'https://groceries.asda.com/product/1000236571491', 'product_name': 'Cadbury Dairy Milk Little Chocolate Robins Bag', 'product_price': '£1.00', 'product_additionals': '(£1.14/100g)'}, {'shop': 'tesco', 'url': 'https://www.tesco.com/groceries/en-GB/products/277746822', 'product_name': 'Cadbury Dairy Milk Marvellous Creations Jelly Candy Bar 47G', 'product_price': '£ 0.60', 'product_additionals': '£1.28/100g'}, {'shop': 'asda', 'url': 'https://groceries.asda.com/product/910002112245', 'product_name': 'Cadbury Dairy Milk Marvellous Smashables Jelly Popping Chocolate Bar', 'product_price': '£1.79', 'product_additionals': '(99.4p/100g)'}, {'shop': 'asda', 'url': 'https://groceries.asda.com/product/1000086367403', 'product_name': 'Cadbury Dairy Milk Mini Cookies', 'product_price': '£2.00', 'product_additionals': '(12.5p/each)'}, {'shop': 'tesco', 'url': 'https://www.tesco.com/groceries/en-GB/products/307145693', 'product_name': 'Cadbury Dairy Milk Mini Eggs Eggs 77G', 'product_price': '£ 1.00', 'product_additionals': '£1.30/100g'}, {'shop': 'asda', 'url': 'https://groceries.asda.com/product/910002053589', 'product_name': 'Cadbury Dairy Milk Mint Crisp', 'product_price': '£1.00', 'product_additionals': '(£1.85/100g)'}, {'shop': 'sains', 'url': 'https://www.sainsburys.co.uk/shop/gb/groceries/product/details/new-trending-special-offers/cadbury-dairy-milk-x9-293g', 'product_name': 'Cadbury Dairy Milk Multipack 10x292.5g', 'product_price': '£2.50', 'product_additionals': '99p / 100g'}, {'shop': 'tesco', 'url': 'https://www.tesco.com/groceries/en-GB/products/306939406', 'product_name': 'Cadbury Dairy Milk Orange Giant Buttons 110G', 'product_price': '£ 1.00', 'product_additionals': '£0.91/100g'}, {'shop': 'tesco', 'url': 'https://www.tesco.com/groceries/en-GB/products/307339406', 'product_name': 'Cadbury Dairy Milk Orange Giant Buttons Easter Egg 410G', 'product_price': '£ 10.00', 'product_additionals': '£2.44/100g'}, {'shop': 'tesco', 'url': 'https://www.tesco.com/groceries/en-GB/products/307341587', 'product_name': 'Cadbury Dairy Milk Oreo Easter Egg 233G', 'product_price': '£ 3.00', 'product_additionals': '£1.29/100g'}, {'shop': 'tesco', 'url': 'https://www.tesco.com/groceries/en-GB/products/307736656', 'product_name': 'Cadbury Dairy Milk Oreo Mini Eggs 72G', 'product_price': '£ 1.00', 'product_additionals': '£1.39/100g'}, {'shop': 'tesco', 'url': 'https://www.tesco.com/groceries/en-GB/products/307356760', 'product_name': 'Cadbury Dairy Milk Peter Rabbit Easter Egg 100G', 'product_price': '£ 10.00', 'product_additionals': '£10.00/100g'}, {'shop': 'tesco', 'url': 'https://www.tesco.com/groceries/en-GB/products/307342102', 'product_name': 'Cadbury Dairy Milk Peter Rabbit Egg 72G', 'product_price': '£ 6.00', 'product_additionals': '£8.34/100g'}, {'shop': 'tesco', 'url': 'https://www.tesco.com/groceries/en-GB/products/304787299', 'product_name': 'Cadbury Dairy Milk Pot Of Joy Caramel Dessert 4Pack 260G', 'product_price': '£ 2.00', 'product_additionals': '£0.77/100g'}, {'shop': 'tesco', 'url': 'https://www.tesco.com/groceries/en-GB/products/304787686', 'product_name': 'Cadbury Dairy Milk Pots Of Joy Chocolate Dessert 4Pack 260G', 'product_price': '£ 2.00', 'product_additionals': '£0.77/100g'}, {'shop': 'asda', 'url': 'https://groceries.asda.com/product/1000236571485', 'product_name': 'Cadbury Dairy Milk Small Chocolate Selection Pack', 'product_price': '£0.89', 'product_additionals': '(£1.00/100g)'}, {'shop': 'sains', 'url': 'https://www.sainsburys.co.uk/shop/gb/groceries/product/details/all-easter-eggs-and-chocolate-/cadbury-dairy-milk-small-hollow-chocolate-bunny-50g', 'product_name': 'Cadbury Dairy Milk Small Hollow Bunny 50g', 'product_price': '£1.00', 'product_additionals': '£2.00 / 100g'}, {'shop': 'tesco', 'url': 'https://www.tesco.com/groceries/en-GB/products/293795422', 'product_name': 'Cadbury Dairy Milk Stick 4X100ml', 'product_price': '£ 2.75', 'product_additionals': '£0.69/100ml'}, {'shop': 'asda', 'url': 'https://groceries.asda.com/product/910002053147', 'product_name': 'Cadbury Dairy Milk Tiffin', 'product_price': '£1.00', 'product_additionals': '(£1.89/100g)'}, {'shop': 'coop', 'url': 'https://www.coop.co.uk/products/cadbury-dairy-milk-tub-480ml', 'product_name': 'Cadbury Dairy Milk Tub 480ml', 'product_price': '£2.75', 'product_additionals': '480ml (57.3p per 100g)'}, {'shop': 'tesco', 'url': 'https://www.tesco.com/groceries/en-GB/products/292215294', 'product_name': 'Cadbury Dairy Milk Twirl Chocolate Bars X11 236.5G', 'product_price': '£ 2.00', 'product_additionals': '£0.85/100g'}, {'shop': 'tesco', 'url': 'https://www.tesco.com/groceries/en-GB/products/307361528', 'product_name': 'Cadbury Dairy Milk Ultimate Chopped Nut Easter Egg 518G', 'product_price': '£ 12.00', 'product_additionals': '£2.32/100g'}, {'shop': 'asda', 'url': 'https://groceries.asda.com/product/910000813043', 'product_name': 'Cadbury Dairy Milk Whole Nut Chocolate Bar', 'product_price': '£1.79', 'product_additionals': '(89.5p/100g)'}, {'shop': 'asda', 'url': 'https://groceries.asda.com/product/910000813156', 'product_name': 'Cadbury Dairy Milk Whole Nut Chocolate Bar', 'product_price': '£1.00', 'product_additionals': '(83.3p/100g)'}, {'shop': 'tesco', 'url': 'https://www.tesco.com/groceries/en-GB/products/275523231', 'product_name': 'Cadbury Dairy Milk Whole Nut Chocolate Bar 120G', 'product_price': '£ 0.98', 'product_additionals': '£0.82/100g'}, {'shop': 'asda', 'url': 'https://groceries.asda.com/product/910001148445', 'product_name': 'Cadbury Dairy Milk Winter Wonderland Chocolate Bar', 'product_price': '£1.00', 'product_additionals': '(£1.00/100g)'}, {'shop': 'tesco', 'url': 'https://www.tesco.com/groceries/en-GB/products/292286433', 'product_name': 'Cadbury Dairy Milk Wispa Bar 36G', 'product_price': '£ 0.60', 'product_additionals': '£1.67/100g'}, {'shop': 'asda', 'url': 'https://groceries.asda.com/product/1000137976642', 'product_name': 'Cadbury Dairy Milk with Caramel Muffins', 'product_price': '£1.00', 'product_additionals': 'No weight data'}, {'shop': 'asda', 'url': 'https://groceries.asda.com/product/910001139724', 'product_name': 'Cadbury Dairy Milk with Daim Chocolate Bar', 'product_price': '£1.00', 'product_additionals': '(83.3p/100g)'}, {'shop': 'asda', 'url': 'https://groceries.asda.com/product/910002489803', 'product_name': 'Cadbury Dairy Milk with Oreo Chocolate Bar', 'product_price': '£0.60', 'product_additionals': '(£1.46/100g)'}, {'shop': 'sains', 'url': 'https://www.sainsburys.co.uk/shop/gb/groceries/product/details/all-easter-eggs-and-chocolate-/cadbury-dairy-milk-with-oreo-minis-bag-82g', 'product_name': 'Cadbury Dairy Milk with Oreo Minis Bag 82g', 'product_price': '£1.00', 'product_additionals': '£1.39 / 100g'}, {'shop': 'asda', 'url': 'https://groceries.asda.com/product/1000198622413', 'product_name': 'Cadbury Dairy Milk with Oreo White Chocolate Bar', 'product_price': '£1.00', 'product_additionals': 'No weight data'}, {'shop': 'tesco', 'url': 'https://www.tesco.com/groceries/en-GB/products/301065629', 'product_name': 'Cadbury Dark Milk 85G', 'product_price': '£ 1.50', 'product_additionals': '£1.77/100g'}, {'shop': 'asda', 'url': 'https://groceries.asda.com/product/1000107814073', 'product_name': 'Cadbury Dark Milk Almond Chocolate Bar', 'product_price': '£1.00', 'product_additionals': '(£1.18/100g)'}, {'shop': 'coop', 'url': 'https://www.coop.co.uk/products/cadbury-dark-milk-buttons-105g', 'product_name': 'Cadbury Dark Milk Buttons 105g', 'product_price': '£1', 'product_additionals': '105g (95.2p per 100g)'}, {'shop': 'tesco', 'url': 'https://www.tesco.com/groceries/en-GB/products/303836642', 'product_name': 'Cadbury Dark Milk Chocolate 35G', 'product_price': '£ 0.60', 'product_additionals': '£1.72/100g'}, {'shop': 'asda', 'url': 'https://groceries.asda.com/product/1000107814029', 'product_name': 'Cadbury Dark Milk Chocolate Bar', 'product_price': '£1.00', 'product_additionals': '(£1.18/100g)'}, {'shop': 'tesco', 'url': 'https://www.tesco.com/groceries/en-GB/products/307142379', 'product_name': 'Cadbury Dark Milk Multipack 4Pack 112G', 'product_price': '£ 1.00', 'product_additionals': '£0.89/100g'}, {'shop': 'tesco', 'url': 'https://www.tesco.com/groceries/en-GB/products/303670831', 'product_name': 'Cadbury Dark Milk Salted Caramel 85G', 'product_price': '£ 1.50', 'product_additionals': '£1.77/100g'}, {'shop': 'asda', 'url': 'https://groceries.asda.com/product/1000107814079', 'product_name': 'Cadbury Dark Milk Salted Caramel Chocolate Bar', 'product_price': '£1.00', 'product_additionals': '(£1.18/100g)'}, {'shop': 'asda', 'url': 'https://groceries.asda.com/product/1000107814008', 'product_name': 'Cadbury Darkmilk Chocolate Bar', 'product_price': '£0.55', 'product_additionals': '(£1.57/100g)'}, {'shop': 'sains', 'url': 'https://www.sainsburys.co.uk/shop/gb/groceries/product/details/easter-special-offers/cadburys-dark-milk-egg-265g', 'product_name': 'Cadbury Darkmilk Chocolate Bar with Large Darkmilk Easter Egg 265g', 'product_price': '60p', 'product_additionals': '23p / 100g'}, {'shop': 'asda', 'url': 'https://groceries.asda.com/product/1000247072373', 'product_name': 'Cadbury Darkmilk Chocolate Bars 4 Pack', 'product_price': '£1.00', 'product_additionals': '(89.3p/100g)'}, {'shop': 'tesco', 'url': 'https://www.tesco.com/groceries/en-GB/products/308101790', 'product_name': 'Cadbury Darkmilk Chocolate Layered Dessert 2Pack 180G', 'product_price': '£ 1.30', 'product_additionals': '£0.72/100g'}, {'shop': 'asda', 'url': 'https://groceries.asda.com/product/1000196324556', 'product_name': 'Cadbury Darkmilk Crunchy Cocoa Pieces Chocolate Bar', 'product_price': '£1.00', 'product_additionals': '(£1.18/100g)'}, {'shop': 'tesco', 'url': 'https://www.tesco.com/groceries/en-GB/products/305977517', 'product_name': 'Cadbury Darkmilk Giant Buttons 105G', 'product_price': '£ 1.00', 'product_additionals': '£0.95/100g'}, {'shop': 'asda', 'url': 'https://groceries.asda.com/product/1000197281169', 'product_name': 'Cadbury Darkmilk Giant Buttons Chocolate Bag', 'product_price': '£1.00', 'product_additionals': '(95.2p/100g)'}, {'shop': 'tesco', 'url': 'https://www.tesco.com/groceries/en-GB/products/271650783', 'product_name': 'Cadbury Fair Trade Dairy Milk Little Bar 21G', 'product_price': '£ 0.26', 'product_additionals': '£1.24/100g'}, {'shop': 'tesco', 'url': 'https://www.tesco.com/groceries/en-GB/products/284384444', 'product_name': 'Cadbury Fingers Milk Chocolate 114G', 'product_price': '£ 1.50', 'product_additionals': '£1.32/100g'}, {'shop': 'tesco', 'url': 'https://www.tesco.com/groceries/en-GB/products/304797271', 'product_name': 'Cadbury Flake Milk Chocolate Dessert 85G', 'product_price': '£ 0.75', 'product_additionals': '£0.88/100g'}, {'shop': 'asda', 'url': 'https://groceries.asda.com/product/1000246258482', 'product_name': 'Cadbury Fudge Milk Chocolate Bar', 'product_price': '£0.25', 'product_additionals': '(£1.14/100g)'}, {'shop': 'asda', 'url': 'https://groceries.asda.com/product/1000018796226', 'product_name': 'Cadbury Highlights Milk Hot Chocolate', 'product_price': '£3.99', 'product_additionals': '(£1.81/100g)'}, {'shop': 'tesco', 'url': 'https://www.tesco.com/groceries/en-GB/products/273566384', 'product_name': 'Cadbury Highlights Milk Stickpack11g', 'product_price': '£ 0.32', 'product_additionals': '£2.91/100g'}, {'shop': 'asda', 'url': 'https://groceries.asda.com/product/1000094101717', 'product_name': 'Cadbury Milk Chocolate and Oreo Tree Decorations 14 Pack', 'product_price': '£2.50', 'product_additionals': '(£1.84/100g)'}, {'shop': 'tesco', 'url': 'https://www.tesco.com/groceries/en-GB/products/307147005', 'product_name': 'Cadbury Milk Chocolate Giant Buttons Share Bag 240G', 'product_price': '£ 2.00', 'product_additionals': '£0.83/100g'}, {'shop': 'tesco', 'url': 'https://www.tesco.com/groceries/en-GB/products/306927207', 'product_name': 'Cadbury Milk Chocolate Orange Fingers 114G', 'product_price': '£ 1.55', 'product_additionals': '£1.36/100g'}, {'shop': 'tesco', 'url': 'https://www.tesco.com/groceries/en-GB/products/286581530', 'product_name': 'Cadbury Milk Chocolate Puddings 2X95g', 'product_price': '£ 1.50', 'product_additionals': '£7.90/kg'}, {'shop': 'asda', 'url': 'https://groceries.asda.com/product/910002235262', 'product_name': 'Cadbury Milk Chocolate Spread', 'product_price': '£3.00', 'product_additionals': '(42.9p/100g)'}, {'shop': 'asda', 'url': 'https://groceries.asda.com/product/910001507912', 'product_name': 'Cadbury Milk Chocolate Sticky Puds', 'product_price': '£1.67', 'product_additionals': '(83.5p/each)'}, {'shop': 'asda', 'url': 'https://groceries.asda.com/product/910000464913', 'product_name': 'Cadbury Milk Chocolate Tree Decorations 9 Pack', 'product_price': '£1.50', 'product_additionals': '(£1.79/100g)'}, {'shop': 'coop', 'url': 'https://www.coop.co.uk/products/cadbury-milk-tray-530g', 'product_name': 'Cadbury Milk Tray 530g', 'product_price': '£12', 'product_additionals': '£1.12 per 100g\n530g'}, {'shop': 'tesco', 'url': 'https://www.tesco.com/groceries/en-GB/products/290504888', 'product_name': 'Cadbury Milk Tray Boxed Chocolates 360G', 'product_price': '£ 4.00', 'product_additionals': '£1.12/100g'}, {'shop': 'asda', 'url': 'https://groceries.asda.com/product/910002052812', 'product_name': 'Cadbury Milk Tray Chocolate Box', 'product_price': '£3.00', 'product_additionals': '(83.3p/100g)'}, {'shop': 'asda', 'url': 'https://groceries.asda.com/product/910002052877', 'product_name': 'Cadbury Milk Tray Chocolate Box', 'product_price': '£1.00', 'product_additionals': '(£1.28/100g)'}, {'shop': 'sains', 'url': 'https://www.sainsburys.co.uk/shop/gb/groceries/product/details/boxedchocolates/cadbury-chocolate-milk-tray-360g', 'product_name': 'Cadbury Milk Tray Chocolate Box 360g', 'product_price': '£6.00', 'product_additionals': '£1.67 / 100g'}, {'shop': 'sains', 'url': 'https://www.sainsburys.co.uk/shop/gb/groceries/product/details/chocolate-and-sweets-/cadbury-chocolate-milk-tray-360g', 'product_name': 'Cadbury Milk Tray Chocolate Box 360g', 'product_price': '£6.00', 'product_additionals': '£1.67 / 100g'}, {'shop': 'sains', 'url': 'https://www.sainsburys.co.uk/shop/gb/groceries/product/details/easter-special-offers/cadbury-chocolate-milk-tray-360g', 'product_name': 'Cadbury Milk Tray Chocolate Box 360g', 'product_price': '£6.00', 'product_additionals': '£1.67 / 100g'}, {'shop': 'sains', 'url': 'https://www.sainsburys.co.uk/shop/gb/groceries/product/details/special-offers-/cadbury-chocolate-milk-tray-360g', 'product_name': 'Cadbury Milk Tray Chocolate Box 360g', 'product_price': '£6.00', 'product_additionals': '£1.67 / 100g'}, {'shop': 'sains', 'url': 'https://www.sainsburys.co.uk/shop/gb/groceries/product/details/boxedchocolates/cadbury-milk-tray-chocolate-box-530g', 'product_name': 'Cadbury Milk Tray Chocolate Box 530g', 'product_price': '£6.00', 'product_additionals': '£1.13 / 100g'}, {'shop': 'tesco', 'url': 'https://www.tesco.com/groceries/en-GB/products/295848830', 'product_name': 'Cadbury Mini Rolls Milk Chocolate 10 Pack', 'product_price': '£ 2.60', 'product_additionals': '£0.26/each'}, {'shop': 'asda', 'url': 'https://groceries.asda.com/product/1000160202684', 'product_name': 'Cadbury Pots of Joy Dairy Milk Caramel Dessert', 'product_price': '£2.00', 'product_additionals': '(76.9p/100g)'}, {'shop': 'asda', 'url': 'https://groceries.asda.com/product/1000160202768', 'product_name': 'Cadbury Pots of Joy Dairy Milk Chocolate Dessert', 'product_price': '£2.00', 'product_additionals': '(76.9p/100g)'}, {'shop': 'tesco', 'url': 'https://www.tesco.com/groceries/en-GB/products/306660176', 'product_name': 'Cadbury Roundie Milk Chocolate Biscuit 180G', 'product_price': '£ 1.99', 'product_additionals': '£1.11/100g'}, {'shop': 'asda', 'url': 'https://groceries.asda.com/product/1000214684777', 'product_name': 'Cadbury Roundie Milk Chocolate Biscuits 6 Pack', 'product_price': '£1.99', 'product_additionals': '(£1.11/100g)'}, {'shop': 'coop', 'url': 'https://www.coop.co.uk/products/cadburys-dairy-milk-mini-cones-8-pack', 'product_name': 'Cadburys Dairy Milk Mini Cones 8 Pack', 'product_price': '£2.80', 'product_additionals': '(35p per item)\n8 pack'}, {'shop': 'tesco', 'url': 'https://www.tesco.com/groceries/en-GB/products/295375571', 'product_name': 'Cake Decor Choco Writer Milk Chocolate 80G', 'product_price': '£ 1.50', 'product_additionals': '£1.88/100g'}, {'shop': 'asda', 'url': 'https://groceries.asda.com/product/1000005550468', 'product_name': 'Camelicious Long Life Whole Camel Milk', 'product_price': '£2.75', 'product_additionals': '(£1.17/100ml)'}, {'shop': 'asda', 'url': 'https://groceries.asda.com/product/910002380756', 'product_name': 'Caribbean Choice Coconut Milk', 'product_price': '£0.63', 'product_additionals': '(15.8p/100ml)'}, {'shop': 'asda', 'url': 'https://groceries.asda.com/product/1905507', 'product_name': 'Carnation Condensed Milk', 'product_price': '£1.39', 'product_additionals': '(35.0p/100g)'}, {'shop': 'asda', 'url': 'https://groceries.asda.com/product/19432', 'product_name': 'Carnation Evaporated Milk', 'product_price': '£1.10', 'product_additionals': '(26.8p/100g)'}, {'shop': 'asda', 'url': 'https://groceries.asda.com/product/19431', 'product_name': 'Carnation Evaporated Milk', 'product_price': '£0.70', 'product_additionals': '(41.2p/100g)'}, {'shop': 'tesco', 'url': 'https://www.tesco.com/groceries/en-GB/products/254902431', 'product_name': 'Carnation Evaporated Milk 170G', 'product_price': '£ 0.70', 'product_additionals': '£4.12/kg'}, {'shop': 'tesco', 'url': 'https://www.tesco.com/groceries/en-GB/products/254902477', 'product_name': 'Carnation Evaporated Milk 410G-14.5 Oz Can', 'product_price': '£ 1.00', 'product_additionals': '£2.44/kg'}, {'shop': 'asda', 'url': 'https://groceries.asda.com/product/1905509', 'product_name': 'Carnation Light Condensed Milk', 'product_price': '£1.39', 'product_additionals': '(34.3p/100g)'}, {'shop': 'tesco', 'url': 'https://www.tesco.com/groceries/en-GB/products/258049553', 'product_name': 'Carnation Light Condensed Milk 405G', 'product_price': '£ 1.39', 'product_additionals': '£3.44/kg'}, {'shop': 'tesco', 'url': 'https://www.tesco.com/groceries/en-GB/products/252395497', 'product_name': 'Carnation Light Evaporated Milk 410G', 'product_price': '£ 1.00', 'product_additionals': '£2.44/kg'}, {'shop': 'tesco', 'url': 'https://www.tesco.com/groceries/en-GB/products/258050084', 'product_name': 'Carnation Sweetened Condensed Milk 397G', 'product_price': '£ 1.39', 'product_additionals': '£3.51/kg'}, {'shop': 'tesco', 'url': 'https://www.tesco.com/groceries/en-GB/products/307332650', 'product_name': 'Carnation Vegan Condensed Milk Alternative 370G', 'product_price': '£ 1.70', 'product_additionals': '£4.60/kg'}, {'shop': 'tesco', 'url': 'https://www.tesco.com/groceries/en-GB/products/287230737', 'product_name': 'Celebrations Large Milk Chocolate Easter Egg & Chocolates 248G', 'product_price': '£ 3.00', 'product_additionals': '£1.21/100g'}, {'shop': 'tesco', 'url': 'https://www.tesco.com/groceries/en-GB/products/304793718', 'product_name': 'Celebrations Milk Chocolate Egg With 14 Mini Chocolates 305G', 'product_price': '£ 5.00', 'product_additionals': '£1.64/100g'}, {'shop': 'coop', 'url': 'https://www.coop.co.uk/products/co-op-i-love-you-more-than-chocolate-solid-milk-chocolate-shapes-85g', 'product_name': "Co-op 'I Love You More Than Chocolate' Solid Milk Chocolate Shapes 85g", 'product_price': '£1', 'product_additionals': '85g (£1.18 per 100g)'}, {'shop': 'coop', 'url': 'https://www.coop.co.uk/products/co-op-british-fresh-semi-skimmed-milk-1-pint-568ml', 'product_name': 'Co-op British Fresh Semi-Skimmed Milk 1 Pint 568ml', 'product_price': '£0.52', 'product_additionals': '568ml (9p per 100ml)\n1x568ml'}, {'shop': 'coop', 'url': 'https://www.coop.co.uk/products/co-op-free-from-chocolate-stick-4-pack', 'product_name': 'Co-op Free From Choc Sticks 4x76g (304g) - Milk Free', 'product_price': '£2.50', 'product_additionals': '304g (82.2p per 100g)\n4 pack'}, {'shop': 'coop', 'url': 'https://www.coop.co.uk/products/co-op-irresistible-milk-almond-and-sea-salt-100g', 'product_name': 'Co-op Irresistible Milk Chocolate with Almond & Sicilian Sea Salt 100g', 'product_price': '£1.60', 'product_additionals': '100g (£1.28 per 100g)'}, {'shop': 'sains', 'url': 'https://www.sainsburys.co.uk/shop/gb/groceries/product/details/dairy-eggs-special-offers/cocio-classic-chocolate-milk-600ml', 'product_name': 'Cocio Classic Chocolate Milk 600ml', 'product_price': '£2.00', 'product_additionals': '£3.34 / ltr'}, {'shop': 'sains', 'url': 'https://www.sainsburys.co.uk/shop/gb/groceries/product/details/easter-special-offers/cocoa-et-co-milk-chocolate-bunny-405g', 'product_name': 'Cocoa & Co. Belgian Milk Chocolate Bunny 405g', 'product_price': '£8.00', 'product_additionals': '£1.98 / 100g'}, {'shop': 'sains', 'url': 'https://www.sainsburys.co.uk/shop/gb/groceries/product/details/easter-special-offers/cocoa-co-belgian-milk-chocolate-egg-150g', 'product_name': 'Cocoa & Co. Belgian Milk Chocolate Egg 150g', 'product_price': '£5.00', 'product_additionals': '£3.33 / 100g'}, {'shop': 'sains', 'url': 'https://www.sainsburys.co.uk/shop/gb/groceries/product/details/all-easter-/cocoa-co-belgian-milk-chocolate-egg-150g', 'product_name': 'Cocoa & Co. Belgian Milk Chocolate Egg 150g', 'product_price': '£5.00', 'product_additionals': '£3.33 / 100g'}, {'shop': 'tesco', 'url': 'https://www.tesco.com/groceries/en-GB/products/285963725', 'product_name': 'Collagen+ Beauty Milk 200Ml', 'product_price': '£ 2.00', 'product_additionals': '£1.00/100ml'}, {'shop': 'asda', 'url': 'https://groceries.asda.com/product/1000244431906', 'product_name': 'Collection Lasting Perfection Foundation, Buttermilk Sh10', 'product_price': '£6.48', 'product_additionals': '(£2.40/10ml)'}, {'shop': 'tesco', 'url': 'https://www.tesco.com/groceries/en-GB/products/305964757', 'product_name': 'Collective Kefir Mango Cultured Milk Drink 500Ml', 'product_price': '£ 2.00', 'product_additionals': '£0.40/100ml'}, {'shop': 'asda', 'url': 'https://groceries.asda.com/product/1000210856879', 'product_name': 'Costa Dolce Gusto Compatible Signature Blend Latte 8 Milk & 8 Coffee Pods', 'product_price': '£4.50', 'product_additionals': '(£1.59/100g)'}, {'shop': 'asda', 'url': 'https://groceries.asda.com/product/1000053469133', 'product_name': 'Cow & Gate 1 Anti-Reflux Milk Powder Formula From Birth', 'product_price': '£10.50', 'product_additionals': 'No weight data'}, {'shop': 'asda', 'url': 'https://groceries.asda.com/product/1000053469250', 'product_name': 'Cow & Gate 1 Comfort Milk Powder Formula From Birth', 'product_price': '£10.50', 'product_additionals': 'No weight data'}, {'shop': 'asda', 'url': 'https://groceries.asda.com/product/1000196707103', 'product_name': 'Cow & Gate 1 First Baby Milk Formula From Birth Big Pack', 'product_price': '£11.00', 'product_additionals': 'No weight data'}, {'shop': 'asda', 'url': 'https://groceries.asda.com/product/1000195178821', 'product_name': 'Cow & Gate 1 First Baby Milk Powder Formula Sachets From Birth', 'product_price': '£6.00', 'product_additionals': 'No weight data'}, {'shop': 'asda', 'url': 'https://groceries.asda.com/product/910001060946', 'product_name': 'Cow & Gate 1 First Infant Milk Liquid Ready To Feed Formula From Birth', 'product_price': '£0.75', 'product_additionals': 'No weight data'}, {'shop': 'asda', 'url': 'https://groceries.asda.com/product/910000812908', 'product_name': 'Cow & Gate 1 First Infant Milk Liquid Ready To Feed Formula From Birth', 'product_price': '£3.20', 'product_additionals': 'No weight data'}, {'shop': 'asda', 'url': 'https://groceries.asda.com/product/910001707158', 'product_name': 'Cow & Gate 1 First Infant Milk Liquid Ready To Feed Formula From Birth', 'product_price': '£2.80', 'product_additionals': 'No weight data'}, {'shop': 'asda', 'url': 'https://groceries.asda.com/product/910001386943', 'product_name': 'Cow & Gate 1 First Infant Milk Liquid Ready To Feed Starter Pack From Birth', 'product_price': '£6.40', 'product_additionals': 'No weight data'}, {'shop': 'asda', 'url': 'https://groceries.asda.com/product/1000053469140', 'product_name': 'Cow & Gate 1 First Infant Milk Powder Formula From Birth', 'product_price': '£7.45', 'product_additionals': 'No weight data'}, {'shop': 'tesco', 'url': 'https://www.tesco.com/groceries/en-GB/products/273752014', 'product_name': 'Cow & Gate 1 First Milk 1 Litre Ready To Feed Liquid', 'product_price': '£ 3.20', 'product_additionals': '£3.20/litre'}, {'shop': 'tesco', 'url': 'https://www.tesco.com/groceries/en-GB/products/286866516', 'product_name': 'Cow & Gate 1 First Milk Multipack 4X200ml Ready To Feed Liquid', 'product_price': '£ 2.80', 'product_additionals': '£3.50/litre'}, {'shop': 'tesco', 'url': 'https://www.tesco.com/groceries/en-GB/products/301359789', 'product_name': 'Cow & Gate 1 First Milk Powder 800G', 'product_price': '£ 8.00', 'product_additionals': '£1.00/100g'}, {'shop': 'tesco', 'url': 'https://www.tesco.com/groceries/en-GB/products/283467953', 'product_name': 'Cow & Gate 1 First Milk Starter Pack 6X70ml Ready To Feed Liquid', 'product_price': '£ 6.50', 'product_additionals': '£15.48/litre'}, {'shop': 'asda', 'url': 'https://groceries.asda.com/product/1000053468973', 'product_name': 'Cow & Gate 1 Hungry Milk Powder Formula From Birth', 'product_price': '£8.00', 'product_additionals': 'No weight data'}, {'shop': 'tesco', 'url': 'https://www.tesco.com/groceries/en-GB/products/281197852', 'product_name': 'Cow & Gate 1-2 Years Growing Up Milk 1-2Yr 200Ml', 'product_price': '£ 0.65', 'product_additionals': '£3.25/litre'}, {'shop': 'asda', 'url': 'https://groceries.asda.com/product/1000196707073', 'product_name': 'Cow & Gate 2 Follow On Baby Milk Formula Big Pack 6+ Months', 'product_price': '£11.00', 'product_additionals': 'No weight data'}, {'shop': 'asda', 'url': 'https://groceries.asda.com/product/1000195178752', 'product_name': 'Cow & Gate 2 Follow On Baby Milk Powder Formula Sachets 6-12 Months', 'product_price': '£6.00', 'product_additionals': 'No weight data'}, {'shop': 'tesco', 'url': 'https://www.tesco.com/groceries/en-GB/products/281197751', 'product_name': 'Cow & Gate 2 Follow On Milk 200Ml Ready To Feed Liquid', 'product_price': '£ 0.75', 'product_additionals': '£3.75/litre'}, {'shop': 'asda', 'url': 'https://groceries.asda.com/product/910001061451', 'product_name': 'Cow & Gate 2 Follow On Milk Liquid Ready To Feed Formula 6-12 Months', 'product_price': '£0.75', 'product_additionals': 'No weight data'}, {'shop': 'asda', 'url': 'https://groceries.asda.com/product/910001706771', 'product_name': 'Cow & Gate 2 Follow On Milk Liquid Ready To Feed Formula 6-12 Months', 'product_price': '£2.80', 'product_additionals': 'No weight data'}, {'shop': 'tesco', 'url': 'https://www.tesco.com/groceries/en-GB/products/286866292', 'product_name': 'Cow & Gate 2 Follow On Milk Multipack 4X200ml Ready To Feed Liquid', 'product_price': '£ 2.60', 'product_additionals': '£3.25/litre'}, {'shop': 'tesco', 'url': 'https://www.tesco.com/groceries/en-GB/products/301359806', 'product_name': 'Cow & Gate 2 Follow On Milk Powder 800G', 'product_price': '£ 8.00', 'product_additionals': '£1.00/100g'}, {'shop': 'asda', 'url': 'https://groceries.asda.com/product/1000053469007', 'product_name': 'Cow & Gate 2 Follow On Milk Powder Formula 6-12 Months', 'product_price': '£6.65', 'product_additionals': 'No weight data'}, {'shop': 'asda', 'url': 'https://groceries.asda.com/product/1000002091606', 'product_name': 'Cow & Gate 3 Growing Up Milk Liquid Ready To Feed Formula 1-2 Years', 'product_price': '£7.00', 'product_additionals': 'No weight data'}, {'shop': 'asda', 'url': 'https://groceries.asda.com/product/910001243740', 'product_name': 'Cow & Gate 3 Growing Up Milk Liquid Ready To Feed Formula 1-2 Years', 'product_price': '£0.65', 'product_additionals': 'No weight data'}, {'shop': 'tesco', 'url': 'https://www.tesco.com/groceries/en-GB/products/301359829', 'product_name': 'Cow & Gate 3 Growing Up Milk Powder 1+Yrs 800G', 'product_price': '£ 8.00', 'product_additionals': '£1.00/100g'}, {'shop': 'asda', 'url': 'https://groceries.asda.com/product/1000053469217', 'product_name': 'Cow & Gate 3 Growing Up Milk Powder Formula 1-2 Years', 'product_price': '£6.65', 'product_additionals': 'No weight data'}, {'shop': 'asda', 'url': 'https://groceries.asda.com/product/1000195178786', 'product_name': 'Cow & Gate 3 Growing Up Milk Powder Formula Sachets 1-2 Years', 'product_price': '£5.75', 'product_additionals': 'No weight data'}, {'shop': 'tesco', 'url': 'https://www.tesco.com/groceries/en-GB/products/268739729', 'product_name': 'Cow & Gate 4 Growing Up Milk Powder 2+ Years 800G', 'product_price': '£ 8.00', 'product_additionals': '£10.00/kg'}, {'shop': 'asda', 'url': 'https://groceries.asda.com/product/910000435414', 'product_name': 'Cow & Gate 4 Growing Up Milk Powder Formula 2-3 Years', 'product_price': '£6.70', 'product_additionals': 'No weight data'}, {'shop': 'tesco', 'url': 'https://www.tesco.com/groceries/en-GB/products/301359864', 'product_name': 'Cow & Gate Anti Reflux Milk Powder 800G', 'product_price': '£ 10.50', 'product_additionals': '£1.32/100g'}, {'shop': 'tesco', 'url': 'https://www.tesco.com/groceries/en-GB/products/301359887', 'product_name': 'Cow & Gate Comfort Milk Powder 800G', 'product_price': '£ 10.50', 'product_additionals': '£1.32/100g'}, {'shop': 'tesco', 'url': 'https://www.tesco.com/groceries/en-GB/products/305732122', 'product_name': 'Cow & Gate First Infant Milk 1.2Kg Big Pack', 'product_price': '£ 11.00', 'product_additionals': '£9.17/kg'}, {'shop': 'tesco', 'url': 'https://www.tesco.com/groceries/en-GB/products/281185051', 'product_name': 'Cow & Gate First Milk 200Ml', 'product_price': '£ 0.75', 'product_additionals': '£3.75/litre'}, {'shop': 'tesco', 'url': 'https://www.tesco.com/groceries/en-GB/products/305733576', 'product_name': 'Cow & Gate Follow On Milk 6-12 Months 1.2Kg', 'product_price': '£ 11.00', 'product_additionals': '£9.17/kg'}, {'shop': 'tesco', 'url': 'https://www.tesco.com/groceries/en-GB/products/281185137', 'product_name': 'Cow & Gate Hungry Milk 200Ml', 'product_price': '£ 0.75', 'product_additionals': '£3.75/litre'}, {'shop': 'tesco', 'url': 'https://www.tesco.com/groceries/en-GB/products/301359841', 'product_name': 'Cow & Gate Hungry Milk Powder 800G', 'product_price': '£ 8.00', 'product_additionals': '£1.00/100g'}, {'shop': 'tesco', 'url': 'https://www.tesco.com/groceries/en-GB/products/260086626', 'product_name': 'Cravendale Pure Filtered Semi Skimmed Milk 1L', 'product_price': '£ 1.10', 'product_additionals': '£1.10/litre'}, {'shop': 'sains', 'url': 'https://www.sainsburys.co.uk/shop/gb/groceries/product/details/milk-fresh-milk/cravendale-purefilter-semi-skimmed-1l', 'product_name': 'Cravendale Purefilter Semi Skimmed Milk 1L', 'product_price': '£1.15', 'product_additionals': '£1.15 / ltr'}, {'shop': 'sains', 'url': 'https://www.sainsburys.co.uk/shop/gb/groceries/product/details/top-rated-44/cravendale-purefilter-semi-skimmed-1l', 'product_name': 'Cravendale Purefilter Semi Skimmed Milk 1L', 'product_price': '£1.15', 'product_additionals': '£1.15 / ltr'}, {'shop': 'sains', 'url': 'https://www.sainsburys.co.uk/shop/gb/groceries/product/details/dairy-eggs-special-offers/cravendale-skimmed-milk-2l', 'product_name': 'Cravendale Purefilter Skimmed Milk 2L', 'product_price': '£1.60', 'product_additionals': '80p / ltr'}, {'shop': 'sains', 'url': 'https://www.sainsburys.co.uk/shop/gb/groceries/product/details/coffee-shop/cravendale-skimmed-milk-2l', 'product_name': 'Cravendale Purefilter Skimmed Milk 2L', 'product_price': '£1.60', 'product_additionals': '80p / ltr'}, {'shop': 'sains', 'url': 'https://www.sainsburys.co.uk/shop/gb/groceries/product/details/milk-fresh-milk/cravendale-purefilter-whole-milk-1l', 'product_name': 'Cravendale Purefilter Whole Milk 1L', 'product_price': '£1.15', 'product_additionals': '£1.15 / ltr'}, {'shop': 'tesco', 'url': 'https://www.tesco.com/groceries/en-GB/products/257265436', 'product_name': 'Cravendale Purfiltre Fresh Whole Milk 2 Litre', 'product_price': '£ 1.85', 'product_additionals': '£0.92/litre'}, {'shop': 'asda', 'url': 'https://groceries.asda.com/product/32088739', 'product_name': 'Cravendale Semi Skimmed Milk', 'product_price': '£1.10', 'product_additionals': 'No weight data'}, {'shop': 'asda', 'url': 'https://groceries.asda.com/product/36888', 'product_name': 'Cravendale Semi Skimmed Milk', 'product_price': '£1.65', 'product_additionals': 'No weight data'}, {'shop': 'tesco', 'url': 'https://www.tesco.com/groceries/en-GB/products/257264875', 'product_name': 'Cravendale Semi Skimmed Milk 2 Litre', 'product_price': '£ 1.85', 'product_additionals': '£0.92/litre'}, {'shop': 'asda', 'url': 'https://groceries.asda.com/product/36887', 'product_name': 'Cravendale Whole Milk', 'product_price': '£1.65', 'product_additionals': 'No weight data'}, {'shop': 'tesco', 'url': 'https://www.tesco.com/groceries/en-GB/products/276606921', 'product_name': 'Cravendale Whole Milk 1 Litre', 'product_price': '£ 1.10', 'product_additionals': '£1.10/litre'}, {'shop': 'tesco', 'url': 'https://www.tesco.com/groceries/en-GB/products/299914279', 'product_name': 'Creamfields Uht Semi Skimmed Milk 1 Litre', 'product_price': '£ 0.55', 'product_additionals': '£0.55/litre'}, {'shop': 'tesco', 'url': 'https://www.tesco.com/groceries/en-GB/products/299914291', 'product_name': 'Creamfields Uht Skimmed Milk 1 Litre', 'product_price': '£ 0.50', 'product_additionals': '£0.50/litre'}, {'shop': 'tesco', 'url': 'https://www.tesco.com/groceries/en-GB/products/304794343', 'product_name': 'Crusha Milkshake Mix Cookies & Cream 500Ml', 'product_price': '£ 2.00', 'product_additionals': '£0.40/100ml'}, {'shop': 'asda', 'url': 'https://groceries.asda.com/product/910002995497', 'product_name': 'Crusha No Added Sugar Chocolate Flavour Milkshake Mix', 'product_price': '£2.00', 'product_additionals': '(27.0p/100ml)'}, {'shop': 'asda', 'url': 'https://groceries.asda.com/product/24544845', 'product_name': 'Crusha No Added Sugar Strawberry Flavour Milkshake Mix', 'product_price': '£2.00', 'product_additionals': '(27.0p/100ml)'}, {'shop': 'asda', 'url': 'https://groceries.asda.com/product/1000235769319', 'product_name': 'Dairy Box Milk Chocolate Box', 'product_price': '£4.00', 'product_additionals': '(£1.11/100g)'}, {'shop': 'tesco', 'url': 'https://www.tesco.com/groceries/en-GB/products/307164537', 'product_name': 'Dairy Box Milk Chocolate Classic Collection 360G', 'product_price': '£ 4.00', 'product_additionals': '£1.12/100g'}, {'shop': 'asda', 'url': 'https://groceries.asda.com/product/910003085548', 'product_name': 'Dairy Farmers Free Range Semi Skimmed Milk', 'product_price': '£0.90', 'product_additionals': 'No weight data'}, {'shop': 'asda', 'url': 'https://groceries.asda.com/product/910003085549', 'product_name': 'Dairy Farmers Free Range Semi Skimmed Milk', 'product_price': '£1.60', 'product_additionals': 'No weight data'}, {'shop': 'asda', 'url': 'https://groceries.asda.com/product/910003085059', 'product_name': 'Dairy Farmers Free Range Whole Milk', 'product_price': '£1.60', 'product_additionals': 'No weight data'}, {'shop': 'asda', 'url': 'https://groceries.asda.com/product/910003085376', 'product_name': 'Dairy Farmers Free Range Whole Milk', 'product_price': '£0.90', 'product_additionals': 'No weight data'}, {'shop': 'sains', 'url': 'https://www.sainsburys.co.uk/shop/gb/groceries/product/details/aldi-price-match/dairy-pride-uht-skimmed-milk-1l', 'product_name': 'Dairy Pride UHT Skimmed Milk 1L', 'product_price': '50p', 'product_additionals': '50p / ltr'}, {'shop': 'asda', 'url': 'https://groceries.asda.com/product/1000118028700', 'product_name': 'Dairylea Snackers Cheese & Crackers with Cadbury Dairy Milk Giant Buttons', 'product_price': '£1.55', 'product_additionals': '(£21.29/kg)'}, {'shop': 'sains', 'url': 'https://www.sainsburys.co.uk/shop/gb/groceries/product/details/dairy-all-cheese/dairylea-snackers-cheese-crackers-with-cadbury-dairy-milk-giant-buttons-73g', 'product_name': 'Dairylea Snackers Cheese & Crackers with Cadbury Dairy Milk Giant Buttons 73g', 'product_price': '£1.00', 'product_additionals': '£13.89 / kg'}, {'shop': 'sains', 'url': 'https://www.sainsburys.co.uk/shop/gb/groceries/product/details/cooking-and-baking-butters-and-spreads/dale-farm-butter-milk-568ml', 'product_name': 'Dale Farm Butter Milk 568ml', 'product_price': '60p', 'product_additionals': '£1.06 / ltr'}, {'shop': 'sains', 'url': 'https://www.sainsburys.co.uk/shop/gb/groceries/product/details/cream-custard/dale-farm-butter-milk-568ml', 'product_name': 'Dale Farm Butter Milk 568ml', 'product_price': '60p', 'product_additionals': '£1.06 / ltr'}, {'shop': 'sains', 'url': 'https://www.sainsburys.co.uk/shop/gb/groceries/product/details/milk-fresh-milk/dalefarm-organic-semi-skimmed-milk-1l', 'product_name': 'Dale Farm Organic Semi Skimmed Milk 1L', 'product_price': '£1.15', 'product_additionals': '£1.15 / ltr'}, {'shop': 'tesco', 'url': 'https://www.tesco.com/groceries/en-GB/products/258104839', 'product_name': 'Delamere Dairy Sterilised Longlife Semi Skimmed Milk 1L', 'product_price': '£ 1.10', 'product_additionals': '£1.10/litre'}, {'shop': 'tesco', 'url': 'https://www.tesco.com/groceries/en-GB/products/258126721', 'product_name': 'Delamere Dairy Sterilised Longlife Whole Milk 1L', 'product_price': '£ 1.10', 'product_additionals': '£1.10/litre'}, {'shop': 'asda', 'url': 'https://groceries.asda.com/product/1802943', 'product_name': 'Delamere Semi Skimmed Goats Milk Chilled', 'product_price': '£1.60', 'product_additionals': 'No weight data'}, {'shop': 'tesco', 'url': 'https://www.tesco.com/groceries/en-GB/products/256659600', 'product_name': 'Delamere Skimmed Sterilised Milk 1L', 'product_price': '£ 1.10', 'product_additionals': '£1.10/litre'}, {'shop': 'asda', 'url': 'https://groceries.asda.com/product/30701', 'product_name': 'Delamere Whole Goats Milk Chilled', 'product_price': '£1.60', 'product_additionals': 'No weight data'}, {'shop': 'asda', 'url': 'https://groceries.asda.com/product/1000119739216', 'product_name': 'Delamere Whole Milk', 'product_price': '£1.10', 'product_additionals': '(£1.10/lt)'}, {'shop': 'asda', 'url': 'https://groceries.asda.com/product/910000202645', 'product_name': 'Desi Wholemilk Natural Yogurt', 'product_price': '£0.67', 'product_additionals': '(15.8p/100g)'}, {'shop': 'asda', 'url': 'https://groceries.asda.com/product/1000158056045', 'product_name': 'Dove Purely Pampering Milk & Coconut Body Wash', 'product_price': '£0.98', 'product_additionals': '(43.6p/100ml)'}, {'shop': 'tesco', 'url': 'https://www.tesco.com/groceries/en-GB/products/273714423', 'product_name': 'Dr Oetker Fine Cooks Chocolate Milk 150G', 'product_price': '£ 1.70', 'product_additionals': '£1.14/100g'}, {'shop': 'tesco', 'url': 'https://www.tesco.com/groceries/en-GB/products/302142554', 'product_name': 'Dr Oetker Jumbo Milk Chocolate Chips 125G', 'product_price': '£ 1.60', 'product_additionals': '£1.28/100g'}, {'shop': 'tesco', 'url': 'https://www.tesco.com/groceries/en-GB/products/271189367', 'product_name': 'Dr Oetker Milk Chocolate Chunks 100G', 'product_price': '£ 1.60', 'product_additionals': '£1.60/100g'}, {'shop': 'asda', 'url': 'https://groceries.asda.com/product/910000887223', 'product_name': 'Dr. Moo Quick Chocolate Milk Magic Sipper', 'product_price': '£1.00', 'product_additionals': '(£1.67/100g)'}, {'shop': 'asda', 'url': 'https://groceries.asda.com/product/910000886985', 'product_name': 'Dr. Moo Quick Strawberry Milk Magic Sipper', 'product_price': '£1.00', 'product_additionals': '(£1.67/100g)'}, {'shop': 'asda', 'url': 'https://groceries.asda.com/product/910000409509', 'product_name': 'Dr. Oetker 35% Milk Chocolate Bar', 'product_price': '£1.69', 'product_additionals': '(£1.13/100g)'}, {'shop': 'asda', 'url': 'https://groceries.asda.com/product/1000249319157', 'product_name': 'Dr. Oetker Milk Chocolate', 'product_price': '£1.79', 'product_additionals': '(£1.19/100g)'}, {'shop': 'asda', 'url': 'https://groceries.asda.com/product/910001155954', 'product_name': 'Dr. Oetker Milk Chocolate Chunks', 'product_price': '£1.59', 'product_additionals': '(£1.59/100g)'}, {'shop': 'asda', 'url': 'https://groceries.asda.com/product/1000249319261', 'product_name': 'Dr. Oetker Milk Chocolate Drops', 'product_price': '£1.79', 'product_additionals': '(£1.19/100g)'}, {'shop': 'asda', 'url': 'https://groceries.asda.com/product/1000140068981', 'product_name': "Dunn's River Coconut Milk", 'product_price': '£1.00', 'product_additionals': '(25.0p/100ml)'}, {'shop': 'asda', 'url': 'https://groceries.asda.com/product/1000046667771', 'product_name': "Dunn's River Nurishment Original Milk Drink Vanilla Flavour", 'product_price': '£1.40', 'product_additionals': '(35.0p/100g)'}, {'shop': 'asda', 'url': 'https://groceries.asda.com/product/910002046737', 'product_name': "Dunn's River Original Banana Flavour Milk Drink", 'product_price': '£1.40', 'product_additionals': '(35.0p/100g)'}, {'shop': 'asda', 'url': 'https://groceries.asda.com/product/910002047153', 'product_name': "Dunn's River Original Chocolate Flavoured Milk Drink", 'product_price': '£1.40', 'product_additionals': '(35.0p/100g)'}, {'shop': 'asda', 'url': 'https://groceries.asda.com/product/910002046591', 'product_name': "Dunn's River Original Strawberry Flavoured Milk Drink", 'product_price': '£1.40', 'product_additionals': '(35.0p/100g)'}, {'shop': 'asda', 'url': 'https://groceries.asda.com/product/910002046500', 'product_name': "Dunn's River Original Vanilla Flavoured Milk Drink", 'product_price': '£1.40', 'product_additionals': '(35.0p/100g)'}, {'shop': 'tesco', 'url': 'https://www.tesco.com/groceries/en-GB/products/259959684', 'product_name': 'Dunns River Coconut Milk 400Ml', 'product_price': '£ 1.00', 'product_additionals': '£2.50/litre'}, {'shop': 'tesco', 'url': 'https://www.tesco.com/groceries/en-GB/products/300399656', 'product_name': 'E.Wedel Krowka Milky Fudge 250G', 'product_price': '£ 1.70', 'product_additionals': '£0.68/100g'}, {'shop': 'tesco', 'url': 'https://www.tesco.com/groceries/en-GB/products/277926684', 'product_name': 'E.Wedel Milk Chocolate With Blueberry & Wild Strawberry 100G', 'product_price': '£ 0.90', 'product_additionals': '£0.90/100g'}, {'shop': 'tesco', 'url': 'https://www.tesco.com/groceries/en-GB/products/262109356', 'product_name': 'E.Wedel Milk Chocolate With Strawberry 100G', 'product_price': '£ 0.90', 'product_additionals': '£0.90/100g'}, {'shop': 'tesco', 'url': 'https://www.tesco.com/groceries/en-GB/products/274025223', 'product_name': 'E45 Junior Foaming Bath Milk 500Ml', 'product_price': '£ 4.00', 'product_additionals': '£0.80/100ml'}, {'shop': 'asda', 'url': 'https://groceries.asda.com/product/1000142866330', 'product_name': 'Edge Strawberry Milkshake E-Liquid 12mg', 'product_price': '£2.50', 'product_additionals': '(£2.50/each)'}, {'shop': 'asda', 'url': 'https://groceries.asda.com/product/1000142866394', 'product_name': 'Edge Strawberry Milkshake E-Liquid 18mg', 'product_price': '£2.50', 'product_additionals': '(£2.50/each)'}, {'shop': 'asda', 'url': 'https://groceries.asda.com/product/1000142866375', 'product_name': 'Edge Strawberry Milkshake E-Liquid 6mg', 'product_price': '£2.50', 'product_additionals': '(£25.00/100ml)'}, {'shop': 'tesco', 'url': 'https://www.tesco.com/groceries/en-GB/products/305248183', 'product_name': "Ella's Kitchen Dairy Free Coconut Milk Pear & Fig Porridge 100G", 'product_price': '£ 1.10', 'product_additionals': '£1.10/100g'}, {'shop': 'sains', 'url': 'https://www.sainsburys.co.uk/shop/gb/groceries/product/details/easterluxury/ferrero-collection-egg-275g', 'product_name': 'Ferrero Collection Fine Milk Chocolate Egg with 6 Specialities Inside 239.8g', 'product_price': '£13.00', 'product_additionals': '£5.42 / 100g'}, {'shop': 'sains', 'url': 'https://www.sainsburys.co.uk/shop/gb/groceries/product/details/all-easter-/ferrero-collection-egg-275g', 'product_name': 'Ferrero Collection Fine Milk Chocolate Egg with 6 Specialities Inside 239.8g', 'product_price': '£13.00', 'product_additionals': '£5.42 / 100g'}, {'shop': 'tesco', 'url': 'https://www.tesco.com/groceries/en-GB/products/304791824', 'product_name': 'Ferrero Collection Milk Chocolate Egg With 6 Specialities 239.8G', 'product_price': '£ 10.00', 'product_additionals': '£4.18/100g'}, {'shop': 'tesco', 'url': 'https://www.tesco.com/groceries/en-GB/products/266526691', 'product_name': 'Ferrero Kinder Milk Slice 28G', 'product_price': '£ 0.70', 'product_additionals': '£2.50/100g'}, {'shop': 'sains', 'url': 'https://www.sainsburys.co.uk/shop/gb/groceries/product/details/all-easter-eggs-and-chocolate-/ferrero-rocher-milk-chocolate-hazelnut-egg-with-ferrero-rocher-2125g', 'product_name': 'Ferrero Rocher Milk Chocolate & Hazelnut Egg with Ferrero Rocher 212.5g', 'product_price': '£6.50', 'product_additionals': '£3.06 / 100g'}, {'shop': 'asda', 'url': 'https://groceries.asda.com/product/1000062381281', 'product_name': 'Fibre One 90 Calorie Milk Chocolate Popcorn Bars 4 Pack', 'product_price': '£2.00', 'product_additionals': '(£2.38/100g)'}, {'shop': 'tesco', 'url': 'https://www.tesco.com/groceries/en-GB/products/301045279', 'product_name': 'Fibre One Milk Chocolate Popcorn Bars 4 X 21G', 'product_price': '£ 1.99', 'product_additionals': '£2.37/100g'}, {'shop': 'sains', 'url': 'https://www.sainsburys.co.uk/shop/gb/groceries/product/details/price-lock-food-cupboard/flipz-milk-chocolate-coated-pretzels-160g', 'product_name': 'Flipz Milk Chocolate Coated Pretzels 160g', 'product_price': '£1.75', 'product_additionals': '£1.09 / 100g'}, {'shop': 'tesco', 'url': 'https://www.tesco.com/groceries/en-GB/products/306497283', 'product_name': 'Flipz Milk Chocolate Coated Pretzels 90G', 'product_price': '£ 1.50', 'product_additionals': '£1.67/100g'}, {'shop': 'coop', 'url': 'https://www.coop.co.uk/products/flipz-milk-chocolate-pretzels-100g', 'product_name': 'Flipz Milk Chocolate Pretzels 90g', 'product_price': '£2', 'product_additionals': '90g (£1.11 per 100g)'}, {'shop': 'tesco', 'url': 'https://www.tesco.com/groceries/en-GB/products/262783116', 'product_name': 'Flora Pro Activ Skimmed Milk 1L', 'product_price': '£ 1.40', 'product_additionals': '£1.40/litre'}, {'shop': 'sains', 'url': 'https://www.sainsburys.co.uk/shop/gb/groceries/product/details/lactose-free--/flora-pro-activ-milk-1l', 'product_name': "Flora ProActiv Skimmed Cows' Milk 1L", 'product_price': '£1.45', 'product_additionals': '£1.45 / ltr'}, {'shop': 'tesco', 'url': 'https://www.tesco.com/groceries/en-GB/products/279845143', 'product_name': 'For Goodness Shakes Recovery Milk Chocolate 475Ml', 'product_price': '£ 1.70', 'product_additionals': '£0.36/100ml'}, {'shop': 'asda', 'url': 'https://groceries.asda.com/product/910001533680', 'product_name': "Fox's Chocolatey Milk Chocolate Rounds", 'product_price': '£1.00', 'product_additionals': '(76.9p/100g)'}, {'shop': 'asda', 'url': 'https://groceries.asda.com/product/910000821070', 'product_name': "Fox's Chunkie Milk Chocolate Cookies", 'product_price': '£1.00', 'product_additionals': '(55.6p/100g)'}, {'shop': 'tesco', 'url': 'https://www.tesco.com/groceries/en-GB/products/306650319', 'product_name': "Fox's Half Coated Milk Chocolate Cookies 175G", 'product_price': '£ 1.80', 'product_additionals': '£1.03/100g'}, {'shop': 'tesco', 'url': 'https://www.tesco.com/groceries/en-GB/products/306656562', 'product_name': "Fox's Milk Chocolate Cookies 180G", 'product_price': '£ 1.80', 'product_additionals': '£1.00/100g'}, {'shop': 'asda', 'url': 'https://groceries.asda.com/product/910001534397', 'product_name': "Fox's Viennese Milk Chocolate", 'product_price': '£0.75', 'product_additionals': '(62.5p/100g)'}, {'shop': 'asda', 'url': 'https://groceries.asda.com/product/1000003092735', 'product_name': "Fox's Viennese Milk Chocolate Dipped Fingers", 'product_price': '£1.00', 'product_additionals': '(90.9p/100g)'}, {'shop': 'tesco', 'url': 'https://www.tesco.com/groceries/en-GB/products/301253902', 'product_name': 'Fred & Flo Milk Powder Dispenser', 'product_price': '£ 2.00', 'product_additionals': '£2.00/each'}, {'shop': 'aldi', 'url': 'https://www.aldi.co.uk/fresh-british-semi--skimmed-milk/p/045613003560800', 'product_name': 'Fresh British Semi- Skimmed Milk', 'product_price': '1.09', 'product_additionals': '48p per litre'}, {'shop': 'aldi', 'url': 'https://www.aldi.co.uk/fresh-british-semi-skimmed-milk/p/045611003560400', 'product_name': 'Fresh British Semi-skimmed Milk', 'product_price': '0.80', 'product_additionals': '70.4p per litre'}, {'shop': 'asda', 'url': 'https://groceries.asda.com/product/1000000984240', 'product_name': 'FRijj Banana Flavour Milkshake', 'product_price': '£1.00', 'product_additionals': '(25.0p/100ml)'}, {'shop': 'asda', 'url': 'https://groceries.asda.com/product/1000000984742', 'product_name': 'FRijj Chocolate Flavour Milkshake', 'product_price': '£1.00', 'product_additionals': 'No weight data'}, {'shop': 'sains', 'url': 'https://www.sainsburys.co.uk/shop/gb/groceries/product/details/dairy-eggs-special-offers/frijj-chocolate-fudge-flavoured-milk-400ml', 'product_name': 'Frijj Chocolate Fudge Flavoured Milk 400ml', 'product_price': '75p', 'product_additionals': '19p / 100ml'}, {'shop': 'tesco', 'url': 'https://www.tesco.com/groceries/en-GB/products/297794371', 'product_name': 'Frijj Chocolate Milkshake 400Ml', 'product_price': '£ 1.00', 'product_additionals': '£0.25/100ml'}, {'shop': 'asda', 'url': 'https://groceries.asda.com/product/1000000985493', 'product_name': 'FRijj Cookie Dough Flavour Milkshake', 'product_price': '£1.00', 'product_additionals': 'No weight data'}, {'shop': 'asda', 'url': 'https://groceries.asda.com/product/1000000984061', 'product_name': 'FRijj Fudge Brownie Flavour Milkshake', 'product_price': '£1.00', 'product_additionals': '(25.0p/100ml)'}, {'shop': 'asda', 'url': 'https://groceries.asda.com/product/1000000982359', 'product_name': 'FRijj Strawberry Flavour Milkshake', 'product_price': '£1.00', 'product_additionals': 'No weight data'}, {'shop': 'asda', 'url': 'https://groceries.asda.com/product/910001743535', 'product_name': 'FUEL10K High Protein Banana Breakfast Milk Drink', 'product_price': '£1.30', 'product_additionals': '(39.4p/100ml)'}, {'shop': 'sains', 'url': 'https://www.sainsburys.co.uk/shop/gb/groceries/product/details/gluten-free-cereal/fuel10k-high-protein-banana-breakfast-drink-330ml', 'product_name': 'FUEL10K High Protein Breakfast Milk Drink Banana 330ml', 'product_price': '£1.50', 'product_additionals': '45p / 100ml'}, {'shop': 'sains', 'url': 'https://www.sainsburys.co.uk/shop/gb/groceries/product/details/milk-flavoured-milk/fuel10k-liquid-breakfast-high-protein-boosted-milk-drink--chocolate-330ml', 'product_name': 'FUEL10K High Protein Breakfast Milk Drink Chocolate 330ml', 'product_price': '£1.50', 'product_additionals': '45p / 100ml'}, {'shop': 'sains', 'url': 'https://www.sainsburys.co.uk/shop/gb/groceries/product/details/gluten-free-cereal/fuel10k-liquid-breakfast-high-protein-boosted-milk-drink--chocolate-330ml', 'product_name': 'FUEL10K High Protein Breakfast Milk Drink Chocolate 330ml', 'product_price': '£1.50', 'product_additionals': '45p / 100ml'}, {'shop': 'sains', 'url': 'https://www.sainsburys.co.uk/shop/gb/groceries/product/details/milk-flavoured-milk/fuel10k-liquid-breakfast-protein-boosted-milk-drink--strawberry-330ml', 'product_name': 'FUEL10K High Protein Breakfast Milk Drink Strawberry 330ml', 'product_price': '£1.50', 'product_additionals': '45p / 100ml'}, {'shop': 'sains', 'url': 'https://www.sainsburys.co.uk/shop/gb/groceries/product/details/gluten-free-cereal/fuel10k-liquid-breakfast-protein-boosted-milk-drink--strawberry-330ml', 'product_name': 'FUEL10K High Protein Breakfast Milk Drink Strawberry 330ml', 'product_price': '£1.50', 'product_additionals': '45p / 100ml'}, {'shop': 'sains', 'url': 'https://www.sainsburys.co.uk/shop/gb/groceries/product/details/gluten-free-cereal/fuel10k-liquid-breakfast-protein-boosted-milk-drink--vanilla-330ml', 'product_name': 'FUEL10K High Protein Breakfast Milk Drink Vanilla 330ml', 'product_price': '£1.50', 'product_additionals': '45p / 100ml'}, {'shop': 'asda', 'url': 'https://groceries.asda.com/product/910000950313', 'product_name': 'FUEL10K High Protein Chocolate Breakfast Milk Drink', 'product_price': '£1.30', 'product_additionals': '(39.4p/100ml)'}, {'shop': 'asda', 'url': 'https://groceries.asda.com/product/910000951046', 'product_name': 'FUEL10K High Protein Strawberry Breakfast Milk Drink', 'product_price': '£1.30', 'product_additionals': '(39.4p/100ml)'}, {'shop': 'asda', 'url': 'https://groceries.asda.com/product/910001267477', 'product_name': 'FUEL10K High Protein Vanilla Breakfast Milk Drink', 'product_price': '£1.30', 'product_additionals': '(39.4p/100ml)'}, {'shop': 'tesco', 'url': 'https://www.tesco.com/groceries/en-GB/products/306927046', 'product_name': 'Galaxy Chocolate Flavoured Milk Drink 400Ml', 'product_price': '£ 1.35', 'product_additionals': '£3.38/litre'}, {'shop': 'coop', 'url': 'https://www.coop.co.uk/products/galaxy-darker-collection-darket-milk-chocolate-bar-110g', 'product_name': 'Galaxy Darker Collection Darket Milk Chocolate Bar 110g', 'product_price': '£1.50', 'product_additionals': '110g (91p per 100g)'}, {'shop': 'asda', 'url': 'https://groceries.asda.com/product/1000113394431', 'product_name': 'Galaxy Darker Milk Chocolate Block', 'product_price': '£1.00', 'product_additionals': '(90.9p/100g)'}, {'shop': 'tesco', 'url': 'https://www.tesco.com/groceries/en-GB/products/300228255', 'product_name': 'Galaxy Milk 110G', 'product_price': '£ 1.00', 'product_additionals': '£0.91/100g'}, {'shop': 'tesco', 'url': 'https://www.tesco.com/groceries/en-GB/products/280036005', 'product_name': 'Galaxy Milk 4 Pack 168 G', 'product_price': '£ 1.25', 'product_additionals': '£0.74/100g'}, {'shop': 'tesco', 'url': 'https://www.tesco.com/groceries/en-GB/products/300795348', 'product_name': 'Galaxy Milk Chocolate 360G', 'product_price': '£ 3.50', 'product_additionals': '£0.97/100g'}, {'shop': 'tesco', 'url': 'https://www.tesco.com/groceries/en-GB/products/279935019', 'product_name': 'Galaxy Milk Chocolate 42G', 'product_price': '£ 0.60', 'product_additionals': '£1.43/100g'}, {'shop': 'tesco', 'url': 'https://www.tesco.com/groceries/en-GB/products/268549827', 'product_name': 'Galaxy Milk Chocolate Bar 200G', 'product_price': '£ 1.80', 'product_additionals': '£0.90/100g'}, {'shop': 'tesco', 'url': 'https://www.tesco.com/groceries/en-GB/products/304788276', 'product_name': 'Galaxy Milk Chocolate Egg & Enchanted Milk Chocolate Eggs 234G', 'product_price': '£ 3.00', 'product_additionals': '£1.29/100g'}, {'shop': 'tesco', 'url': 'https://www.tesco.com/groceries/en-GB/products/304788656', 'product_name': 'Galaxy Milk Chocolate Egg Plus Enchanted Milk Chocolate Eggs 528G', 'product_price': '£ 12.00', 'product_additionals': '£2.28/100g'}, {'shop': 'tesco', 'url': 'https://www.tesco.com/groceries/en-GB/products/304799954', 'product_name': 'Galaxy Milk Chocolate Egg With Truffles 301G', 'product_price': '£ 10.00', 'product_additionals': '£3.33/100g'}, {'shop': 'tesco', 'url': 'https://www.tesco.com/groceries/en-GB/products/304783068', 'product_name': 'Galaxy Milk Chocolate Enchanted Eggs 80G', 'product_price': '£ 1.00', 'product_additionals': '£1.25/100g'}, {'shop': 'tesco', 'url': 'https://www.tesco.com/groceries/en-GB/products/251118878', 'product_name': 'Galaxy Milk Chocolate Indulgent Collection Easter Egg 308G', 'product_price': '£ 5.00', 'product_additionals': '£1.63/100g'}, {'shop': 'asda', 'url': 'https://groceries.asda.com/product/910001193129', 'product_name': 'Galaxy Smooth Milk Chocolate Bar', 'product_price': '£0.55', 'product_additionals': '(£1.31/100g)'}, {'shop': 'asda', 'url': 'https://groceries.asda.com/product/910001192935', 'product_name': 'Galaxy Smooth Milk Chocolate Bars Multipack', 'product_price': '£1.25', 'product_additionals': '(74.4p/100g)'}, {'shop': 'asda', 'url': 'https://groceries.asda.com/product/1000034965894', 'product_name': 'Galaxy Smooth Milk Chocolate Block', 'product_price': '£1.00', 'product_additionals': '(90.9p/100g)'}, {'shop': 'asda', 'url': 'https://groceries.asda.com/product/1000073094536', 'product_name': 'Galaxy Smooth Milk Chocolate Christmas Advent Calendar', 'product_price': '£2.00', 'product_additionals': '(£1.82/100g)'}, {'shop': 'asda', 'url': 'https://groceries.asda.com/product/1000260230892', 'product_name': 'Galaxy Smooth Milk Chocolate Large Christmas Selection Box', 'product_price': '£2.50', 'product_additionals': '(£1.02/100g)'}, {'shop': 'asda', 'url': 'https://groceries.asda.com/product/1000034965816', 'product_name': 'Galaxy Smooth Milk Chocolate Large Gifting Block', 'product_price': '£2.50', 'product_additionals': '(69.4p/100g)'}, {'shop': 'asda', 'url': 'https://groceries.asda.com/product/910000419798', 'product_name': 'Galaxy Smooth Milk Chocolate More to Share Block', 'product_price': '£2.00', 'product_additionals': '(£1.00/100g)'}, {'shop': 'tesco', 'url': 'https://www.tesco.com/groceries/en-GB/products/272473795', 'product_name': 'Garnier Body 7Days Shea Hand Milk 100Ml', 'product_price': '£ 2.25', 'product_additionals': '£2.25/100ml'}, {'shop': 'asda', 'url': 'https://groceries.asda.com/product/1000112906987', 'product_name': 'Garnier Intensive 7 Days Coconut Milk Body Lotion Dry Rough Skin', 'product_price': '£2.50', 'product_additionals': '(62.5p/100ml)'}, {'shop': 'asda', 'url': 'https://groceries.asda.com/product/1000106117557', 'product_name': 'Garnier Micellar Milky Cleansing Water', 'product_price': '£4.00', 'product_additionals': '(£1.00/100ml)'}, {'shop': 'asda', 'url': 'https://groceries.asda.com/product/910003053234', 'product_name': 'Garnier Natural Rose Water Cleansing Milk Sensitive Skin', 'product_price': '£1.75', 'product_additionals': '(87.5p/100ml)'}, {'shop': 'asda', 'url': 'https://groceries.asda.com/product/1000215691406', 'product_name': 'Garnier Nutri Bomb Milky Face Sheet Mask Almond Milk & Hyaluronic Acid', 'product_price': '£2.95', 'product_additionals': '(£2.95/each)'}, {'shop': 'asda', 'url': 'https://groceries.asda.com/product/1000215691505', 'product_name': 'Garnier Nutri Bomb Milky Sheet Mask Coconut & Hyaluronic Acid', 'product_price': '£2.95', 'product_additionals': '(£2.95/each)'}, {'shop': 'asda', 'url': 'https://groceries.asda.com/product/1000106846628', 'product_name': 'Garnier Ultimate Blends Almond Milk & Agave Sap Normal Hair Conditioner', 'product_price': '£1.98', 'product_additionals': '(55.0p/100ml)'}, {'shop': 'asda', 'url': 'https://groceries.asda.com/product/1000106846708', 'product_name': 'Garnier Ultimate Blends Almond Milk & Agave Sap Normal Hair Shampoo', 'product_price': '£1.98', 'product_additionals': '(55.0p/100ml)'}, {'shop': 'tesco', 'url': 'https://www.tesco.com/groceries/en-GB/products/302134587', 'product_name': 'Garnier Ultimate Blends Almond Milk Normal Hair Conditioner 360Ml', 'product_price': '£ 1.99', 'product_additionals': '£0.55/100ml'}, {'shop': 'tesco', 'url': 'https://www.tesco.com/groceries/en-GB/products/302134564', 'product_name': 'Garnier Ultimate Blends Almond Milk Normal Hair Shampoo 360Ml', 'product_price': '£ 1.99', 'product_additionals': '£0.55/100ml'}, {'shop': 'tesco', 'url': 'https://www.tesco.com/groceries/en-GB/products/298817350', 'product_name': 'Garnier Ultimate Blends Coconut Milk Conditioner Dry Hair 360Ml', 'product_price': '£ 1.99', 'product_additionals': '£0.55/100ml'}, {'shop': 'asda', 'url': 'https://groceries.asda.com/product/1000012734882', 'product_name': 'Garnier Ultimate Blends Coconut Milk Dry Hair Conditioner', 'product_price': '£1.98', 'product_additionals': '(55.0p/100ml)'}, {'shop': 'asda', 'url': 'https://groceries.asda.com/product/1000012734455', 'product_name': 'Garnier Ultimate Blends Coconut Milk Dry Hair Shampoo', 'product_price': '£1.98', 'product_additionals': '(55.0p/100ml)'}, {'shop': 'tesco', 'url': 'https://www.tesco.com/groceries/en-GB/products/298817338', 'product_name': 'Garnier Ultimate Blends Coconut Milk Shampoo Dry Hair 360Ml', 'product_price': '£ 1.99', 'product_additionals': '£0.55/100ml'}, {'shop': 'asda', 'url': 'https://groceries.asda.com/product/1000012734993', 'product_name': 'Garnier Ultimate Blends Oat Milk Sensitive Scalp Conditioner', 'product_price': '£1.98', 'product_additionals': '(55.0p/100ml)'}, {'shop': 'tesco', 'url': 'https://www.tesco.com/groceries/en-GB/products/298817436', 'product_name': 'Garnier Ultimate Blends Oat Milk Sensitive Scalp Conditioner 360Ml', 'product_price': '£ 1.99', 'product_additionals': '£0.55/100ml'}, {'shop': 'asda', 'url': 'https://groceries.asda.com/product/1000012734757', 'product_name': 'Garnier Ultimate Blends Oat Milk Sensitive Scalp Shampoo', 'product_price': '£1.98', 'product_additionals': '(55.0p/100ml)'}, {'shop': 'tesco', 'url': 'https://www.tesco.com/groceries/en-GB/products/298817413', 'product_name': 'Garnier Ultimate Blends Oat Milk Sensitive Scalp Shampoo 360Ml', 'product_price': '£ 1.99', 'product_additionals': '£0.55/100ml'}, {'shop': 'asda', 'url': 'https://groceries.asda.com/product/1000229362672', 'product_name': 'George Home Bambi Milk Jug', 'product_price': '£4.00', 'product_additionals': '(£4.00/each)'}, {'shop': 'asda', 'url': 'https://groceries.asda.com/product/1000222400298', 'product_name': 'George Home Black Milk Frother', 'product_price': '£20.00', 'product_additionals': '(£20.00/each)'}, {'shop': 'asda', 'url': 'https://groceries.asda.com/product/1000229362723', 'product_name': 'George Home Multi Bloom Milk Jug', 'product_price': '£3.50', 'product_additionals': '(£3.50/each)'}, {'shop': 'asda', 'url': 'https://groceries.asda.com/product/1000011829210', 'product_name': 'George Home Non-stick Aluminium Milk Pan', 'product_price': '£4.00', 'product_additionals': '(£4.00/each)'}, {'shop': 'asda', 'url': 'https://groceries.asda.com/product/1000148283995', 'product_name': 'George Home White Porcelain Milk Jug', 'product_price': '£3.00', 'product_additionals': '(£3.00/each)'}, {'shop': 'tesco', 'url': 'https://www.tesco.com/groceries/en-GB/products/288090094', 'product_name': 'Go Cat Kitten Chicken & Carrot & Milk 825G', 'product_price': '£ 2.25', 'product_additionals': '£2.73/kg'}, {'shop': 'asda', 'url': 'https://groceries.asda.com/product/910001911324', 'product_name': 'Go-Cat Chicken Milk & Veg Dry Kitten Food', 'product_price': '£2.00', 'product_additionals': 'No weight data'}, {'shop': 'sains', 'url': 'https://www.sainsburys.co.uk/shop/gb/groceries/product/details/boxedchocolates/godiva-masterpieces-caramel-lion-with-belgian-milk-chocolate-193g', 'product_name': 'Godiva Masterpieces Caramel Lion with Belgian Milk Chocolate 193g', 'product_price': '£4.00', 'product_additionals': '£2.07 / 100g'}, {'shop': 'sains', 'url': 'https://www.sainsburys.co.uk/shop/gb/groceries/product/details/chocolate-and-sweets-/godiva-masterpieces-caramel-lion-with-belgian-milk-chocolate-193g', 'product_name': 'Godiva Masterpieces Caramel Lion with Belgian Milk Chocolate 193g', 'product_price': '£4.00', 'product_additionals': '£2.07 / 100g'}, {'shop': 'sains', 'url': 'https://www.sainsburys.co.uk/shop/gb/groceries/product/details/all-gifting/godiva-masterpieces-caramel-lion-with-belgian-milk-chocolate-193g', 'product_name': 'Godiva Masterpieces Caramel Lion with Belgian Milk Chocolate 193g', 'product_price': '£4.00', 'product_additionals': '£2.07 / 100g'}, {'shop': 'sains', 'url': 'https://www.sainsburys.co.uk/shop/gb/groceries/product/details/sweet-treats-44/godiva-masterpieces-caramel-lion-with-belgian-milk-chocolate-193g', 'product_name': 'Godiva Masterpieces Caramel Lion with Belgian Milk Chocolate 193g', 'product_price': '£4.00', 'product_additionals': '£2.07 / 100g'}, {'shop': 'sains', 'url': 'https://www.sainsburys.co.uk/shop/gb/groceries/product/details/sweet-treats-44/godiva-masterpieces-hazelnut-oyster-with-belgian-milk-chocolate-193g', 'product_name': 'Godiva Masterpieces Hazelnut Oyster with Belgian Milk Chocolate 193g', 'product_price': '£4.00', 'product_additionals': '£2.07 / 100g'}, {'shop': 'sains', 'url': 'https://www.sainsburys.co.uk/shop/gb/groceries/product/details/new-trending-special-offers/godiva-masterpieces-milk-chocolate-hazelnut-oyster-30g', 'product_name': 'Godiva Masterpieces Milk Chocolate Hazelnut Oyster 30g', 'product_price': '85p', 'product_additionals': '£2.83 / 100g'}, {'shop': 'sains', 'url': 'https://www.sainsburys.co.uk/shop/gb/groceries/product/details/sweet-treats-44/godiva-milk-chocolate-bar--salted-caramel-90g', 'product_name': 'Godiva Pure Belgian Milk Chocolate Bar, Salted Caramel 90g', 'product_price': '£2.00', 'product_additionals': '£2.22 / 100g'}, {'shop': 'sains', 'url': 'https://www.sainsburys.co.uk/shop/gb/groceries/product/details/all-gifting/godiva-milk-chocolate-bar--salted-caramel-90g', 'product_name': 'Godiva Pure Belgian Milk Chocolate Bar, Salted Caramel 90g', 'product_price': '£2.00', 'product_additionals': '£2.22 / 100g'}, {'shop': 'sains', 'url': 'https://www.sainsburys.co.uk/shop/gb/groceries/product/details/all-dairy-free/braham---murray-good-hemp-milk--original-1l', 'product_name': 'Good Hemp Seed Milk 1L', 'product_price': '£2.00', 'product_additionals': '£2.00 / ltr'}, {'shop': 'asda', 'url': 'https://groceries.asda.com/product/910001437133', 'product_name': 'Grace Coconut Milk Powder', 'product_price': '£0.64', 'product_additionals': '(£1.28/100g)'}, {'shop': 'sains', 'url': 'https://www.sainsburys.co.uk/shop/gb/groceries/product/details/milk-fresh-milk/grahams-dairies-skimmed-milk-2l', 'product_name': "Graham's Dairies Skimmed Milk 2L", 'product_price': '£1.25', 'product_additionals': '63p / ltr'}, {'shop': 'sains', 'url': 'https://www.sainsburys.co.uk/shop/gb/groceries/product/details/special-offers-/grahams-gold-jersey-full-cream-milk-1l', 'product_name': "Graham's Gold Jersey Full Cream Milk 1L", 'product_price': '£1.00', 'product_additionals': '£1.00 / ltr'}, {'shop': 'sains', 'url': 'https://www.sainsburys.co.uk/shop/gb/groceries/product/details/dairy-eggs-special-offers/grahams-gold-jersey-full-cream-milk-1l', 'product_name': "Graham's Gold Jersey Full Cream Milk 1L", 'product_price': '£1.00', 'product_additionals': '£1.00 / ltr'}, {'shop': 'sains', 'url': 'https://www.sainsburys.co.uk/shop/gb/groceries/product/details/milk-fresh-milk/grahams-whole-milk-organic-1136l-2-pint-', 'product_name': "Graham's Whole Milk, Organic 1.136L (2 pint)", 'product_price': '£1.35', 'product_additionals': '£1.19 / ltr'}, {'shop': 'sains', 'url': 'https://www.sainsburys.co.uk/shop/gb/groceries/product/details/organic-dairy-products/grahams-whole-milk-organic-1136l-2-pint-', 'product_name': "Graham's Whole Milk, Organic 1.136L (2 pint)", 'product_price': '£1.35', 'product_additionals': '£1.19 / ltr'}, {'shop': 'sains', 'url': 'https://www.sainsburys.co.uk/shop/gb/groceries/product/details/milk-fresh-milk/grahams-whole-milk--organic-1l-7844801-p-44', 'product_name': "Graham's Whole Milk, Organic 1L", 'product_price': '£1.15', 'product_additionals': '£1.15 / ltr'}, {'shop': 'sains', 'url': 'https://www.sainsburys.co.uk/shop/gb/groceries/product/details/organic-dairy-products/grahams-whole-milk--organic-1l-7844801-p-44', 'product_name': "Graham's Whole Milk, Organic 1L", 'product_price': '£1.15', 'product_additionals': '£1.15 / ltr'}, {'shop': 'sains', 'url': 'https://www.sainsburys.co.uk/shop/gb/groceries/product/details/organic-dairy-products/grahams-whole-milk-organic-2272l-4-pint-', 'product_name': "Graham's Whole Milk, Organic 2.272L (4 pint)", 'product_price': '£2.25', 'product_additionals': '99p / ltr'}, {'shop': 'tesco', 'url': 'https://www.tesco.com/groceries/en-GB/products/271249493', 'product_name': 'Green & Black Milk Cooks Bar 150G', 'product_price': '£ 2.50', 'product_additionals': '£1.67/100g'}, {'shop': 'tesco', 'url': 'https://www.tesco.com/groceries/en-GB/products/304782858', 'product_name': "Green & Black's Milk Chocolate Large Shell Egg 345G", 'product_price': '£ 10.00', 'product_additionals': '£2.90/100g'}, {'shop': 'sains', 'url': 'https://www.sainsburys.co.uk/shop/gb/groceries/product/details/all-mothers-day/green---blacks-chocolate--almond-100g', 'product_name': "Green & Black's Organic Milk Almond Chocolate Bar 90g", 'product_price': '£2.00', 'product_additionals': '£2.22 / 100g'}, {'shop': 'asda', 'url': 'https://groceries.asda.com/product/1000107814080', 'product_name': "Green & Black's Organic Milk Chocolate Bar", 'product_price': '£2.00', 'product_additionals': '(£2.22/100g)'}, {'shop': 'tesco', 'url': 'https://www.tesco.com/groceries/en-GB/products/303670290', 'product_name': 'Green & Blacks Organic Milk Chocolate 90G', 'product_price': '£ 2.00', 'product_additionals': '£2.23/100g'}, {'shop': 'tesco', 'url': 'https://www.tesco.com/groceries/en-GB/products/306816609', 'product_name': 'Gu Milk Chocolate Mousse & Ganache 2X70g', 'product_price': '£ 3.00', 'product_additionals': '£2.15/100g'}, {'shop': 'asda', 'url': 'https://groceries.asda.com/product/1000217916076', 'product_name': 'GU Milk Chocolate Mousse with Ganache Desserts', 'product_price': '£2.00', 'product_additionals': '(£2.86/100g)'}, {'shop': 'sains', 'url': 'https://www.sainsburys.co.uk/shop/gb/groceries/product/details/dairy-eggs-special-offers/gü-milk-chocolate-mousses-with-ganache-desserts-2x70g', 'product_name': 'Gü Milk Chocolate Mousses with Ganache Desserts 2x70g', 'product_price': '£2.00', 'product_additionals': '£1.43 / 100g'}, {'shop': 'sains', 'url': 'https://www.sainsburys.co.uk/shop/gb/groceries/product/details/milk-flavoured-milk/happymonkey-strawberry-milkshake-3x200ml', 'product_name': 'Happy Monkey Strawberry Milkshakes 3x200ml', 'product_price': '£1.00', 'product_additionals': '£1.67 / ltr'}, {'shop': 'tesco', 'url': 'https://www.tesco.com/groceries/en-GB/products/307740610', 'product_name': 'Haribo Supermix Fruit Milk & Sweet Foam Gums 175G', 'product_price': '£ 0.79', 'product_additionals': '£0.45/100g'}, {'shop': 'tesco', 'url': 'https://www.tesco.com/groceries/en-GB/products/299038498', 'product_name': 'Herbal Essences Bio Renew Rice Milk Shampoo 400Ml', 'product_price': '£ 4.50', 'product_additionals': '£1.13/100ml'}, {'shop': 'tesco', 'url': 'https://www.tesco.com/groceries/en-GB/products/297334726', 'product_name': 'Herbal Essences Bio. Renew Coconut Milk Conditioner 400Ml', 'product_price': '£ 4.50', 'product_additionals': '£1.13/100ml'}, {'shop': 'tesco', 'url': 'https://www.tesco.com/groceries/en-GB/products/297334860', 'product_name': 'Herbal Essences Bio. Renew Coconut Milk Shampoo 400Ml', 'product_price': '£ 4.50', 'product_additionals': '£1.13/100ml'}, {'shop': 'sains', 'url': 'https://www.sainsburys.co.uk/shop/gb/groceries/product/details/natural-beauty-products/herbal-essences-bio:renew-flower-rice-milk-nourish-conditioner-400ml', 'product_name': 'Herbal Essences Bio:Renew Flower & Rice Milk Nourish Conditioner 400ml', 'product_price': '£3.00', 'product_additionals': '75p / 100ml'}, {'shop': 'asda', 'url': 'https://groceries.asda.com/product/910003160158', 'product_name': 'Herbal Essences bio:renew Hair Conditioner Coconut Milk', 'product_price': '£3.00', 'product_additionals': '(75.0p/100ml)'}, {'shop': 'asda', 'url': 'https://groceries.asda.com/product/1000204197594', 'product_name': 'Herbal Essences bio:renew Hair Conditioner Coconut Milk Hydrate', 'product_price': '£4.00', 'product_additionals': '(£2.00/100ml)'}, {'shop': 'asda', 'url': 'https://groceries.asda.com/product/1000006804899', 'product_name': 'Herbal Essences bio:renew Hair Conditioner Passion Flower & Rice Milk Nourish', 'product_price': '£3.00', 'product_additionals': '(75.0p/100ml)'}, {'shop': 'asda', 'url': 'https://groceries.asda.com/product/1000144744829', 'product_name': 'Herbal Essences bio:renew Hair Mask Coconut Milk', 'product_price': '£3.00', 'product_additionals': '(£1.20/100ml)'}, {'shop': 'asda', 'url': 'https://groceries.asda.com/product/910003159941', 'product_name': 'Herbal Essences bio:renew Shampoo Coconut Milk Hydrate', 'product_price': '£3.00', 'product_additionals': '(75.0p/100ml)'}, {'shop': 'asda', 'url': 'https://groceries.asda.com/product/1000204197692', 'product_name': 'Herbal Essences Bio:renew Shampoo Coconut Milk Hydrate', 'product_price': '£4.00', 'product_additionals': '(£1.60/100ml)'}, {'shop': 'asda', 'url': 'https://groceries.asda.com/product/1000006805563', 'product_name': 'Herbal Essences bio:renew Shampoo Passion Flower & Rice Milk Nourish', 'product_price': '£3.00', 'product_additionals': '(75.0p/100ml)'}, {'shop': 'tesco', 'url': 'https://www.tesco.com/groceries/en-GB/products/299039382', 'product_name': 'Herbal Essences Biological Renew Rice Milk Conditioner 400Ml', 'product_price': '£ 4.50', 'product_additionals': '£1.13/100ml'}, {'shop': 'asda', 'url': 'https://groceries.asda.com/product/910000224974', 'product_name': 'HiPP 1 First Infant Baby Milk Powder From Birth', 'product_price': '£10.00', 'product_additionals': 'No weight data'}, {'shop': 'asda', 'url': 'https://groceries.asda.com/product/1000054229537', 'product_name': 'HiPP 1 First Infant Baby Milk Ready To Feed Bottle From Birth', 'product_price': '£0.90', 'product_additionals': 'No weight data'}, {'shop': 'asda', 'url': 'https://groceries.asda.com/product/910000224908', 'product_name': 'HiPP 2 Follow On Baby Milk Powder From 6 Months', 'product_price': '£10.00', 'product_additionals': 'No weight data'}, {'shop': 'asda', 'url': 'https://groceries.asda.com/product/910000224876', 'product_name': 'HiPP 3 Growing Up Baby Milk Powder From 1 Year Onwards', 'product_price': '£6.50', 'product_additionals': 'No weight data'}, {'shop': 'tesco', 'url': 'https://www.tesco.com/groceries/en-GB/products/266285519', 'product_name': 'Hipp Combiotic 12 Month Growing Up Milk 600G', 'product_price': '£ 6.65', 'product_additionals': '£11.09/kg'}, {'shop': 'sains', 'url': 'https://www.sainsburys.co.uk/shop/gb/groceries/product/details/bigger-packs-/hipp-organic-first-infant-milk-800g', 'product_name': 'HiPP Organic 1 First Milk Powder 800g', 'product_price': '£10.50', 'product_additionals': '£1.31 / 100g'}, {'shop': 'tesco', 'url': 'https://www.tesco.com/groceries/en-GB/products/306940087', 'product_name': 'Hipp Organic 2 Follow On Baby Milk Ready To Feed Bottle 6 Month Plus 200Ml', 'product_price': '£ 0.90', 'product_additionals': '£4.50/litre'}, {'shop': 'tesco', 'url': 'https://www.tesco.com/groceries/en-GB/products/266275042', 'product_name': 'Hipp Organic First Infant Milk 200Ml', 'product_price': '£ 0.90', 'product_additionals': '£4.50/litre'}, {'shop': 'tesco', 'url': 'https://www.tesco.com/groceries/en-GB/products/266239437', 'product_name': 'Hipp Organic Follow-On Milk 800G', 'product_price': '£ 10.15', 'product_additionals': '£12.69/kg'}, {'shop': 'tesco', 'url': 'https://www.tesco.com/groceries/en-GB/products/266240596', 'product_name': 'Hipp Organic Infant Milk 800G', 'product_price': '£ 10.50', 'product_additionals': '£13.13/kg'}, {'shop': 'sains', 'url': 'https://www.sainsburys.co.uk/shop/gb/groceries/product/details/milk-free-food-and-drink/holy-moly-overnight-oats-tropical-125g', 'product_name': 'Holy Moly Overnight Oats Tropical Fruit with Almond Milk 125g', 'product_price': '£1.75', 'product_additionals': '£1.40 / 100g'}, {'shop': 'asda', 'url': 'https://groceries.asda.com/product/1000000581197', 'product_name': 'HRI Milk Thistle Tablets Standardised Fruit Extract 300mg ', 'product_price': '£10.00', 'product_additionals': '(33.3p/each)'}, {'shop': 'asda', 'url': 'https://groceries.asda.com/product/1000108780467', 'product_name': 'Imperial Leather Foamburst Moisturising Luxury Gel to Foam Body Wash Jasmine & Rice Milk', 'product_price': '£2.00', 'product_additionals': '(£1.00/100ml)'}, {'shop': 'tesco', 'url': 'https://www.tesco.com/groceries/en-GB/products/303889439', 'product_name': 'Imperial Leather Foamburst Rice Milk Jasmine200ml', 'product_price': '£ 2.90', 'product_additionals': '£1.45/100ml'}, {'shop': 'asda', 'url': 'https://groceries.asda.com/product/910000395716', 'product_name': 'Island Sun Coconut Milk', 'product_price': '£0.59', 'product_additionals': '(14.8p/100ml)'}, {'shop': 'tesco', 'url': 'https://www.tesco.com/groceries/en-GB/products/259214581', 'product_name': 'Island Sun Coconut Milk 400Ml', 'product_price': '£ 0.79', 'product_additionals': '£1.98/litre'}, {'shop': 'asda', 'url': 'https://groceries.asda.com/product/910002383193', 'product_name': 'Island Sun Evaporated Milk', 'product_price': '£0.90', 'product_additionals': '(21.9p/100g)'}, {'shop': 'asda', 'url': 'https://groceries.asda.com/product/910001456445', 'product_name': 'Island Sun Sweetened Condensed Milk', 'product_price': '£1.20', 'product_additionals': '(£3.02/kg)'}, {'shop': 'tesco', 'url': 'https://www.tesco.com/groceries/en-GB/products/292991721', 'product_name': 'Jimjams Milk Chocolate Spread 350G', 'product_price': '£ 2.60', 'product_additionals': '£0.74/100g'}, {'shop': 'sains', 'url': 'https://www.sainsburys.co.uk/shop/gb/groceries/product/details/dairy-eggs-special-offers/judes-chocolate-milkshake-250ml', 'product_name': "Jude's Chocolate Milkshake 250ml", 'product_price': '95p', 'product_additionals': '£3.80 / ltr'}, {'shop': 'asda', 'url': 'https://groceries.asda.com/product/1000008341231', 'product_name': 'Kallo Milk Chocolate Rice Cake', 'product_price': '£1.39', 'product_additionals': '(£1.39/100g)'}, {'shop': 'tesco', 'url': 'https://www.tesco.com/groceries/en-GB/products/252476845', 'product_name': 'Kallo Organic Milk Chocolate Thin Rice Cakes 90G', 'product_price': '£ 1.49', 'product_additionals': '£1.66/100g'}, {'shop': 'asda', 'url': 'https://groceries.asda.com/product/23751', 'product_name': "Kellogg's Coco Pops Cereal & Milk Bars", 'product_price': '£1.00', 'product_additionals': '(83.3p/100g)'}, {'shop': 'asda', 'url': 'https://groceries.asda.com/product/2215673363471', 'product_name': "Kellogg's Coco Pops, Rice Krispies, Coco Pops Cereal Bars and Milk Bundle", 'product_price': '£6.09', 'product_additionals': 'No weight data'}, {'shop': 'asda', 'url': 'https://groceries.asda.com/product/910000562785', 'product_name': "Kellogg's Crunchy Nut Milk Chocolate Clusters", 'product_price': '£2.89', 'product_additionals': '(64.2p/100g)'}, {'shop': 'asda', 'url': 'https://groceries.asda.com/product/23752', 'product_name': "Kellogg's Frosties Cereal & Milk Bars", 'product_price': '£1.00', 'product_additionals': '(66.7p/100g)'}, {'shop': 'asda', 'url': 'https://groceries.asda.com/product/910000396055', 'product_name': "Kellogg's Krave Milk Chocolate", 'product_price': '£2.99', 'product_additionals': '(79.7p/100g)'}, {'shop': 'asda', 'url': 'https://groceries.asda.com/product/1000007182869', 'product_name': "Kellogg's Krave Milk Chocolate", 'product_price': '£4.00', 'product_additionals': '(47.1p/100g)'}, {'shop': 'coop', 'url': 'https://www.coop.co.uk/products/kelloggs-krave-milk-chocolate-375g', 'product_name': "Kellogg's Krave Milk Chocolate 375g", 'product_price': '£3.30', 'product_additionals': '375g (53.3p per 100g)'}, {'shop': 'tesco', 'url': 'https://www.tesco.com/groceries/en-GB/products/299669027', 'product_name': "Kellogg's Krave Milk Chocolate Cereal 850G", 'product_price': '£ 4.00', 'product_additionals': '£0.47/100g'}, {'shop': 'asda', 'url': 'https://groceries.asda.com/product/1000166634779', 'product_name': "Kellogg's Krave Milk Chocolate Snack Bag", 'product_price': '£1.25', 'product_additionals': '(£1.39/100g)'}, {'shop': 'asda', 'url': 'https://groceries.asda.com/product/493435', 'product_name': "Kellogg's Rice Krispies Cereal & Milk Bars", 'product_price': '£1.00', 'product_additionals': '(83.3p/100g)'}, {'shop': 'tesco', 'url': 'https://www.tesco.com/groceries/en-GB/products/252040802', 'product_name': "Kellogg's Rice Krispies Cereal Milk Bars 6X20g", 'product_price': '£ 0.99', 'product_additionals': '£0.82/100g'}, {'shop': 'asda', 'url': 'https://groceries.asda.com/product/2215673363469', 'product_name': "Kellogg's Rice Krispies, Coco Pops, Rice Krispies Cereal Bars and Milk Bundle", 'product_price': '£6.09', 'product_additionals': 'No weight data'}, {'shop': 'asda', 'url': 'https://groceries.asda.com/product/1000039942723', 'product_name': "Kellogg's Special K Bar Milk Chocolate", 'product_price': '£1.00', 'product_additionals': '(74.1p/100g)'}, {'shop': 'sains', 'url': 'https://www.sainsburys.co.uk/shop/gb/groceries/product/details/all-price-lock/kelloggs-special-k-bar-milk-chocolate-5x27g', 'product_name': "Kellogg's Special K Bar Milk Chocolate 5x27g", 'product_price': '£1.00', 'product_additionals': '74p / 100g'}, {'shop': 'sains', 'url': 'https://www.sainsburys.co.uk/shop/gb/groceries/product/details/price-lock-food-cupboard/kelloggs-special-k-bar-milk-chocolate-5x27g', 'product_name': "Kellogg's Special K Bar Milk Chocolate 5x27g", 'product_price': '£1.00', 'product_additionals': '74p / 100g'}, {'shop': 'tesco', 'url': 'https://www.tesco.com/groceries/en-GB/products/272228804', 'product_name': "Kellogg's Special K Milk Chocolate Chewy Delight 4X24g", 'product_price': '£ 1.99', 'product_additionals': '£2.08/100g'}, {'shop': 'asda', 'url': 'https://groceries.asda.com/product/910000562897', 'product_name': "Kellogg's Special K Milk Chocolate Delight Bars", 'product_price': '£1.99', 'product_additionals': '(£2.07/100g)'}, {'shop': 'asda', 'url': 'https://groceries.asda.com/product/1000228757688', 'product_name': 'Kendamil 1 First Infant Milk Powder Formula From Birth', 'product_price': '£9.00', 'product_additionals': 'No weight data'}, {'shop': 'asda', 'url': 'https://groceries.asda.com/product/1000228757661', 'product_name': 'Kendamil 2 Follow On Milk Powder Formula 6-12 Months', 'product_price': '£9.00', 'product_additionals': 'No weight data'}, {'shop': 'sains', 'url': 'https://www.sainsburys.co.uk/shop/gb/groceries/product/details/all-butter-spreads/kerrymaid-500g', 'product_name': 'Kerrymaid Creamy Buttermilk Spread 500G', 'product_price': '£2.00', 'product_additionals': '£4.00 / kg'}, {'shop': 'tesco', 'url': 'https://www.tesco.com/groceries/en-GB/products/257679200', 'product_name': 'Kinder Bueno Milk & Hazelnut 4 Pack 172G', 'product_price': '£ 1.69', 'product_additionals': '£0.98/100g'}, {'shop': 'asda', 'url': 'https://groceries.asda.com/product/13852635', 'product_name': 'Kinder Bueno Milk & Hazelnuts Multipack 4 Pack', 'product_price': '£2.00', 'product_additionals': '(£1.16/100g)'}, {'shop': 'asda', 'url': 'https://groceries.asda.com/product/910000265081', 'product_name': 'Kinder Bueno Milk and Hazelnuts Single Bar 2 finger', 'product_price': '£0.55', 'product_additionals': '(£1.28/100g)'}, {'shop': 'asda', 'url': 'https://groceries.asda.com/product/910003082301', 'product_name': 'Kinder Bueno White Milk and Hazelnuts 2 Pack', 'product_price': '£0.55', 'product_additionals': '(£1.41/100g)'}, {'shop': 'tesco', 'url': 'https://www.tesco.com/groceries/en-GB/products/295409711', 'product_name': 'Kinder Chocolate Mini Milk Chocolate Bar & Lamb Toy 73G', 'product_price': '£ 5.00', 'product_additionals': '£6.85/100g'}, {'shop': 'asda', 'url': 'https://groceries.asda.com/product/910002999587', 'product_name': 'Kinder Cocco Milk & Coconut Sponge Cake', 'product_price': '£0.75', 'product_additionals': '(£2.50/100g)'}, {'shop': 'asda', 'url': 'https://groceries.asda.com/product/1000002934342', 'product_name': 'Kinder Happy Hippo Milk Chocolate and Hazelnut Biscuits Multipack 5 Pack', 'product_price': '£1.35', 'product_additionals': '(£1.31/100g)'}, {'shop': 'asda', 'url': 'https://groceries.asda.com/product/910000272164', 'product_name': 'Kinder Milk & Honey Slice', 'product_price': '£1.25', 'product_additionals': '(89.3p/100g)'}, {'shop': 'asda', 'url': 'https://groceries.asda.com/product/1000207689245', 'product_name': 'Kinder Milk Chocolate & Hazelnut Schoko-Bons', 'product_price': '£1.00', 'product_additionals': '(£1.43/100g)'}, {'shop': 'tesco', 'url': 'https://www.tesco.com/groceries/en-GB/products/271765198', 'product_name': 'Kinder Milk Chocolate Easter Mini Figures 6 X 15G', 'product_price': '£ 2.00', 'product_additionals': '£2.23/100g'}, {'shop': 'tesco', 'url': 'https://www.tesco.com/groceries/en-GB/products/307135970', 'product_name': 'Kinder Milk Slice Milk And Honey 3 X 28G', 'product_price': '£ 1.00', 'product_additionals': '£1.20/100g'}, {'shop': 'asda', 'url': 'https://groceries.asda.com/product/1000188692440', 'product_name': 'Kingsmill Blueberry Cheesecake Buttermilk Pancakes', 'product_price': '£0.70', 'product_additionals': '(17.5p/each)'}, {'shop': 'asda', 'url': 'https://groceries.asda.com/product/1000188692389', 'product_name': 'Kingsmill Double Choc Buttermilk Pancakes', 'product_price': '£0.70', 'product_additionals': '(17.5p/each)'}, {'shop': 'asda', 'url': 'https://groceries.asda.com/product/1000235368559', 'product_name': 'Kinnerton Barbie Milk Chocolate Advent Calendar (40g)', 'product_price': '£1.00', 'product_additionals': 'No weight data'}, {'shop': 'asda', 'url': 'https://groceries.asda.com/product/1000235368514', 'product_name': 'Kinnerton Barbie Vet Set with Milk Chocolate Treats', 'product_price': '£1.00', 'product_additionals': '(£1.69/100g)'}, {'shop': 'asda', 'url': 'https://groceries.asda.com/product/1000235368538', 'product_name': 'Kinnerton Crayola Colour-in Mug with Milk Chocolate Bars', 'product_price': '£1.00', 'product_additionals': '(£4.17/100g)'}, {'shop': 'asda', 'url': 'https://groceries.asda.com/product/1000235368534', 'product_name': 'Kinnerton Paw Patrol Clock & Milk Chocolate Treats', 'product_price': '£1.00', 'product_additionals': '(£1.69/100g)'}, {'shop': 'asda', 'url': 'https://groceries.asda.com/product/1000169694810', 'product_name': 'Kinnerton PAW Patrol Milk Chocolate Advent Calendar', 'product_price': '£1.00', 'product_additionals': '(£2.50/100g)'}, {'shop': 'asda', 'url': 'https://groceries.asda.com/product/1000235368605', 'product_name': 'Kinnerton Paw Patrol Milk Chocolate Christmas Treats', 'product_price': '£1.50', 'product_additionals': 'No weight data'}, {'shop': 'asda', 'url': 'https://groceries.asda.com/product/1000235368434', 'product_name': 'Kinnerton Peppa Pig Hand Puppet with Milk Chocolate Treats', 'product_price': '£4.00', 'product_additionals': '(£7.55/100g)'}, {'shop': 'asda', 'url': 'https://groceries.asda.com/product/1000169694818', 'product_name': 'Kinnerton Peppa Pig Milk Chocolate Advent Calendar', 'product_price': '£1.00', 'product_additionals': '(£2.50/100g)'}, {'shop': 'asda', 'url': 'https://groceries.asda.com/product/1000235368445', 'product_name': 'Kinnerton Peppa Pig Milk Chocolate Treats', 'product_price': '£1.50', 'product_additionals': 'No weight data'}, {'shop': 'asda', 'url': 'https://groceries.asda.com/product/1000235368485', 'product_name': 'Kinnerton Thomas & Friends Milk Chocolate Advent Calendar (40g)', 'product_price': '£1.00', 'product_additionals': 'No weight data'}, {'shop': 'tesco', 'url': 'https://www.tesco.com/groceries/en-GB/products/307166184', 'product_name': 'Kit Kat 2 Finger Milk Chocolate 14 Bar Pack 289.8G', 'product_price': '£ 2.00', 'product_additionals': '£0.69/100g'}, {'shop': 'tesco', 'url': 'https://www.tesco.com/groceries/en-GB/products/292743872', 'product_name': 'Kit Kat 2 Finger Milk Chocolate 21 Pack 434.7G', 'product_price': '£ 2.89', 'product_additionals': '£0.66/100g'}, {'shop': 'tesco', 'url': 'https://www.tesco.com/groceries/en-GB/products/297556924', 'product_name': 'Kit Kat 2 Finger Milk Chocolate Biscuits 9 Pack 186.3G', 'product_price': '£ 1.50', 'product_additionals': '£0.81/100g'}, {'shop': 'tesco', 'url': 'https://www.tesco.com/groceries/en-GB/products/307510042', 'product_name': 'Kit Kat 2 Fingers Wafer Milk Chocolate Hazelnut 9X20.7G', 'product_price': '£ 1.50', 'product_additionals': '£0.81/100g'}, {'shop': 'tesco', 'url': 'https://www.tesco.com/groceries/en-GB/products/307510007', 'product_name': 'Kit Kat 2 Fingers Wafer Milk Chocolate Honeycomb 9X20.7G', 'product_price': '£ 1.99', 'product_additionals': '£1.07/100g'}, {'shop': 'tesco', 'url': 'https://www.tesco.com/groceries/en-GB/products/292573531', 'product_name': 'Kit Kat 4 Finger Milk Chocolate Bar 41.5G', 'product_price': '£ 0.60', 'product_additionals': '£1.45/100g'}, {'shop': 'sains', 'url': 'https://www.sainsburys.co.uk/shop/gb/groceries/product/details/top-rated-44/kit-kat-4-finger-milk-chocolate-bar-multipack-x8-415g-7541366-p', 'product_name': 'Kit Kat 4 Finger Milk Chocolate Bar Multipack x8 41.5g', 'product_price': '£2.50', 'product_additionals': '75p / 100g'}, {'shop': 'tesco', 'url': 'https://www.tesco.com/groceries/en-GB/products/308082684', 'product_name': 'Kit Kat 6 Mini Milk Chocolate Bunny 66G', 'product_price': '£ 1.00', 'product_additionals': '£1.52/100g'}, {'shop': 'tesco', 'url': 'https://www.tesco.com/groceries/en-GB/products/305554119', 'product_name': 'Kit Kat Bunny Milk Chocolate Large Egg 238G', 'product_price': '£ 3.00', 'product_additionals': '£1.27/100g'}, {'shop': 'tesco', 'url': 'https://www.tesco.com/groceries/en-GB/products/308079464', 'product_name': 'Kit Kat Chunky Milk Chocolate Easter Egg 129G', 'product_price': '£ 1.00', 'product_additionals': '£0.78/100g'}, {'shop': 'tesco', 'url': 'https://www.tesco.com/groceries/en-GB/products/305554102', 'product_name': 'Kit Kat Chunky Milk Chocolate Large Egg 260G', 'product_price': '£ 3.00', 'product_additionals': '£1.16/100g'}, {'shop': 'coop', 'url': 'https://www.coop.co.uk/products/nestle-kit-kat-milk-2-fingers-9-pack-186-3g', 'product_name': 'Kit Kat Milk 2 Fingers 9 Pack 186.3g', 'product_price': '£2', 'product_additionals': '186.3g (£1.07 per 100g)\n9 pack'}, {'shop': 'tesco', 'url': 'https://www.tesco.com/groceries/en-GB/products/292573934', 'product_name': 'Kit Kat Milk Chocolate 4 Pack 166G', 'product_price': '£ 1.00', 'product_additionals': '£0.60/100g'}, {'shop': 'tesco', 'url': 'https://www.tesco.com/groceries/en-GB/products/292573715', 'product_name': 'Kit Kat Milk Chocolate Bar 4 Finger 41.5G X 8 Pack', 'product_price': '£ 2.00', 'product_additionals': '£0.60/100g'}, {'shop': 'sains', 'url': 'https://www.sainsburys.co.uk/shop/gb/groceries/product/details/easter-special-offers/kit-kat-bunny-29g', 'product_name': 'Kit Kat Milk Chocolate Bunny 29g', 'product_price': '35p', 'product_additionals': '£1.20 / 100g'}, {'shop': 'sains', 'url': 'https://www.sainsburys.co.uk/shop/gb/groceries/product/details/all-easter-eggs-and-chocolate-/kit-kat-bunny-29g', 'product_name': 'Kit Kat Milk Chocolate Bunny 29g', 'product_price': '35p', 'product_additionals': '£1.20 / 100g'}, {'shop': 'sains', 'url': 'https://www.sainsburys.co.uk/shop/gb/groceries/product/details/easter-special-offers/kit-kat-milk-chocolate-filled-mini-eggs-pouch-81g', 'product_name': 'Kit Kat Milk Chocolate Filled Mini Eggs Pouch 81g', 'product_price': '£1.00', 'product_additionals': '£1.23 / 100g'}, {'shop': 'sains', 'url': 'https://www.sainsburys.co.uk/shop/gb/groceries/product/details/all-easter-/kit-kat-milk-chocolate-filled-mini-eggs-pouch-81g', 'product_name': 'Kit Kat Milk Chocolate Filled Mini Eggs Pouch 81g', 'product_price': '£1.00', 'product_additionals': '£1.23 / 100g'}, {'shop': 'sains', 'url': 'https://www.sainsburys.co.uk/shop/gb/groceries/product/details/all-easter-/kit-kat-bunny-pouch-66g', 'product_name': 'Kit Kat Milk Chocolate Mini Bunnies Pouch 66g', 'product_price': '£1.00', 'product_additionals': '£1.52 / 100g'}, {'shop': 'tesco', 'url': 'https://www.tesco.com/groceries/en-GB/products/308089826', 'product_name': 'Kit Kat Milk Chocolate Mini Eggs 81G', 'product_price': '£ 1.00', 'product_additionals': '£1.24/100g'}, {'shop': 'asda', 'url': 'https://groceries.asda.com/product/910003122063', 'product_name': 'KitKat 2 Finger Milk Chocolate Biscuit Bar, 9 Pack', 'product_price': '£1.50', 'product_additionals': '(80.5p/100g)'}, {'shop': 'asda', 'url': 'https://groceries.asda.com/product/1000232367042', 'product_name': 'KitKat 2 Finger Milk Chocolate Biscuit Bars', 'product_price': '£2.00', 'product_additionals': '(69.0p/100g)'}, {'shop': 'asda', 'url': 'https://groceries.asda.com/product/910002437888', 'product_name': 'KitKat 4 Finger Milk Chocolate Bar', 'product_price': '£0.55', 'product_additionals': '(£1.33/100g)'}, {'shop': 'asda', 'url': 'https://groceries.asda.com/product/910002437612', 'product_name': 'KitKat 4 Finger Milk Chocolate Bar, 4 Pack', 'product_price': '£0.98', 'product_additionals': '(59.0p/100g)'}, {'shop': 'sains', 'url': 'https://www.sainsburys.co.uk/shop/gb/groceries/product/details/easter-giant/kit-kat-bunny-giant-egg-295g', 'product_name': 'KitKat Bunny Milk Chocolate Giant Egg 295g', 'product_price': '£5.00', 'product_additionals': '£1.69 / 100g'}, {'shop': 'sains', 'url': 'https://www.sainsburys.co.uk/shop/gb/groceries/product/details/easter-special-offers/kit-kat-bunny-giant-egg-295g', 'product_name': 'KitKat Bunny Milk Chocolate Giant Egg 295g', 'product_price': '£5.00', 'product_additionals': '£1.69 / 100g'}, {'shop': 'sains', 'url': 'https://www.sainsburys.co.uk/shop/gb/groceries/product/details/all-easter-/kitkat-chunky-cookie-dough-milk-chocolate-incredible-egg-516g', 'product_name': 'KitKat Chunky Cookie Dough Milk Chocolate Incredible Egg 516g', 'product_price': '£10.00', 'product_additionals': '£1.94 / 100g'}, {'shop': 'sains', 'url': 'https://www.sainsburys.co.uk/shop/gb/groceries/product/details/easter-special-offers/kitkat-chunky-cookie-dough-milk-chocolate-incredible-egg-516g', 'product_name': 'KitKat Chunky Cookie Dough Milk Chocolate Incredible Egg 516g', 'product_price': '£10.00', 'product_additionals': '£1.94 / 100g'}, {'shop': 'sains', 'url': 'https://www.sainsburys.co.uk/shop/gb/groceries/product/details/easter-giant/kitkat-chunky-cookie-dough-milk-chocolate-incredible-egg-516g', 'product_name': 'KitKat Chunky Cookie Dough Milk Chocolate Incredible Egg 516g', 'product_price': '£10.00', 'product_additionals': '£1.94 / 100g'}, {'shop': 'asda', 'url': 'https://groceries.asda.com/product/1000236571331', 'product_name': 'KitKat Santa Milk Chocolate Advent Calendar', 'product_price': '£4.00', 'product_additionals': '(£2.05/100g)'}, {'shop': 'asda', 'url': 'https://groceries.asda.com/product/1000236571472', 'product_name': 'KitKat Santa Milk Chocolate Sharing Bag', 'product_price': '£1.00', 'product_additionals': '(£1.52/100g)'}, {'shop': 'asda', 'url': 'https://groceries.asda.com/product/910001456277', 'product_name': 'KTC Coconut Milk', 'product_price': '£0.59', 'product_additionals': '(£1.48/kg)'}, {'shop': 'asda', 'url': 'https://groceries.asda.com/product/23699423', 'product_name': 'Kulfi Ice Malai Milk Ice Lollies with Almonds & Pistachios', 'product_price': '£2.00', 'product_additionals': 'No weight data'}, {'shop': 'asda', 'url': 'https://groceries.asda.com/product/23699425', 'product_name': 'Kulfi Ice Pistachio Milk Lollies with Real Pistachos', 'product_price': '£2.00', 'product_additionals': 'No weight data'}, {'shop': 'asda', 'url': 'https://groceries.asda.com/product/1849120', 'product_name': "L'Oreal Age Perfect Cleansing Milk", 'product_price': '£2.50', 'product_additionals': '(£1.25/100ml)'}, {'shop': 'sains', 'url': 'https://www.sainsburys.co.uk/shop/gb/groceries/product/details/top-rated-44/loreal-age-perfect-cleanser-200ml', 'product_name': "L'Oreal Paris Age Perfect Cleansing Milk 200ml", 'product_price': '£2.50', 'product_additionals': '£1.25 / 100ml'}, {'shop': 'tesco', 'url': 'https://www.tesco.com/groceries/en-GB/products/252223333', 'product_name': "L'oreal Paris Age Perfect Cleansing Milk 200Ml", 'product_price': '£ 5.00', 'product_additionals': '£2.50/100ml'}, {'shop': 'asda', 'url': 'https://groceries.asda.com/product/1000112907040', 'product_name': "L'Oreal Paris Fine Flowers Cleansing Milk", 'product_price': '£3.95', 'product_additionals': '(£1.98/100ml)'}, {'shop': 'asda', 'url': 'https://groceries.asda.com/product/910002933503', 'product_name': 'Laciate Chocolate Flavoured UHT Milk', 'product_price': '£0.50', 'product_additionals': '(25.0p/100ml)'}, {'shop': 'asda', 'url': 'https://groceries.asda.com/product/910001461430', 'product_name': 'Laciate Junior UHT Milk', 'product_price': '£0.95', 'product_additionals': '(9.5p/100ml)'}, {'shop': 'asda', 'url': 'https://groceries.asda.com/product/78524096', 'product_name': 'Laciate Longlife 2% Milk', 'product_price': '£0.95', 'product_additionals': '(95.0p/lt)'}, {'shop': 'tesco', 'url': 'https://www.tesco.com/groceries/en-GB/products/263294438', 'product_name': 'Laciate Milk 2% 1 Litre', 'product_price': '£ 1.00', 'product_additionals': '£1.00/litre'}, {'shop': 'tesco', 'url': 'https://www.tesco.com/groceries/en-GB/products/263294513', 'product_name': 'Laciate Milk 3.2% 1 Litre', 'product_price': '£ 1.00', 'product_additionals': '£1.00/litre'}, {'shop': 'asda', 'url': 'https://groceries.asda.com/product/910002933764', 'product_name': 'Laciate Strawberry Flavoured UHT Milk', 'product_price': '£0.50', 'product_additionals': '(25.0p/100ml)'}, {'shop': 'asda', 'url': 'https://groceries.asda.com/product/78524097', 'product_name': 'Laciate UHT 3.2% Milk', 'product_price': '£0.95', 'product_additionals': '(95.0p/lt)'}, {'shop': 'asda', 'url': 'https://groceries.asda.com/product/910002933933', 'product_name': 'Laciate Vanilla Flavoured UHT Milk', 'product_price': '£0.50', 'product_additionals': '(25.0p/100ml)'}, {'shop': 'tesco', 'url': 'https://www.tesco.com/groceries/en-GB/products/258877943', 'product_name': 'Lactofree Fresh Semi Skimmed Milk 1L', 'product_price': '£ 1.40', 'product_additionals': '£1.40/litre'}, {'shop': 'tesco', 'url': 'https://www.tesco.com/groceries/en-GB/products/259742068', 'product_name': 'Lactofree Fresh Whole Milk 1L', 'product_price': '£ 1.40', 'product_additionals': '£1.40/litre'}, {'shop': 'tesco', 'url': 'https://www.tesco.com/groceries/en-GB/products/259366628', 'product_name': 'Lactofree Longlife Whole Milk 1L', 'product_price': '£ 1.40', 'product_additionals': '£1.40/litre'}, {'shop': 'tesco', 'url': 'https://www.tesco.com/groceries/en-GB/products/267309503', 'product_name': 'Lactofree Milk Longlife Portions 5X20ml', 'product_price': '£ 0.75', 'product_additionals': '£7.50/litre'}, {'shop': 'sains', 'url': 'https://www.sainsburys.co.uk/shop/gb/groceries/product/details/lactose-free--/arla-lactofree-semi-skimmed-milk-portions-5x20ml', 'product_name': 'Lactofree UHT Semi Skimmed Milk Portions 5x20ml', 'product_price': '75p', 'product_additionals': '£7.50 / ltr'}, {'shop': 'tesco', 'url': 'https://www.tesco.com/groceries/en-GB/products/281381884', 'product_name': 'Lancashire Farm Whole Milk Yogurt 1Kg', 'product_price': '£ 1.50', 'product_additionals': '£1.50/kg'}, {'shop': 'asda', 'url': 'https://groceries.asda.com/product/1000000473614', 'product_name': 'Lancashire Farm Wholemilk Natural Yogurt', 'product_price': '£0.80', 'product_additionals': '(17.0p/100g)'}, {'shop': 'tesco', 'url': 'https://www.tesco.com/groceries/en-GB/products/283816938', 'product_name': 'Lansinoh Breastmilk Storage Bags X25', 'product_price': '£ 5.50', 'product_additionals': '£0.22/each'}, {'shop': 'asda', 'url': 'https://groceries.asda.com/product/1000240590377', 'product_name': 'Lebkuchen Milk Chocolate Rounds Biscuits', 'product_price': '£0.25', 'product_additionals': '(12.5p/100g)'}, {'shop': 'tesco', 'url': 'https://www.tesco.com/groceries/en-GB/products/302284587', 'product_name': 'Lindt Excellence 55% Milk Chocolate Cocoa Bar 80G', 'product_price': '£ 2.00', 'product_additionals': '£2.50/100g'}, {'shop': 'tesco', 'url': 'https://www.tesco.com/groceries/en-GB/products/302300327', 'product_name': 'Lindt Excellence 65% Milk Chocolate Cocoa Bar 80G', 'product_price': '£ 2.00', 'product_additionals': '£2.50/100g'}, {'shop': 'tesco', 'url': 'https://www.tesco.com/groceries/en-GB/products/251277783', 'product_name': 'Lindt Excellence Extra Creamy Milk Chocolate Bar 100G', 'product_price': '£ 2.00', 'product_additionals': '£2.00/100g'}, {'shop': 'asda', 'url': 'https://groceries.asda.com/product/1000157579301', 'product_name': 'Lindt Excellence Milk 45% Cocoa Chocolate Bar', 'product_price': '£1.99', 'product_additionals': '(£2.49/100g)'}, {'shop': 'asda', 'url': 'https://groceries.asda.com/product/1000157579304', 'product_name': 'Lindt Excellence Milk 55% Cocoa Chocolate Bar', 'product_price': '£1.99', 'product_additionals': '(£2.49/100g)'}, {'shop': 'asda', 'url': 'https://groceries.asda.com/product/1000157579361', 'product_name': 'Lindt Excellence Milk 65% Cocoa Chocolate Bar', 'product_price': '£1.99', 'product_additionals': '(£2.49/100g)'}, {'shop': 'sains', 'url': 'https://www.sainsburys.co.uk/shop/gb/groceries/product/details/chocolate-and-sweets-/lindt-excellence-bar--creamy-milk-chocolate-100g', 'product_name': 'Lindt Excellence Milk Extra Creamy Chocolate Bar 100g', 'product_price': '£1.50', 'product_additionals': '£1.50 / 100g'}, {'shop': 'tesco', 'url': 'https://www.tesco.com/groceries/en-GB/products/304411947', 'product_name': 'Lindt Excellence Milk Sea Salt Caramel Chocolate 100G', 'product_price': '£ 2.00', 'product_additionals': '£2.00/100g'}, {'shop': 'sains', 'url': 'https://www.sainsburys.co.uk/shop/gb/groceries/product/details/all-easter-/lindt-gold-bunny-egg-115g', 'product_name': 'Lindt Gold Bunny Easter Egg Milk Chocolate 115g', 'product_price': '£5.00', 'product_additionals': '£4.35 / 100g'}, {'shop': 'sains', 'url': 'https://www.sainsburys.co.uk/shop/gb/groceries/product/details/easter-special-offers/lindt-gold-bunny-egg-115g', 'product_name': 'Lindt Gold Bunny Easter Egg Milk Chocolate 115g', 'product_price': '£5.00', 'product_additionals': '£4.35 / 100g'}, {'shop': 'tesco', 'url': 'https://www.tesco.com/groceries/en-GB/products/281221971', 'product_name': 'Lindt Gold Bunny Milk & Hazelnut 100G', 'product_price': '£ 2.50', 'product_additionals': '£2.50/100g'}, {'shop': 'tesco', 'url': 'https://www.tesco.com/groceries/en-GB/products/261845954', 'product_name': 'Lindt Gold Bunny Milk Chocolate 100G', 'product_price': '£ 2.50', 'product_additionals': '£2.50/100g'}, {'shop': 'sains', 'url': 'https://www.sainsburys.co.uk/shop/gb/groceries/product/details/all-easter-eggs-and-chocolate-/lindt-gold-bunny-milk-chocolate-100g', 'product_name': 'Lindt Gold Bunny Milk Chocolate 100g', 'product_price': '£2.50', 'product_additionals': '£2.50 / 100g'}, {'shop': 'sains', 'url': 'https://www.sainsburys.co.uk/shop/gb/groceries/product/details/all-easter-/lindt-gold-bunny-egg-195g', 'product_name': 'Lindt Gold Bunny Milk Chocolate 195g', 'product_price': '£10.00', 'product_additionals': '£5.13 / 100g'}, {'shop': 'sains', 'url': 'https://www.sainsburys.co.uk/shop/gb/groceries/product/details/easter-special-offers/lindt-gold-bunny-egg-195g', 'product_name': 'Lindt Gold Bunny Milk Chocolate 195g', 'product_price': '£10.00', 'product_additionals': '£5.13 / 100g'}, {'shop': 'tesco', 'url': 'https://www.tesco.com/groceries/en-GB/products/304791640', 'product_name': 'Lindt Gold Bunny Milk Chocolate 200G', 'product_price': '£ 4.00', 'product_additionals': '£2.00/100g'}, {'shop': 'tesco', 'url': 'https://www.tesco.com/groceries/en-GB/products/251095266', 'product_name': 'Lindt Gold Bunny Milk Chocolate 200G', 'product_price': '£ 4.00', 'product_additionals': '£2.00/100g'}, {'shop': 'tesco', 'url': 'https://www.tesco.com/groceries/en-GB/products/257054162', 'product_name': 'Lindt Gold Bunny Milk Chocolate 50G', 'product_price': '£ 1.50', 'product_additionals': '£3.00/100g'}, {'shop': 'tesco', 'url': 'https://www.tesco.com/groceries/en-GB/products/304790854', 'product_name': 'Lindt Gold Bunny Milk Chocolate Egg 115G', 'product_price': '£ 4.00', 'product_additionals': '£3.48/100g'}, {'shop': 'tesco', 'url': 'https://www.tesco.com/groceries/en-GB/products/304797294', 'product_name': 'Lindt Gold Bunny Milk Chocolate Egg 195G', 'product_price': '£ 8.00', 'product_additionals': '£4.11/100g'}, {'shop': 'tesco', 'url': 'https://www.tesco.com/groceries/en-GB/products/304399621', 'product_name': 'Lindt Gold Bunny Milk Chocolate Egg 460G', 'product_price': '£ 15.00', 'product_additionals': '£3.27/100g'}, {'shop': 'tesco', 'url': 'https://www.tesco.com/groceries/en-GB/products/264358155', 'product_name': 'Lindt Gold Milk Chocolate Easter Bunny 5 X 10G', 'product_price': '£ 2.00', 'product_additionals': '£4.00/100g'}, {'shop': 'tesco', 'url': 'https://www.tesco.com/groceries/en-GB/products/258202199', 'product_name': 'Lindt Hazelnut Milk Chocolate Bar 150G', 'product_price': '£ 2.50', 'product_additionals': '£1.67/100g'}, {'shop': 'asda', 'url': 'https://groceries.asda.com/product/1000107572027', 'product_name': 'Lindt Les Grandes Milk Chocolate Hazelnut Bar', 'product_price': '£2.50', 'product_additionals': '(£1.67/100g)'}, {'shop': 'sains', 'url': 'https://www.sainsburys.co.uk/shop/gb/groceries/product/details/top-rated-44/lindt-milk-hazelnut-150g', 'product_name': 'Lindt Les Grandes Milk Chocolate Hazelnut Bar 150g', 'product_price': '£3.00', 'product_additionals': '£2.00 / 100g'}, {'shop': 'sains', 'url': 'https://www.sainsburys.co.uk/shop/gb/groceries/product/details/chocolate-and-sweets-/lindt-milk-hazelnut-150g', 'product_name': 'Lindt Les Grandes Milk Chocolate Hazelnut Bar 150g', 'product_price': '£3.00', 'product_additionals': '£2.00 / 100g'}, {'shop': 'sains', 'url': 'https://www.sainsburys.co.uk/shop/gb/groceries/product/details/all-mothers-day/lindt-milk-hazelnut-150g', 'product_name': 'Lindt Les Grandes Milk Chocolate Hazelnut Bar 150g', 'product_price': '£3.00', 'product_additionals': '£2.00 / 100g'}, {'shop': 'asda', 'url': 'https://groceries.asda.com/product/1000157579174', 'product_name': 'Lindt Lindor Assorted Milk & White Chocolate', 'product_price': '£5.50', 'product_additionals': 'No weight data'}, {'shop': 'tesco', 'url': 'https://www.tesco.com/groceries/en-GB/products/302862404', 'product_name': 'Lindt Lindor Assorted Milk Chocolate Shell Egg 215G', 'product_price': '£ 6.00', 'product_additionals': '£2.80/100g'}, {'shop': 'asda', 'url': 'https://groceries.asda.com/product/1000157579199', 'product_name': 'Lindt Lindor Gift Wrapped Milk Chocolates', 'product_price': '£7.00', 'product_additionals': '(£2.44/100g)'}, {'shop': 'tesco', 'url': 'https://www.tesco.com/groceries/en-GB/products/302318589', 'product_name': 'Lindt Lindor Milk & White Chocolate Box 200G', 'product_price': '£ 5.00', 'product_additionals': '£2.50/100g'}, {'shop': 'asda', 'url': 'https://groceries.asda.com/product/910001431762', 'product_name': 'Lindt Lindor Milk Chocolate', 'product_price': '£0.75', 'product_additionals': '(£1.97/100g)'}, {'shop': 'tesco', 'url': 'https://www.tesco.com/groceries/en-GB/products/297057651', 'product_name': 'Lindt Lindor Milk Chocolate 4X25g', 'product_price': '£ 2.00', 'product_additionals': '£2.00/100g'}, {'shop': 'asda', 'url': 'https://groceries.asda.com/product/910000460007', 'product_name': 'Lindt Lindor Milk Chocolate Bar', 'product_price': '£1.70', 'product_additionals': '(£1.70/100g)'}, {'shop': 'tesco', 'url': 'https://www.tesco.com/groceries/en-GB/products/268370997', 'product_name': 'Lindt Lindor Milk Chocolate Bar 100G', 'product_price': '£ 1.70', 'product_additionals': '£1.70/100g'}, {'shop': 'asda', 'url': 'https://groceries.asda.com/product/1000000987071', 'product_name': 'Lindt Lindor Milk Chocolate Bars 4 Pack', 'product_price': '£2.00', 'product_additionals': '(£2.00/100g)'}, {'shop': 'asda', 'url': 'https://groceries.asda.com/product/910000464579', 'product_name': 'Lindt Lindor Milk Chocolate Carton', 'product_price': '£5.50', 'product_additionals': '(£1.63/100g)'}, {'shop': 'asda', 'url': 'https://groceries.asda.com/product/485334', 'product_name': 'Lindt Lindor Milk Chocolate Carton', 'product_price': '£3.50', 'product_additionals': '(£1.75/100g)'}, {'shop': 'tesco', 'url': 'https://www.tesco.com/groceries/en-GB/products/307151495', 'product_name': 'Lindt Lindor Milk Chocolate Eggs 80G', 'product_price': '£ 1.50', 'product_additionals': '£1.88/100g'}, {'shop': 'asda', 'url': 'https://groceries.asda.com/product/1000235368566', 'product_name': 'Lindt Lindor Milk Chocolate Mini Truffles', 'product_price': '£1.50', 'product_additionals': '(£1.88/100g)'}, {'shop': 'tesco', 'url': 'https://www.tesco.com/groceries/en-GB/products/302862387', 'product_name': 'Lindt Lindor Milk Chocolate Shell Egg 215G', 'product_price': '£ 6.00', 'product_additionals': '£2.80/100g'}, {'shop': 'asda', 'url': 'https://groceries.asda.com/product/1000208077873', 'product_name': 'Lindt Lindor Milk Chocolate Truffles Box', 'product_price': '£1.00', 'product_additionals': '(£2.70/100g)'}, {'shop': 'sains', 'url': 'https://www.sainsburys.co.uk/shop/gb/groceries/product/details/all-easter-/lindt-lindor-milk-chocolate-200g', 'product_name': 'Lindt Lindor Milk Chocolate Truffles Box 200g', 'product_price': '£4.00', 'product_additionals': '£2.00 / 100g'}, {'shop': 'sains', 'url': 'https://www.sainsburys.co.uk/shop/gb/groceries/product/details/easter-special-offers/lindt-lindor-milk-chocolate-200g', 'product_name': 'Lindt Lindor Milk Chocolate Truffles Box 200g', 'product_price': '£4.00', 'product_additionals': '£2.00 / 100g'}, {'shop': 'sains', 'url': 'https://www.sainsburys.co.uk/shop/gb/groceries/product/details/boxedchocolates/lindt-lindor-milk-chocolate-200g', 'product_name': 'Lindt Lindor Milk Chocolate Truffles Box 200g', 'product_price': '£4.00', 'product_additionals': '£2.00 / 100g'}, {'shop': 'sains', 'url': 'https://www.sainsburys.co.uk/shop/gb/groceries/product/details/chocolate-and-sweets-/lindt-lindor-milk-chocolate-200g', 'product_name': 'Lindt Lindor Milk Chocolate Truffles Box 200g', 'product_price': '£4.00', 'product_additionals': '£2.00 / 100g'}, {'shop': 'sains', 'url': 'https://www.sainsburys.co.uk/shop/gb/groceries/product/details/all-gifting/lindt-lindor-milk-chocolate-200g', 'product_name': 'Lindt Lindor Milk Chocolate Truffles Box 200g', 'product_price': '£4.00', 'product_additionals': '£2.00 / 100g'}, {'shop': 'sains', 'url': 'https://www.sainsburys.co.uk/shop/gb/groceries/product/details/chocolate-and-sweets-/lindt-lindor-milk-chocolate-337g', 'product_name': 'Lindt Lindor Milk Chocolate Truffles Box 337g', 'product_price': '£6.00', 'product_additionals': '£1.78 / 100g'}, {'shop': 'sains', 'url': 'https://www.sainsburys.co.uk/shop/gb/groceries/product/details/all-easter-eggs-and-chocolate-/lindt-lindor-milk-chocolate-337g', 'product_name': 'Lindt Lindor Milk Chocolate Truffles Box 337g', 'product_price': '£6.00', 'product_additionals': '£1.78 / 100g'}, {'shop': 'sains', 'url': 'https://www.sainsburys.co.uk/shop/gb/groceries/product/details/sweet-treats-44/lindt-lindor-milk-chocolate-337g', 'product_name': 'Lindt Lindor Milk Chocolate Truffles Box 337g', 'product_price': '£6.00', 'product_additionals': '£1.78 / 100g'}, {'shop': 'coop', 'url': 'https://www.coop.co.uk/products/lindt-lindor-milk-chocolate-truffles-box-337g', 'product_name': 'Lindt Lindor Milk Chocolate Truffles Box 337g', 'product_price': '£6', 'product_additionals': '337g (£1.78 per 100g)'}, {'shop': 'sains', 'url': 'https://www.sainsburys.co.uk/shop/gb/groceries/product/details/special-offers-/lindt-lindor-milk-chocolate-337g', 'product_name': 'Lindt Lindor Milk Chocolate Truffles Box 337g', 'product_price': '£6.00', 'product_additionals': '£1.78 / 100g'}, {'shop': 'sains', 'url': 'https://www.sainsburys.co.uk/shop/gb/groceries/product/details/boxedchocolates/lindt-lindor-milk-chocolate-337g', 'product_name': 'Lindt Lindor Milk Chocolate Truffles Box 337g', 'product_price': '£6.00', 'product_additionals': '£1.78 / 100g'}, {'shop': 'sains', 'url': 'https://www.sainsburys.co.uk/shop/gb/groceries/product/details/special-offers-/lindt-lindor-milk-chocolate-50g', 'product_name': 'Lindt Lindor Milk Chocolate Truffles Box 37g', 'product_price': '£1.00', 'product_additionals': '£2.70 / 100g'}, {'shop': 'sains', 'url': 'https://www.sainsburys.co.uk/shop/gb/groceries/product/details/chocolate-and-sweets-/lindt-lindor-milk-chocolate-50g', 'product_name': 'Lindt Lindor Milk Chocolate Truffles Box 37g', 'product_price': '£1.00', 'product_additionals': '£2.70 / 100g'}, {'shop': 'sains', 'url': 'https://www.sainsburys.co.uk/shop/gb/groceries/product/details/easter-special-offers/lindt-lindor-milk-chocolate-50g', 'product_name': 'Lindt Lindor Milk Chocolate Truffles Box 37g', 'product_price': '£1.00', 'product_additionals': '£2.70 / 100g'}, {'shop': 'tesco', 'url': 'https://www.tesco.com/groceries/en-GB/products/250265770', 'product_name': 'Lindt Lindor Milk Chocolate Truffles Carton 200G', 'product_price': '£ 5.00', 'product_additionals': '£2.50/100g'}, {'shop': 'tesco', 'url': 'https://www.tesco.com/groceries/en-GB/products/259183944', 'product_name': 'Lindt Lindor Milk Chocolate Truffles Carton 337G', 'product_price': '£ 7.40', 'product_additionals': '£2.20/100g'}, {'shop': 'asda', 'url': 'https://groceries.asda.com/product/910002593462', 'product_name': 'Lindt Lindor Milk Chocolate Truffles in a Bowl', 'product_price': '£9.00', 'product_additionals': '(£1.64/100g)'}, {'shop': 'asda', 'url': 'https://groceries.asda.com/product/1000235368506', 'product_name': 'Lindt Lindor Milk Chocolate Truffles, Hearts & Square Advent Calendar', 'product_price': '£8.00', 'product_additionals': '(£2.67/100g)'}, {'shop': 'tesco', 'url': 'https://www.tesco.com/groceries/en-GB/products/306948067', 'product_name': 'Lindt Lindor Milk Mini Chocolate Pouch 90G', 'product_price': '£ 2.50', 'product_additionals': '£2.78/100g'}, {'shop': 'tesco', 'url': 'https://www.tesco.com/groceries/en-GB/products/297738842', 'product_name': 'Lindt Lindor Milk Mint 200G', 'product_price': '£ 5.00', 'product_additionals': '£2.50/100g'}, {'shop': 'asda', 'url': 'https://groceries.asda.com/product/1000044365860', 'product_name': 'Lindt Lindor Milk Orange Chocolate Bars', 'product_price': '£2.00', 'product_additionals': '(£2.00/100g)'}, {'shop': 'sains', 'url': 'https://www.sainsburys.co.uk/shop/gb/groceries/product/details/sweet-treats-44/lindor-milk-orange-cornet-200g', 'product_name': 'Lindt Lindor Milk Orange Chocolate Truffles Box 200g', 'product_price': '£4.00', 'product_additionals': '£2.00 / 100g'}, {'shop': 'sains', 'url': 'https://www.sainsburys.co.uk/shop/gb/groceries/product/details/all-gifting/lindor-milk-orange-cornet-200g', 'product_name': 'Lindt Lindor Milk Orange Chocolate Truffles Box 200g', 'product_price': '£4.00', 'product_additionals': '£2.00 / 100g'}, {'shop': 'sains', 'url': 'https://www.sainsburys.co.uk/shop/gb/groceries/product/details/chocolate-and-sweets-/lindor-milk-orange-cornet-200g', 'product_name': 'Lindt Lindor Milk Orange Chocolate Truffles Box 200g', 'product_price': '£4.00', 'product_additionals': '£2.00 / 100g'}, {'shop': 'asda', 'url': 'https://groceries.asda.com/product/1000235368486', 'product_name': 'Lindt Lindor Milk Selection Box', 'product_price': '£6.00', 'product_additionals': '(£2.56/100g)'}, {'shop': 'tesco', 'url': 'https://www.tesco.com/groceries/en-GB/products/306503726', 'product_name': 'Lindt Lindor Milk Truffles 37G', 'product_price': '£ 1.20', 'product_additionals': '£3.25/100g'}, {'shop': 'tesco', 'url': 'https://www.tesco.com/groceries/en-GB/products/307140986', 'product_name': 'Lindt Lindor Mint Milk Chocolate Eggs 80G', 'product_price': '£ 1.50', 'product_additionals': '£1.88/100g'}, {'shop': 'asda', 'url': 'https://groceries.asda.com/product/910003081538', 'product_name': 'Lindt Lindor Orange Milk Chocolate Bar', 'product_price': '£0.75', 'product_additionals': '(£1.97/100g)'}, {'shop': 'asda', 'url': 'https://groceries.asda.com/product/910002078031', 'product_name': 'Lindt Lindor Orange Milk Chocolate Truffles with a Smooth Melting Filling', 'product_price': '£3.50', 'product_additionals': '(£1.75/100g)'}, {'shop': 'tesco', 'url': 'https://www.tesco.com/groceries/en-GB/products/302273139', 'product_name': 'Lindt Milk Chocolate & Hazelnut Wafer 30G', 'product_price': '£ 0.80', 'product_additionals': '£2.67/100g'}, {'shop': 'sains', 'url': 'https://www.sainsburys.co.uk/shop/gb/groceries/product/details/easter-special-offers/lindt-milk-chocolate-easter-egg-with-lindor-assorted-truffles-260g', 'product_name': 'Lindt Milk Chocolate Easter Egg with Lindor Assorted Truffles 260g', 'product_price': '£10.00', 'product_additionals': '£3.85 / 100g'}, {'shop': 'tesco', 'url': 'https://www.tesco.com/groceries/en-GB/products/307359123', 'product_name': 'Lindt Milk Chocolate Egg With Assorted Truffles 348G', 'product_price': '£ 15.00', 'product_additionals': '£4.32/100g'}, {'shop': 'tesco', 'url': 'https://www.tesco.com/groceries/en-GB/products/307157539', 'product_name': 'Lindt Milk Chocolate Egg With Lindor Assorted Truffles 260G', 'product_price': '£ 8.00', 'product_additionals': '£3.08/100g'}, {'shop': 'sains', 'url': 'https://www.sainsburys.co.uk/shop/gb/groceries/product/details/easterluxury/lindt-lindor-milk-chocolate-easter-egg-with-lindor-filled-eggs-322g', 'product_name': 'Lindt Milk Chocolate Egg with LINDOR Milk Filled Eggs 322g', 'product_price': '£12.00', 'product_additionals': '£3.73 / 100g'}, {'shop': 'tesco', 'url': 'https://www.tesco.com/groceries/en-GB/products/307361315', 'product_name': 'Lindt Milk Chocolate Egg With Lindor Milk Truffles 348G', 'product_price': '£ 15.00', 'product_additionals': '£4.32/100g'}, {'shop': 'tesco', 'url': 'https://www.tesco.com/groceries/en-GB/products/307159475', 'product_name': 'Lindt Milk Chocolate Egg With Lindor Mint Truffles 260G', 'product_price': '£ 8.00', 'product_additionals': '£3.08/100g'}, {'shop': 'sains', 'url': 'https://www.sainsburys.co.uk/shop/gb/groceries/product/details/all-easter-eggs-and-chocolate-/lindt-lindor-milk-mint-egg-285g-check-your-local-store-for-available-range-', 'product_name': 'Lindt Milk Chocolate Egg with LINDOR Mint Truffles 260g', 'product_price': '£10.00', 'product_additionals': '£3.85 / 100g'}, {'shop': 'tesco', 'url': 'https://www.tesco.com/groceries/en-GB/products/307341944', 'product_name': 'Lindt Milk Chocolate Egg With Milk & White Truffles 260G', 'product_price': '£ 8.00', 'product_additionals': '£3.08/100g'}, {'shop': 'tesco', 'url': 'https://www.tesco.com/groceries/en-GB/products/307354537', 'product_name': 'Lindt Milk Chocolate Egg With Milk Lndor Truffles 260G', 'product_price': '£ 8.00', 'product_additionals': '£3.08/100g'}, {'shop': 'tesco', 'url': 'https://www.tesco.com/groceries/en-GB/products/307137023', 'product_name': 'Lindt Milk Chocolate Egg With Salted Caramel Truffles 260G', 'product_price': '£ 8.00', 'product_additionals': '£3.08/100g'}, {'shop': 'asda', 'url': 'https://groceries.asda.com/product/910000464636', 'product_name': 'Lindt Milk Chocolate Gold Reindeer', 'product_price': '£2.50', 'product_additionals': '(£2.50/100g)'}, {'shop': 'asda', 'url': 'https://groceries.asda.com/product/910000464535', 'product_name': 'Lindt Milk Chocolate Santa Claus', 'product_price': '£2.50', 'product_additionals': '(£2.00/100g)'}, {'shop': 'asda', 'url': 'https://groceries.asda.com/product/910000464862', 'product_name': 'Lindt Milk Chocolate Teddy', 'product_price': '£2.50', 'product_additionals': '(£2.50/100g)'}, {'shop': 'asda', 'url': 'https://groceries.asda.com/product/1000072843061', 'product_name': 'Lindt Milk Chocolate Teddy', 'product_price': '£2.50', 'product_additionals': '(£2.50/100g)'}, {'shop': 'tesco', 'url': 'https://www.tesco.com/groceries/en-GB/products/307135479', 'product_name': 'Lindt Mini Eggs Milk Chocolate With Creamy Filling 80G', 'product_price': '£ 1.50', 'product_additionals': '£1.88/100g'}, {'shop': 'tesco', 'url': 'https://www.tesco.com/groceries/en-GB/products/307755558', 'product_name': 'Lindt Mini Milk Chocolate Eggs 177G', 'product_price': '£ 4.00', 'product_additionals': '£2.26/100g'}, {'shop': 'sains', 'url': 'https://www.sainsburys.co.uk/shop/gb/groceries/product/details/all-easter-eggs-and-chocolate-/lindt-nuxor-milk-165g', 'product_name': 'Lindt Nuxor with Milk Chocolate 165g', 'product_price': '£5.00', 'product_additionals': '£3.03 / 100g'}, {'shop': 'sains', 'url': 'https://www.sainsburys.co.uk/shop/gb/groceries/product/details/boxedchocolates/lindt-nuxor-milk-165g', 'product_name': 'Lindt Nuxor with Milk Chocolate 165g', 'product_price': '£5.00', 'product_additionals': '£3.03 / 100g'}, {'shop': 'sains', 'url': 'https://www.sainsburys.co.uk/shop/gb/groceries/product/details/all-easter-/lindt-nuxor-milk-165g', 'product_name': 'Lindt Nuxor with Milk Chocolate 165g', 'product_price': '£5.00', 'product_additionals': '£3.03 / 100g'}, {'shop': 'sains', 'url': 'https://www.sainsburys.co.uk/shop/gb/groceries/product/details/easter-special-offers/lindt-nuxor-milk-165g', 'product_name': 'Lindt Nuxor with Milk Chocolate 165g', 'product_price': '£5.00', 'product_additionals': '£3.03 / 100g'}, {'shop': 'sains', 'url': 'https://www.sainsburys.co.uk/shop/gb/groceries/product/details/sweet-treats-44/lindt-nuxor-milk-165g', 'product_name': 'Lindt Nuxor with Milk Chocolate 165g', 'product_price': '£5.00', 'product_additionals': '£3.03 / 100g'}, {'shop': 'asda', 'url': 'https://groceries.asda.com/product/910002075685', 'product_name': "Lindt Santa's Little Helpers Milk Chocolate 5 Pieces", 'product_price': '£2.00', 'product_additionals': '(£4.00/100g)'}, {'shop': 'asda', 'url': 'https://groceries.asda.com/product/1000001955109', 'product_name': 'Lindt Santa, Sleigh & 5 Gold Reindeer Milk Chocolates', 'product_price': '£2.00', 'product_additionals': '(£4.00/100g)'}, {'shop': 'sains', 'url': 'https://www.sainsburys.co.uk/shop/gb/groceries/product/details/all-easter-/lindt-gold-bunny-flower-milk-100g', 'product_name': 'Lindt Special Edition Gold Bunny Milk 100g', 'product_price': '£3.00', 'product_additionals': '£3.00 / 100g'}, {'shop': 'sains', 'url': 'https://www.sainsburys.co.uk/shop/gb/groceries/product/details/easter-special-offers/lindt-gold-bunny-flower-milk-100g', 'product_name': 'Lindt Special Edition Gold Bunny Milk 100g', 'product_price': '£3.00', 'product_additionals': '£3.00 / 100g'}, {'shop': 'asda', 'url': 'https://groceries.asda.com/product/1000179027729', 'product_name': 'Lindt Teddy Milk Chocolate Teddy Tree Decorations', 'product_price': '£3.00', 'product_additionals': '(£5.00/100g)'}, {'shop': 'asda', 'url': 'https://groceries.asda.com/product/1000196707175', 'product_name': 'Little Steps First Infant Milk From Birth', 'product_price': '£0.65', 'product_additionals': 'No weight data'}, {'shop': 'asda', 'url': 'https://groceries.asda.com/product/1000196707105', 'product_name': 'Little Steps Follow-on Milk 6mth+', 'product_price': '£0.65', 'product_additionals': 'No weight data'}, {'shop': 'asda', 'url': 'https://groceries.asda.com/product/1000196707080', 'product_name': 'Little Steps Growing up Milk 1-3yr', 'product_price': '£7.49', 'product_additionals': 'No weight data'}, {'shop': 'asda', 'url': 'https://groceries.asda.com/product/1000152808223', 'product_name': 'Lowicz Natural Buttermilk', 'product_price': '£1.05', 'product_additionals': '(10.5p/100ml)'}, {'shop': 'asda', 'url': 'https://groceries.asda.com/product/910000022507', 'product_name': 'LU Mikado Milk Chocolate Biscuits', 'product_price': '£1.00', 'product_additionals': '(£1.33/100g)'}, {'shop': 'tesco', 'url': 'https://www.tesco.com/groceries/en-GB/products/304381630', 'product_name': 'Lucy Bee Organic Coconut Milk 1 Litre', 'product_price': '£ 2.50', 'product_additionals': '£2.50/litre'}, {'shop': 'tesco', 'url': 'https://www.tesco.com/groceries/en-GB/products/306648094', 'product_name': 'M&M Crunchy Caramel Milk Chocolate 165G', 'product_price': '£ 2.00', 'product_additionals': '£1.22/100g'}, {'shop': 'tesco', 'url': 'https://www.tesco.com/groceries/en-GB/products/302303474', 'product_name': "M&M's Crispy Milk Chocolate Block 150G", 'product_price': '£ 2.00', 'product_additionals': '£1.34/100g'}, {'shop': 'tesco', 'url': 'https://www.tesco.com/groceries/en-GB/products/302276643', 'product_name': "M&M's Milk Chocolate Block 165G", 'product_price': '£ 2.00', 'product_additionals': '£1.22/100g'}, {'shop': 'tesco', 'url': 'https://www.tesco.com/groceries/en-GB/products/302317399', 'product_name': "M&M's Peanut Milk Chocolate Block 165G", 'product_price': '£ 2.00', 'product_additionals': '£1.22/100g'}, {'shop': 'coop', 'url': 'https://www.coop.co.uk/products/mackies-honeycomb-milk-chocolate-with-honeycomb-pieces-120g', 'product_name': "Mackie's Honeycomb Milk Chocolate with Honeycomb Pieces 120g", 'product_price': '£1', 'product_additionals': '120g (83.3p per 100g)'}, {'shop': 'coop', 'url': 'https://www.coop.co.uk/products/mackies-milk-chocolate-120g', 'product_name': "Mackie's Milk Chocolate 120g", 'product_price': '£1.80', 'product_additionals': '150g (66.7p per 100g)'}, {'shop': 'tesco', 'url': 'https://www.tesco.com/groceries/en-GB/products/268726658', 'product_name': 'Maggi Coconut Milk Powder 300G', 'product_price': '£ 4.39', 'product_additionals': '£1.47/100g'}, {'shop': 'coop', 'url': 'https://www.coop.co.uk/products/magnum-milk-chocolate-cookie-crunch-255ml', 'product_name': 'Magnum Milk Chocolate Cookie Crunch 255ml', 'product_price': '£2.50\nwas\n£4.10', 'product_additionals': '255ml (98.0p per 100ml)'}, {'shop': 'asda', 'url': 'https://groceries.asda.com/product/1000112907115', 'product_name': 'Mallow & Marsh Vanilla Marshmallows Coated in Milk Chocolate', 'product_price': '£2.00', 'product_additionals': '(£2.00/100g)'}, {'shop': 'tesco', 'url': 'https://www.tesco.com/groceries/en-GB/products/264282026', 'product_name': 'Malteaster Bunny Milk Chocolate Bar 29G', 'product_price': '£ 0.50', 'product_additionals': '£1.73/100g'}, {'shop': 'tesco', 'url': 'https://www.tesco.com/groceries/en-GB/products/272366605', 'product_name': 'Malteaster Minnie Bunnies Milk Chocolate Pouch 58G', 'product_price': '£ 1.00', 'product_additionals': '£1.73/100g'}, {'shop': 'tesco', 'url': 'https://www.tesco.com/groceries/en-GB/products/265947303', 'product_name': 'Maltesers Milk Chocolate Easter Egg & Chocolate 127G', 'product_price': '£ 1.00', 'product_additionals': '£0.79/100g'}, {'shop': 'tesco', 'url': 'https://www.tesco.com/groceries/en-GB/products/304403675', 'product_name': 'Maltesers Milk Chocolate Egg With 3 Bags Of Buttons 274G', 'product_price': '£ 5.00', 'product_additionals': '£1.83/100g'}, {'shop': 'tesco', 'url': 'https://www.tesco.com/groceries/en-GB/products/307140433', 'product_name': 'Maltesers Mint Buttons & Milk Chocolate Egg 274G', 'product_price': '£ 5.00', 'product_additionals': '£1.83/100g'}, {'shop': 'tesco', 'url': 'https://www.tesco.com/groceries/en-GB/products/293754713', 'product_name': 'Mars Chocolate Flavoured Milk Drink No Added Sugar 400Ml', 'product_price': '£ 1.35', 'product_additionals': '£0.34/100ml'}, {'shop': 'tesco', 'url': 'https://www.tesco.com/groceries/en-GB/products/281879774', 'product_name': 'Mars Galaxy Milk Chocolate Ripple Easter Egg 286G', 'product_price': '£ 5.00', 'product_additionals': '£1.75/100g'}, {'shop': 'tesco', 'url': 'https://www.tesco.com/groceries/en-GB/products/265946742', 'product_name': 'Mars Milk Chocolate Easter Egg & Chocolate 141G', 'product_price': '£ 1.00', 'product_additionals': '£0.71/100g'}, {'shop': 'tesco', 'url': 'https://www.tesco.com/groceries/en-GB/products/265947614', 'product_name': 'Mars Milk Chocolate Egg With Mars Bar 280G', 'product_price': '£ 3.00', 'product_additionals': '£1.08/100g'}, {'shop': 'coop', 'url': 'https://www.coop.co.uk/products/mars-milky-way-magic-stars-bag-100g', 'product_name': 'Mars Milky Way Magic Stars Bag 100g', 'product_price': '£1.55', 'product_additionals': '100g (£1.25 per 100g)'}, {'shop': 'tesco', 'url': 'https://www.tesco.com/groceries/en-GB/products/299585016', 'product_name': 'Marvel Dried Milk Powder 278G', 'product_price': '£ 4.00', 'product_additionals': '£1.44/100g'}, {'shop': 'tesco', 'url': 'https://www.tesco.com/groceries/en-GB/products/299250240', 'product_name': 'Maui Moisture Coconut Milk Conditioner 385Ml', 'product_price': '£ 8.99', 'product_additionals': '£2.34/100ml'}, {'shop': 'tesco', 'url': 'https://www.tesco.com/groceries/en-GB/products/299250332', 'product_name': 'Maui Moisture Coconut Milk Shampoo 385Ml', 'product_price': '£ 8.99', 'product_additionals': '£2.34/100ml'}, {'shop': 'tesco', 'url': 'https://www.tesco.com/groceries/en-GB/products/299250390', 'product_name': 'Maui Moisture Coconut Oil Curl Milk 236Ml', 'product_price': '£ 8.99', 'product_additionals': '£3.81/100ml'}, {'shop': 'asda', 'url': 'https://groceries.asda.com/product/1000022626818', 'product_name': 'Maui Moisture Nourish & Moisture + Coconut Milk Conditioner', 'product_price': '£4.50', 'product_additionals': '(£1.17/100ml)'}, {'shop': 'asda', 'url': 'https://groceries.asda.com/product/1000022626828', 'product_name': 'Maui Moisture Nourish & Moisture + Coconut Milk Shampoo', 'product_price': '£4.50', 'product_additionals': '(£1.17/100ml)'}, {'shop': 'asda', 'url': 'https://groceries.asda.com/product/910003066374', 'product_name': "McVitie's 5 Digestive Slices Topped with Milk Chocolate", 'product_price': '£1.00', 'product_additionals': '(20.0p/each)'}, {'shop': 'asda', 'url': 'https://groceries.asda.com/product/1000113394458', 'product_name': "McVitie's Choc Gems Milk Chocolate Topped Biscuits", 'product_price': '£1.00', 'product_additionals': '(£1.05/100g)'}, {'shop': 'asda', 'url': 'https://groceries.asda.com/product/910003066648', 'product_name': "McVitie's Digestives 5 Caramel Millionaire Slices with Milk Chocolate", 'product_price': '£1.00', 'product_additionals': '(20.0p/each)'}, {'shop': 'asda', 'url': 'https://groceries.asda.com/product/1000242811739', 'product_name': "McVitie's Digestives Christmas Pudding Milk Chocolate Biscuits", 'product_price': '£1.50', 'product_additionals': '(60.0p/100g)'}, {'shop': 'asda', 'url': 'https://groceries.asda.com/product/1000242811762', 'product_name': "McVitie's Digestives Gingerbread Milk Chocolate Biscuits", 'product_price': '£1.50', 'product_additionals': '(60.0p/100g)'}, {'shop': 'asda', 'url': 'https://groceries.asda.com/product/1000048178951', 'product_name': "McVitie's Digestives Milk Chocolate", 'product_price': '£1.00', 'product_additionals': '(37.6p/100g)'}, {'shop': 'asda', 'url': 'https://groceries.asda.com/product/1000052709811', 'product_name': "McVitie's Digestives Milk Chocolate", 'product_price': '£2.20', 'product_additionals': '(50.8p/100g)'}, {'shop': 'asda', 'url': 'https://groceries.asda.com/product/1000046413081', 'product_name': "McVitie's Digestives Milk Chocolate Twin Pack", 'product_price': '£1.50', 'product_additionals': '(23.7p/100g)'}, {'shop': 'sains', 'url': 'https://www.sainsburys.co.uk/shop/gb/groceries/product/details/bigger-packs-/mcvities-digestives-milk-chocolate-x2-316g', 'product_name': "McVitie's Digestives Milk Chocolate x2 Biscuits 316g", 'product_price': '£2.00', 'product_additionals': '31p / 100g'}, {'shop': 'asda', 'url': 'https://groceries.asda.com/product/910002325542', 'product_name': "McVitie's Digestives Nibbles Milk Chocolate", 'product_price': '£1.00', 'product_additionals': '(83.3p/100g)'}, {'shop': 'asda', 'url': 'https://groceries.asda.com/product/910002986391', 'product_name': "McVitie's Digestives Thins Milk Chocolate", 'product_price': '£1.00', 'product_additionals': '(55.6p/100g)'}, {'shop': 'asda', 'url': 'https://groceries.asda.com/product/910003066665', 'product_name': "McVitie's Hobnobs 5 Flapjacks Topped with Milk Chocolate", 'product_price': '£0.69', 'product_additionals': '(13.8p/each)'}, {'shop': 'asda', 'url': 'https://groceries.asda.com/product/910001079168', 'product_name': "McVitie's Hobnobs Milk Choc Biscuits", 'product_price': '£1.35', 'product_additionals': '(51.5p/100g)'}, {'shop': 'asda', 'url': 'https://groceries.asda.com/product/1000050944928', 'product_name': "McVitie's Hobnobs Thins Milk Chocolate", 'product_price': '£1.00', 'product_additionals': '(58.8p/100g)'}, {'shop': 'coop', 'url': 'https://www.coop.co.uk/products/mcvities-milk-chocolate-digestive-433g', 'product_name': "McVitie's Milk Chocolate Digestive 433g", 'product_price': '£2.70', 'product_additionals': '433g (31.2p per 100g)'}, {'shop': 'tesco', 'url': 'https://www.tesco.com/groceries/en-GB/products/300917199', 'product_name': "Mcvitie's Milk Chocolate Digestive Twin Pack 2X316g", 'product_price': '£ 2.10', 'product_additionals': '£0.33/100g'}, {'shop': 'coop', 'url': 'https://www.coop.co.uk/products/mcvities-milk-chocolate-digestives-266g', 'product_name': "McVitie's Milk Chocolate Digestives 266g", 'product_price': '£1.60', 'product_additionals': '266g (37.6p per 100g)'}, {'shop': 'tesco', 'url': 'https://www.tesco.com/groceries/en-GB/products/300917154', 'product_name': "Mcvitie's Milk Chocolate Digestives 433G", 'product_price': '£ 1.89', 'product_additionals': '£0.44/100g'}, {'shop': 'coop', 'url': 'https://www.coop.co.uk/products/mcvities-milk-chocolate-hobnobs-262g', 'product_name': "McVitie's Milk Chocolate Hobnobs 262g", 'product_price': '£1.80', 'product_additionals': '262g (38.2p per 100g)'}, {'shop': 'tesco', 'url': 'https://www.tesco.com/groceries/en-GB/products/300917239', 'product_name': "Mcvitie's Milk Chocolate Hobnobs 2X318g", 'product_price': '£ 2.10', 'product_additionals': '£0.33/100g'}, {'shop': 'coop', 'url': 'https://www.coop.co.uk/products/mcvities-milk-chocolate-hobnobs-431g', 'product_name': "McVitie's Milk Chocolate Hobnobs 431g", 'product_price': '£2.60', 'product_additionals': '431g (30.2p per 100g)'}, {'shop': 'asda', 'url': 'https://groceries.asda.com/product/1000005035383', 'product_name': "McVitie's Milk Chocolate Hobnobs Twin Pack", 'product_price': '£1.50', 'product_additionals': '(23.6p/100g)'}, {'shop': 'sains', 'url': 'https://www.sainsburys.co.uk/shop/gb/groceries/product/details/all-price-lock/mcvities-mini-milk-chocolate-digestive-150g', 'product_name': "McVitie's Mini Milk Chocolate Digestive Biscuits 150g", 'product_price': '£1.00', 'product_additionals': '88p / 100g'}, {'shop': 'tesco', 'url': 'https://www.tesco.com/groceries/en-GB/products/255404760', 'product_name': 'Mcvities Light Milk Chocolate Digestives 300G', 'product_price': '£ 1.50', 'product_additionals': '£0.50/100g'}, {'shop': 'tesco', 'url': 'https://www.tesco.com/groceries/en-GB/products/300917252', 'product_name': 'Mcvities Milk Chocolate Digestive 266G', 'product_price': '£ 1.35', 'product_additionals': '£0.51/100g'}, {'shop': 'tesco', 'url': 'https://www.tesco.com/groceries/en-GB/products/289205552', 'product_name': 'Mcvities Penguin Milk Chocolate Biscuit 8 Pack 196.8G', 'product_price': '£ 1.00', 'product_additionals': '£0.51/100g'}, {'shop': 'tesco', 'url': 'https://www.tesco.com/groceries/en-GB/products/306665659', 'product_name': 'Mcvities Vib Blood Orange Caramel & Milk Chocolate Biscuit 250G', 'product_price': '£ 1.75', 'product_additionals': '£0.70/100g'}, {'shop': 'tesco', 'url': 'https://www.tesco.com/groceries/en-GB/products/306657532', 'product_name': 'Mcvities Vib Classic Caramel Milk Chocolate Digestive 250G', 'product_price': '£ 1.75', 'product_additionals': '£0.70/100g'}, {'shop': 'tesco', 'url': 'https://www.tesco.com/groceries/en-GB/products/306647089', 'product_name': 'Mcvities Vib Hazelnut Caramel Milk Chocolate Digestives 250G', 'product_price': '£ 1.75', 'product_additionals': '£0.70/100g'}, {'shop': 'tesco', 'url': 'https://www.tesco.com/groceries/en-GB/products/268380680', 'product_name': 'Menier Milk Chocolate Patissier 100G', 'product_price': '£ 1.45', 'product_additionals': '£1.45/100g'}, {'shop': 'sains', 'url': 'https://www.sainsburys.co.uk/shop/gb/groceries/product/details/coffee-shop/mighty-pea-mlk-barista-1l', 'product_name': 'Mighty Pea Milk Barista 1L', 'product_price': '£2.00', 'product_additionals': '£2.00 / ltr'}, {'shop': 'sains', 'url': 'https://www.sainsburys.co.uk/shop/gb/groceries/product/details/all-dairy-free/mighty-pea-mlk-barista-1l', 'product_name': 'Mighty Pea Milk Barista 1L', 'product_price': '£2.00', 'product_additionals': '£2.00 / ltr'}, {'shop': 'sains', 'url': 'https://www.sainsburys.co.uk/shop/gb/groceries/product/details/all-future-brands/mighty-pea-mlk-barista-1l', 'product_name': 'Mighty Pea Milk Barista 1L', 'product_price': '£2.00', 'product_additionals': '£2.00 / ltr'}, {'shop': 'sains', 'url': 'https://www.sainsburys.co.uk/shop/gb/groceries/product/details/dairy-free-drinks/the-mighty-society-original-pea-mylk-1l', 'product_name': 'Mighty Pea Original Milk Alternative 1L', 'product_price': '£2.00', 'product_additionals': '£2.00 / ltr'}, {'shop': 'sains', 'url': 'https://www.sainsburys.co.uk/shop/gb/groceries/product/details/new-355373-44/mighty-pea-protein-oat-milk-alternative-1l', 'product_name': 'Mighty Pea Protein Oat Milk Alternative 1L', 'product_price': '£2.00', 'product_additionals': '£2.00 / ltr'}, {'shop': 'sains', 'url': 'https://www.sainsburys.co.uk/shop/gb/groceries/product/details/vegan-drink/The-Mighty-Society-Unsweetened-Pea-Mylk-1L', 'product_name': 'Mighty Pea Unsweetened Milk Alternative 1L', 'product_price': '£2.00', 'product_additionals': '£2.00 / ltr'}, {'shop': 'sains', 'url': 'https://www.sainsburys.co.uk/shop/gb/groceries/product/details/lactose-free--/The-Mighty-Society-Unsweetened-Pea-Mylk-1L', 'product_name': 'Mighty Pea Unsweetened Milk Alternative 1L', 'product_price': '£2.00', 'product_additionals': '£2.00 / ltr'}, {'shop': 'sains', 'url': 'https://www.sainsburys.co.uk/shop/gb/groceries/product/details/all-dairy-free-food-and-drink/The-Mighty-Society-Unsweetened-Pea-Mylk-1L', 'product_name': 'Mighty Pea Unsweetened Milk Alternative 1L', 'product_price': '£2.00', 'product_additionals': '£2.00 / ltr'}, {'shop': 'sains', 'url': 'https://www.sainsburys.co.uk/shop/gb/groceries/product/details/all-future-brands/The-Mighty-Society-Unsweetened-Pea-Mylk-1L', 'product_name': 'Mighty Pea Unsweetened Milk Alternative 1L', 'product_price': '£2.00', 'product_additionals': '£2.00 / ltr'}, {'shop': 'tesco', 'url': 'https://www.tesco.com/groceries/en-GB/products/264396691', 'product_name': 'Mikado Milk 75G', 'product_price': '£ 1.00', 'product_additionals': '£1.34/100g'}, {'shop': 'aldi', 'url': 'https://www.aldi.co.uk/milk/p/702525380821200', 'product_name': 'Milk', 'product_price': '1.49', 'product_additionals': '74.5p per 100g'}, {'shop': 'aldi', 'url': 'https://www.aldi.co.uk/milk-chocolate-biscuits/p/003754000539600', 'product_name': 'Milk Chocolate Biscuits', 'product_price': '0.99', 'product_additionals': '68.75p per 100g'}, {'shop': 'tesco', 'url': 'https://www.tesco.com/groceries/en-GB/products/276131923', 'product_name': 'Milk Chocolate Cookie 5 Pack', 'product_price': '£ 1.00', 'product_additionals': '£0.20/each'}, {'shop': 'coop', 'url': 'https://www.coop.co.uk/products/milk-chocolate-ginger-biscuits-150g', 'product_name': 'Milk Chocolate Ginger Biscuits 150g', 'product_price': '£1.70', 'product_additionals': '150g (66.6p per 100g)'}, {'shop': 'coop', 'url': 'https://www.coop.co.uk/products/milk-chocolate-viennese-biscuits-150g', 'product_name': 'Milk Chocolate Viennese Biscuits 150g', 'product_price': '£1.70', 'product_additionals': '150g (66.6p per 100g)'}, {'shop': 'aldi', 'url': 'https://www.aldi.co.uk/milk-chocolate-wafer-bars/p/045686003570600', 'product_name': 'Milk Chocolate Wafer Bars', 'product_price': '0.85', 'product_additionals': '49.1p per 100g'}, {'shop': 'asda', 'url': 'https://groceries.asda.com/product/910001790607', 'product_name': 'Milk of Magnesia Liquid', 'product_price': '£5.00', 'product_additionals': '(£2.50/100ml)'}, {'shop': 'tesco', 'url': 'https://www.tesco.com/groceries/en-GB/products/301578079', 'product_name': 'Milka Bubbly Milk&White 95G', 'product_price': '£ 1.00', 'product_additionals': '£1.06/100g'}, {'shop': 'tesco', 'url': 'https://www.tesco.com/groceries/en-GB/products/308099394', 'product_name': 'Milkbar White Chocolate Mini Eggs 80G', 'product_price': '£ 1.00', 'product_additionals': '£1.25/100g'}, {'shop': 'aldi', 'url': 'https://www.aldi.co.uk/milkshake-biscuits/p/068342258697201', 'product_name': 'Milkshake Biscuits', 'product_price': '0.99', 'product_additionals': '61.1p/ 66p per 100g'}, {'shop': 'asda', 'url': 'https://groceries.asda.com/product/1000234567246', 'product_name': 'Milky Way & Friends Chocolate Medium Christmas Selection Box', 'product_price': '£2.00', 'product_additionals': '(£1.57/100g)'}, {'shop': 'asda', 'url': 'https://groceries.asda.com/product/910001143825', 'product_name': 'Milky Way Cake Bars', 'product_price': '£2.50', 'product_additionals': '(25.0p/each)'}, {'shop': 'asda', 'url': 'https://groceries.asda.com/product/1000209848448', 'product_name': 'Milky Way Chocolate Bars Multipack 12 x 21.5g', 'product_price': '£1.99', 'product_additionals': '(77.1p/100g)'}, {'shop': 'asda', 'url': 'https://groceries.asda.com/product/1000161632935', 'product_name': 'Milky Way Chocolate Fun Size Bars Multipack 14 Bars', 'product_price': '£1.75', 'product_additionals': '(77.1p/100g)'}, {'shop': 'asda', 'url': 'https://groceries.asda.com/product/1000228555993', 'product_name': 'Milky Way Crispy Rolls Chocolate Multipack', 'product_price': '£1.00', 'product_additionals': '(80.0p/100g)'}, {'shop': 'tesco', 'url': 'https://www.tesco.com/groceries/en-GB/products/282553602', 'product_name': 'Milky Way Fun Size 14 Pack 227G', 'product_price': '£ 3.00', 'product_additionals': '£1.33/100g'}, {'shop': 'coop', 'url': 'https://www.coop.co.uk/products/milky-way-funsize-227g', 'product_name': 'Milky Way Funsize 227g', 'product_price': '£1.50', 'product_additionals': '227g (66.1p per 100g)'}, {'shop': 'asda', 'url': 'https://groceries.asda.com/product/1000209051155', 'product_name': 'Milky Way Magic Stars Chocolate Pouch', 'product_price': '£1.25', 'product_additionals': '(£1.25/100g)'}, {'shop': 'asda', 'url': 'https://groceries.asda.com/product/1000211461140', 'product_name': 'Milky Way Shooting Star Cake', 'product_price': '£12.00', 'product_additionals': '(£12.00/each)'}, {'shop': 'asda', 'url': 'https://groceries.asda.com/product/910001087913', 'product_name': 'Milky Way Twin Chocolate Bar', 'product_price': '£0.55', 'product_additionals': '(£1.28/100g)'}, {'shop': 'tesco', 'url': 'https://www.tesco.com/groceries/en-GB/products/300226999', 'product_name': 'Milkybar Big Share Bag 212G', 'product_price': '£ 2.00', 'product_additionals': '£0.94/100g'}, {'shop': 'tesco', 'url': 'https://www.tesco.com/groceries/en-GB/products/308473014', 'product_name': 'Milkybar Cookies And Cream Bites 90G', 'product_price': '£ 0.99', 'product_additionals': '£1.10/100g'}, {'shop': 'asda', 'url': 'https://groceries.asda.com/product/1000226920902', 'product_name': 'Milkybar Desserts', 'product_price': '£1.00', 'product_additionals': '(38.5p/100g)'}, {'shop': 'asda', 'url': 'https://groceries.asda.com/product/1000226920920', 'product_name': 'Milkybar Desserts', 'product_price': '£1.00', 'product_additionals': '(30.3p/100g)'}, {'shop': 'asda', 'url': 'https://groceries.asda.com/product/450730', 'product_name': 'Milkybar Medium White Chocolate Bar', 'product_price': '£0.55', 'product_additionals': '(£2.20/100g)'}, {'shop': 'asda', 'url': 'https://groceries.asda.com/product/910002976805', 'product_name': 'Milkybar Milk Slice', 'product_price': '£1.00', 'product_additionals': '(96.2p/100g)'}, {'shop': 'tesco', 'url': 'https://www.tesco.com/groceries/en-GB/products/295790856', 'product_name': 'Milkybar Milk Slices 4X26g', 'product_price': '£ 1.00', 'product_additionals': '£0.96/100g'}, {'shop': 'tesco', 'url': 'https://www.tesco.com/groceries/en-GB/products/307762238', 'product_name': 'Milkybar Mini Eggs White Chocolate 240G', 'product_price': '£ 2.00', 'product_additionals': '£0.83/100g'}, {'shop': 'asda', 'url': 'https://groceries.asda.com/product/1000110960435', 'product_name': 'Milkybar Mix Ups White and Milk Chocolate Sharing Bag', 'product_price': '£0.99', 'product_additionals': '(£1.04/100g)'}, {'shop': 'asda', 'url': 'https://groceries.asda.com/product/1000211461236', 'product_name': 'Milkybar Mixups Dessert White and Milk Chocolate Pot', 'product_price': '£1.00', 'product_additionals': '(38.5p/100g)'}, {'shop': 'tesco', 'url': 'https://www.tesco.com/groceries/en-GB/products/289043126', 'product_name': 'Milkybar Mousse 4 X 55G', 'product_price': '£ 1.50', 'product_additionals': '£0.68/100g'}, {'shop': 'asda', 'url': 'https://groceries.asda.com/product/910002040524', 'product_name': 'Milkybar Mousses', 'product_price': '£1.40', 'product_additionals': '(63.6p/100g)'}, {'shop': 'tesco', 'url': 'https://www.tesco.com/groceries/en-GB/products/300227059', 'product_name': 'Milkybar Pouch Bag 103G', 'product_price': '£ 0.99', 'product_additionals': '£0.96/100g'}, {'shop': 'tesco', 'url': 'https://www.tesco.com/groceries/en-GB/products/261592624', 'product_name': 'Milkybar Small Easter Egg 65G', 'product_price': '£ 1.00', 'product_additionals': '£1.54/100g'}, {'shop': 'tesco', 'url': 'https://www.tesco.com/groceries/en-GB/products/272097278', 'product_name': 'Milkybar White Chocolate 4 Pack 100G', 'product_price': '£ 1.00', 'product_additionals': '£1.00/100g'}, {'shop': 'asda', 'url': 'https://groceries.asda.com/product/910001440470', 'product_name': 'Milkybar White Chocolate Bar 6 Pack', 'product_price': '£1.00', 'product_additionals': '(£1.39/100g)'}, {'shop': 'tesco', 'url': 'https://www.tesco.com/groceries/en-GB/products/308093014', 'product_name': 'Milkybar White Chocolate Bunny 17G', 'product_price': '£ 0.50', 'product_additionals': '£2.95/100g'}, {'shop': 'sains', 'url': 'https://www.sainsburys.co.uk/shop/gb/groceries/product/details/easter-special-offers/milkybar-white-chocolate-bunny-44g', 'product_name': 'Milkybar White Chocolate Bunny 44g', 'product_price': '£1.00', 'product_additionals': '£2.27 / 100g'}, {'shop': 'tesco', 'url': 'https://www.tesco.com/groceries/en-GB/products/308101951', 'product_name': 'Milkybar White Chocolate Bunny 44G', 'product_price': '£ 1.00', 'product_additionals': '£2.28/100g'}, {'shop': 'sains', 'url': 'https://www.sainsburys.co.uk/shop/gb/groceries/product/details/all-easter-eggs-and-chocolate-/milkybar-white-chocolate-bunny-44g', 'product_name': 'Milkybar White Chocolate Bunny 44g', 'product_price': '£1.00', 'product_additionals': '£2.27 / 100g'}, {'shop': 'tesco', 'url': 'https://www.tesco.com/groceries/en-GB/products/308088568', 'product_name': 'Milkybar White Chocolate Bunny 88G', 'product_price': '£ 2.00', 'product_additionals': '£2.28/100g'}, {'shop': 'tesco', 'url': 'https://www.tesco.com/groceries/en-GB/products/257245057', 'product_name': 'Milkybar White Chocolate Buttons Bag', 'product_price': '£ 0.60', 'product_additionals': '£0.60/each'}, {'shop': 'asda', 'url': 'https://groceries.asda.com/product/1000107814044', 'product_name': 'Milkybar White Chocolate Buttons Bag', 'product_price': '£0.25', 'product_additionals': '(£2.08/100g)'}, {'shop': 'asda', 'url': 'https://groceries.asda.com/product/1000237573638', 'product_name': 'Milkybar White Chocolate Buttons Giant Tube', 'product_price': '£1.00', 'product_additionals': '(£1.11/100g)'}, {'shop': 'asda', 'url': 'https://groceries.asda.com/product/910000465511', 'product_name': 'Milkybar White Chocolate Christmas Advent Calendar', 'product_price': '£1.50', 'product_additionals': '(£1.76/100g)'}, {'shop': 'asda', 'url': 'https://groceries.asda.com/product/1000236571462', 'product_name': 'Milkybar White Chocolate Christmas Reindeer', 'product_price': '£2.00', 'product_additionals': '(£2.27/100g)'}, {'shop': 'asda', 'url': 'https://groceries.asda.com/product/1000236571466', 'product_name': 'Milkybar White Chocolate Christmas Reindeer', 'product_price': '£1.00', 'product_additionals': '(£2.27/100g)'}, {'shop': 'sains', 'url': 'https://www.sainsburys.co.uk/shop/gb/groceries/product/details/easter-special-offers/nestle-milkybar-giant-chocolate-buttons-pouch-126g', 'product_name': 'Milkybar White Chocolate Giant Buttons Pouch 94g', 'product_price': '£1.00', 'product_additionals': '£1.07 / 100g'}, {'shop': 'asda', 'url': 'https://groceries.asda.com/product/1000034704361', 'product_name': 'Milkybar White Chocolate Giant Buttons Sharing Bag', 'product_price': '£0.99', 'product_additionals': '(96.1p/100g)'}, {'shop': 'asda', 'url': 'https://groceries.asda.com/product/1000189263194', 'product_name': 'Milkybar White Chocolate Ice Cream 6 Pack', 'product_price': '£3.00', 'product_additionals': 'No weight data'}, {'shop': 'asda', 'url': 'https://groceries.asda.com/product/1000111446600', 'product_name': 'Milkybar White Chocolate Kid Bar', 'product_price': '£0.25', 'product_additionals': '(£2.08/100g)'}, {'shop': 'tesco', 'url': 'https://www.tesco.com/groceries/en-GB/products/307276278', 'product_name': 'Milkybar White Chocolate Sharing Bar 90G', 'product_price': '£ 0.99', 'product_additionals': '£1.10/100g'}, {'shop': 'asda', 'url': 'https://groceries.asda.com/product/1000242609598', 'product_name': 'Milkybar White Chocolate Sharing Block Bar', 'product_price': '£1.00', 'product_additionals': '(£1.11/100g)'}, {'shop': 'tesco', 'url': 'https://www.tesco.com/groceries/en-GB/products/277531004', 'product_name': 'Milkyway 6 Pack 129G', 'product_price': '£ 1.25', 'product_additionals': '£0.97/100g'}, {'shop': 'asda', 'url': 'https://groceries.asda.com/product/33045', 'product_name': 'Mini Milk 12 Vanilla Strawberry & Chocolate Ice Cream Lollies', 'product_price': '£2.17', 'product_additionals': '(51.7p/100ml)'}, {'shop': 'tesco', 'url': 'https://www.tesco.com/groceries/en-GB/products/256028662', 'product_name': 'Mini Milk Ice Cream Lollies 12 X 35Ml', 'product_price': '£ 2.20', 'product_additionals': '£0.52/100ml'}, {'shop': 'asda', 'url': 'https://groceries.asda.com/product/1000049435840', 'product_name': 'Mlekpol Milko Natural Kefir 1L', 'product_price': '£1.50', 'product_additionals': '(£1.50/lt)'}, {'shop': 'sains', 'url': 'https://www.sainsburys.co.uk/shop/gb/groceries/product/details/plant-based-drinks/moma-oat-drink-original-1l', 'product_name': 'MOMA Unsweetened Oat Milk Drink Original 1L', 'product_price': '£1.30', 'product_additionals': '£1.30 / ltr'}, {'shop': 'sains', 'url': 'https://www.sainsburys.co.uk/shop/gb/groceries/product/details/coffee-shop/monster-espresso-and-milk-250ml', 'product_name': 'Monster Espresso and Milk 250ml', 'product_price': '£2.00', 'product_additionals': '80p / 100ml'}, {'shop': 'tesco', 'url': 'https://www.tesco.com/groceries/en-GB/products/307355542', 'product_name': "Montezuma's Like No Udder Milk Chocolate Chocolate Alternative Organic 90G", 'product_price': '£ 2.50', 'product_additionals': '£2.78/100g'}, {'shop': 'tesco', 'url': 'https://www.tesco.com/groceries/en-GB/products/300472638', 'product_name': "Ms Molly's 18 Milk Chocolate Digestive Bars", 'product_price': '£ 1.20', 'product_additionals': '£0.07/each'}, {'shop': 'tesco', 'url': 'https://www.tesco.com/groceries/en-GB/products/302872853', 'product_name': "Ms. Molly's Milk Lollies 8X35ml", 'product_price': '£ 0.85', 'product_additionals': '£0.30/100ml'}, {'shop': 'tesco', 'url': 'https://www.tesco.com/groceries/en-GB/products/303674366', 'product_name': 'Muller Corner Yogurt Milk Chocolate Digestives 130G', 'product_price': '£ 0.60', 'product_additionals': '£0.46/100g'}, {'shop': 'tesco', 'url': 'https://www.tesco.com/groceries/en-GB/products/276884964', 'product_name': 'Muller Light Chocolate Fix Milk Chocolate 4 Pack 400G', 'product_price': '£ 1.60', 'product_additionals': '£0.40/100g'}, {'shop': 'asda', 'url': 'https://groceries.asda.com/product/910003081775', 'product_name': 'Munchies Milk Chocolate Tube', 'product_price': '£0.55', 'product_additionals': '(£1.06/100g)'}, {'shop': 'tesco', 'url': 'https://www.tesco.com/groceries/en-GB/products/306648883', 'product_name': 'Nannycare 1 Goat Milk Based Infant Milk 900G', 'product_price': '£ 21.00', 'product_additionals': '£23.34/kg'}, {'shop': 'tesco', 'url': 'https://www.tesco.com/groceries/en-GB/products/306664172', 'product_name': 'Nannycare 2 Goat Milk Based Follow On Milk 900G', 'product_price': '£ 21.00', 'product_additionals': '£2.34/100g'}, {'shop': 'asda', 'url': 'https://groceries.asda.com/product/1000220971651', 'product_name': 'Nannycare 2 Goat Milk Based Follow On Milk From 6 Months', 'product_price': '£21.00', 'product_additionals': 'No weight data'}, {'shop': 'tesco', 'url': 'https://www.tesco.com/groceries/en-GB/products/306651918', 'product_name': 'Nannycare 3 Goat Milk Based Growing Up Milk 900G', 'product_price': '£ 21.00', 'product_additionals': '£23.34/kg'}, {'shop': 'asda', 'url': 'https://groceries.asda.com/product/1000220971392', 'product_name': 'Nannycare 3 Goat Milk Based Growing Up Milk From 1 - 3 Years', 'product_price': '£21.00', 'product_additionals': 'No weight data'}, {'shop': 'sains', 'url': 'https://www.sainsburys.co.uk/shop/gb/groceries/product/details/natural-beauty-products/natura-siberica-moisturizing-cleansing-milk-dry-and-sensitive-skin-200ml', 'product_name': 'Natura Siberica Moisturizing Cleansing Milk Dry and Sensitive Skin 200ml', 'product_price': '£5.75', 'product_additionals': '£2.88 / 100ml'}, {'shop': 'tesco', 'url': 'https://www.tesco.com/groceries/en-GB/products/289705902', 'product_name': "Nature's Store Free From Milk Chocolate Rice Cakes 100G", 'product_price': '£ 1.50', 'product_additionals': '£1.50/100g'}, {'shop': 'asda', 'url': 'https://groceries.asda.com/product/18232503', 'product_name': 'Nesquik Banana Milkshake Mix', 'product_price': '£1.50', 'product_additionals': '(50.0p/100g)'}, {'shop': 'asda', 'url': 'https://groceries.asda.com/product/400814', 'product_name': 'Nesquik Chocolate Milk Slices', 'product_price': '£1.00', 'product_additionals': '(96.2p/100g)'}, {'shop': 'asda', 'url': 'https://groceries.asda.com/product/18232504', 'product_name': 'Nesquik Chocolate Milkshake Mix', 'product_price': '£1.50', 'product_additionals': '(50.0p/100g)'}, {'shop': 'asda', 'url': 'https://groceries.asda.com/product/910001891811', 'product_name': 'Nesquik Milk Slices', 'product_price': '£1.00', 'product_additionals': '(96.2p/100g)'}, {'shop': 'asda', 'url': 'https://groceries.asda.com/product/18232502', 'product_name': 'Nesquik Strawberry Milkshake Mix', 'product_price': '£1.50', 'product_additionals': '(50.0p/100g)'}, {'shop': 'tesco', 'url': 'https://www.tesco.com/groceries/en-GB/products/265046131', 'product_name': 'Nestle Aero Milk 4 Pack 108G', 'product_price': '£ 1.00', 'product_additionals': '£0.93/100g'}, {'shop': 'asda', 'url': 'https://groceries.asda.com/product/1000107571940', 'product_name': 'Nestle Animal Bar Milk Chocolate', 'product_price': '£0.25', 'product_additionals': '(£1.32/100g)'}, {'shop': 'tesco', 'url': 'https://www.tesco.com/groceries/en-GB/products/258510053', 'product_name': 'Nestle Cerelac 6Mnth Wheat&Milk Cereal 400G', 'product_price': '£ 3.80', 'product_additionals': '£0.95/100g'}, {'shop': 'asda', 'url': 'https://groceries.asda.com/product/60086702', 'product_name': 'Nestle Cerelac Honey & Wheat with Milk', 'product_price': '£3.77', 'product_additionals': 'No weight data'}, {'shop': 'asda', 'url': 'https://groceries.asda.com/product/910000042104', 'product_name': 'Nestle Cerelac Mixed Fruit & Wheat with Milk', 'product_price': '£3.80', 'product_additionals': 'No weight data'}, {'shop': 'asda', 'url': 'https://groceries.asda.com/product/60086389', 'product_name': 'Nestle Cerelac Wheat with Milk', 'product_price': '£3.80', 'product_additionals': 'No weight data'}, {'shop': 'asda', 'url': 'https://groceries.asda.com/product/1000236571458', 'product_name': 'Nestle Dairy Box Christmas Collection Milk Chocolate Assortment Box', 'product_price': '£6.00', 'product_additionals': '(£1.55/100g)'}, {'shop': 'tesco', 'url': 'https://www.tesco.com/groceries/en-GB/products/289880422', 'product_name': 'Nestle Lion Milk Multipack 4 X 42G', 'product_price': '£ 1.00', 'product_additionals': '£0.60/100g'}, {'shop': 'tesco', 'url': 'https://www.tesco.com/groceries/en-GB/products/305944827', 'product_name': 'Nestle Milky Bar White Chocolate Ice Cream 6X50ml', 'product_price': '£ 3.00', 'product_additionals': '£1.00/100ml'}, {'shop': 'tesco', 'url': 'https://www.tesco.com/groceries/en-GB/products/268767576', 'product_name': 'Nestle Milkybar Dessert 2X70g', 'product_price': '£ 1.50', 'product_additionals': '£1.08/100g'}, {'shop': 'sains', 'url': 'https://www.sainsburys.co.uk/shop/gb/groceries/product/details/multipack-yogurt/milkybar-desserts-2x70g', 'product_name': 'Nestle Milkybar Desserts 2x70g', 'product_price': '£1.50', 'product_additionals': '£1.07 / 100g'}, {'shop': 'tesco', 'url': 'https://www.tesco.com/groceries/en-GB/products/306709570', 'product_name': 'Nestle Milkybar Kid Bar 12G', 'product_price': '£ 0.25', 'product_additionals': '£2.09/100g'}, {'shop': 'tesco', 'url': 'https://www.tesco.com/groceries/en-GB/products/286690153', 'product_name': 'Nestle Nesquik Milk Slice Chocolate Flavour 4X26g', 'product_price': '£ 1.00', 'product_additionals': '£9.62/kg'}, {'shop': 'tesco', 'url': 'https://www.tesco.com/groceries/en-GB/products/260148289', 'product_name': 'Nestle Nido Instant Full Cream Milk Powder 400G', 'product_price': '£ 4.00', 'product_additionals': '£1.00/100g'}, {'shop': 'tesco', 'url': 'https://www.tesco.com/groceries/en-GB/products/266258950', 'product_name': 'Nestle Nido Instant Full Cream Milk Powder 900G', 'product_price': '£ 7.50', 'product_additionals': '£0.83/100g'}, {'shop': 'tesco', 'url': 'https://www.tesco.com/groceries/en-GB/products/305875160', 'product_name': 'Nestle Smarties Buttons Milk Chocolate 90G', 'product_price': '£ 0.99', 'product_additionals': '£1.10/100g'}, {'shop': 'tesco', 'url': 'https://www.tesco.com/groceries/en-GB/products/286633239', 'product_name': 'Nestle Yorkie Milk Bar 46G', 'product_price': '£ 0.60', 'product_additionals': '£1.31/100g'}, {'shop': 'tesco', 'url': 'https://www.tesco.com/groceries/en-GB/products/287221040', 'product_name': 'Nestle Yorkie Milk Chocolate Easter Egg & Chocolate 336G', 'product_price': '£ 5.00', 'product_additionals': '£1.49/100g'}, {'shop': 'tesco', 'url': 'https://www.tesco.com/groceries/en-GB/products/303717812', 'product_name': 'Nestle Yorkie Milk Chunks 100G', 'product_price': '£ 0.99', 'product_additionals': '£0.99/100g'}, {'shop': 'asda', 'url': 'https://groceries.asda.com/product/26916347', 'product_name': 'Nido Full Cream Milk Powder', 'product_price': '£3.77', 'product_additionals': '(94.2p/100g)'}, {'shop': 'asda', 'url': 'https://groceries.asda.com/product/61061636', 'product_name': 'Nido Full Cream Milk Powder', 'product_price': '£7.50', 'product_additionals': '(83.3p/100g)'}, {'shop': 'tesco', 'url': 'https://www.tesco.com/groceries/en-GB/products/302218379', 'product_name': 'Nivea Body Essential Smooth Milk 400Ml', 'product_price': '£ 4.50', 'product_additionals': '£1.13/100ml'}, {'shop': 'tesco', 'url': 'https://www.tesco.com/groceries/en-GB/products/305045215', 'product_name': 'Nivea Naturally Good Organic Green Tea Milky Face Cleanser 200Ml', 'product_price': '£ 4.00', 'product_additionals': '£2.00/100ml'}, {'shop': 'asda', 'url': 'https://groceries.asda.com/product/1000216498420', 'product_name': 'Nush Almond Milk Cheese Chive', 'product_price': '£2.50', 'product_additionals': 'No weight data'}, {'shop': 'asda', 'url': 'https://groceries.asda.com/product/1000216498264', 'product_name': 'Nush Almond Milk Cheese Natural', 'product_price': '£2.50', 'product_additionals': 'No weight data'}, {'shop': 'sains', 'url': 'https://www.sainsburys.co.uk/shop/gb/groceries/product/details/dairy-free-cheese-and-milk/nush-almond-yoghurt-350g', 'product_name': 'Nush Almond Milk Dairy Free Yoghurt 350g', 'product_price': '£3.00', 'product_additionals': '86p / 100g'}, {'shop': 'sains', 'url': 'https://www.sainsburys.co.uk/shop/gb/groceries/product/details/all-yogurt/nush-almond-yoghurt-350g', 'product_name': 'Nush Almond Milk Dairy Free Yoghurt 350g', 'product_price': '£3.00', 'product_additionals': '86p / 100g'}, {'shop': 'sains', 'url': 'https://www.sainsburys.co.uk/shop/gb/groceries/product/details/all-yogurt/nush-dairy-free-almond-milk-yog-strawberry-350g', 'product_name': 'Nush Dairy Free Almond Milk Yog Strawberry 350g', 'product_price': '£3.00', 'product_additionals': '86p / 100g'}, {'shop': 'tesco', 'url': 'https://www.tesco.com/groceries/en-GB/products/261746812', 'product_name': 'Oatly Longlife Milk Drink 1 Litre', 'product_price': '£ 1.50', 'product_additionals': '£1.50/litre'}, {'shop': 'tesco', 'url': 'https://www.tesco.com/groceries/en-GB/products/259454394', 'product_name': 'Ogx Coconut Milk Conditioner 385Ml', 'product_price': '£ 7.00', 'product_additionals': '£1.82/100ml'}, {'shop': 'asda', 'url': 'https://groceries.asda.com/product/910001485375', 'product_name': 'OGX Nourishing Coconut Milk Conditioner', 'product_price': '£5.00', 'product_additionals': '(£1.30/100ml)'}, {'shop': 'asda', 'url': 'https://groceries.asda.com/product/910001485971', 'product_name': 'OGX Nourishing Coconut Milk Shampoo', 'product_price': '£5.00', 'product_additionals': '(£1.30/100ml)'}, {'shop': 'tesco', 'url': 'https://www.tesco.com/groceries/en-GB/products/305037939', 'product_name': 'Olay Cleanse Make Up Face Cleansing Milk 200Ml', 'product_price': '£ 4.00', 'product_additionals': '£2.00/100ml'}, {'shop': 'tesco', 'url': 'https://www.tesco.com/groceries/en-GB/products/302290660', 'product_name': 'Oreo Crunchy Bites Milk Chocolate Biscuits 110G', 'product_price': '£ 1.50', 'product_additionals': '£1.37/100g'}, {'shop': 'tesco', 'url': 'https://www.tesco.com/groceries/en-GB/products/258492318', 'product_name': 'Ovaltine Original Add Milk 300G', 'product_price': '£ 3.40', 'product_additionals': '£1.14/100g'}, {'shop': 'tesco', 'url': 'https://www.tesco.com/groceries/en-GB/products/251690108', 'product_name': 'Palmolive Milk & Honey Liquid Handwash 300Ml', 'product_price': '£ 0.90', 'product_additionals': '£0.30/100ml'}, {'shop': 'asda', 'url': 'https://groceries.asda.com/product/1000203039125', 'product_name': 'Palmolive Milk Shower Gel', 'product_price': '£1.50', 'product_additionals': '(30.0p/100ml)'}, {'shop': 'asda', 'url': 'https://groceries.asda.com/product/910000026669', 'product_name': 'Palmolive Naturals Almond & Milk Handwash', 'product_price': '£0.90', 'product_additionals': '(30.0p/100ml)'}, {'shop': 'asda', 'url': 'https://groceries.asda.com/product/910000026713', 'product_name': 'Palmolive Naturals Milk & Honey Handwash', 'product_price': '£0.90', 'product_additionals': '(30.0p/100ml)'}, {'shop': 'tesco', 'url': 'https://www.tesco.com/groceries/en-GB/products/266548751', 'product_name': 'Palmolive Naturals Milk & Honey Shower Cream 750Ml', 'product_price': '£ 2.80', 'product_additionals': '£0.37/100ml'}, {'shop': 'asda', 'url': 'https://groceries.asda.com/product/1000109264280', 'product_name': 'Palmolive Naturals Milk & Honey Shower Gel', 'product_price': '£1.50', 'product_additionals': '(30.0p/100ml)'}, {'shop': 'asda', 'url': 'https://groceries.asda.com/product/910000782116', 'product_name': 'Palmolive Naturals Milk & Honey Shower Gel', 'product_price': '£0.90', 'product_additionals': '(36.0p/100ml)'}, {'shop': 'asda', 'url': 'https://groceries.asda.com/product/910000431575', 'product_name': 'Palmolive Naturals Milk & Honey Shower Gel', 'product_price': '£2.50', 'product_additionals': '(33.3p/100ml)'}, {'shop': 'asda', 'url': 'https://groceries.asda.com/product/910000782587', 'product_name': 'Palmolive Naturals Sensitive Skin Milk Proteins Shower Gel', 'product_price': '£0.90', 'product_additionals': '(36.0p/100ml)'}, {'shop': 'tesco', 'url': 'https://www.tesco.com/groceries/en-GB/products/302226467', 'product_name': 'Pantene Gold Leave In Detangling Milk 225Ml', 'product_price': '£ 8.00', 'product_additionals': '£3.56/100ml'}, {'shop': 'sains', 'url': 'https://www.sainsburys.co.uk/shop/gb/groceries/product/details/all-fruit/parrs-retro-milk-chocolate-coated-apple', 'product_name': 'Parrs Retro Milk Chocolate Coated Apple', 'product_price': '75p', 'product_additionals': '75p / ea'}, {'shop': 'tesco', 'url': 'https://www.tesco.com/groceries/en-GB/products/304403220', 'product_name': 'Philadelphia Milka Cheese 150G', 'product_price': '£ 1.95', 'product_additionals': '£13.00/kg'}, {'shop': 'asda', 'url': 'https://groceries.asda.com/product/1000118028743', 'product_name': 'Philadelphia Milka Soft Cheese', 'product_price': '£1.80', 'product_additionals': '(£12.00/kg)'}, {'shop': 'sains', 'url': 'https://www.sainsburys.co.uk/shop/gb/groceries/product/details/all-organic-/pico-fairtrade-organic-coconut-milk-chocolate-bar-80g', 'product_name': 'Pico Fairtrade Organic Coconut Milk Chocolate Bar 80g', 'product_price': '£2.95', 'product_additionals': '£3.69 / 100g'}, {'shop': 'sains', 'url': 'https://www.sainsburys.co.uk/shop/gb/groceries/product/details/milk-free-chocolate-and-biscuits/pico-fairtrade-organic-coconut-milk-chocolate-bar-80g', 'product_name': 'Pico Fairtrade Organic Coconut Milk Chocolate Bar 80g', 'product_price': '£2.95', 'product_additionals': '£3.69 / 100g'}, {'shop': 'sains', 'url': 'https://www.sainsburys.co.uk/shop/gb/groceries/product/details/all-easter-/pico-fairtrade-organic-hazelnut-milk-chocolate-bar-80g', 'product_name': 'Pico Fairtrade Organic Hazelnut Milk Chocolate Bar 80g', 'product_price': '£2.95', 'product_additionals': '£3.69 / 100g'}, {'shop': 'sains', 'url': 'https://www.sainsburys.co.uk/shop/gb/groceries/product/details/chocolate-and-sweets-/pico-fairtrade-organic-hazelnut-milk-chocolate-bar-80g', 'product_name': 'Pico Fairtrade Organic Hazelnut Milk Chocolate Bar 80g', 'product_price': '£2.95', 'product_additionals': '£3.69 / 100g'}, {'shop': 'sains', 'url': 'https://www.sainsburys.co.uk/shop/gb/groceries/product/details/all-mothers-day/pico-fairtrade-organic-hazelnut-milk-chocolate-bar-80g', 'product_name': 'Pico Fairtrade Organic Hazelnut Milk Chocolate Bar 80g', 'product_price': '£2.95', 'product_additionals': '£3.69 / 100g'}, {'shop': 'sains', 'url': 'https://www.sainsburys.co.uk/shop/gb/groceries/product/details/vegetarian-food/plenish-coconut-milk-organic-1l', 'product_name': 'Plenish Organic Coconut Milk 1L', 'product_price': '£2.50', 'product_additionals': '£2.50 / ltr'}, {'shop': 'sains', 'url': 'https://www.sainsburys.co.uk/shop/gb/groceries/product/details/plant-based-drinks/plenish-coconut-milk-organic-1l', 'product_name': 'Plenish Organic Coconut Milk 1L', 'product_price': '£2.50', 'product_additionals': '£2.50 / ltr'}, {'shop': 'sains', 'url': 'https://www.sainsburys.co.uk/shop/gb/groceries/product/details/dairy-free-drinks/plenish-organic-oat-dairy-free-milk-alternative-1-litre', 'product_name': 'Plenish Organic Oat Dairy Free Milk Alternative 1 Litre', 'product_price': '£2.05', 'product_additionals': '£2.05 / ltr'}, {'shop': 'asda', 'url': 'https://groceries.asda.com/product/1000194416645', 'product_name': 'Polar Gear Squishy Novelty Milk Carton', 'product_price': '£3.00', 'product_additionals': '(£3.00/each)'}, {'shop': 'tesco', 'url': 'https://www.tesco.com/groceries/en-GB/products/261626649', 'product_name': 'Pride Coconut Milk 400Ml', 'product_price': '£ 1.00', 'product_additionals': '£2.50/litre'}, {'shop': 'asda', 'url': 'https://groceries.asda.com/product/1000129611302', 'product_name': 'PRO 2GO Gooey Protein Bar Coconut & Milk Choc', 'product_price': '£2.50', 'product_additionals': 'No weight data'}, {'shop': 'asda', 'url': 'https://groceries.asda.com/product/1000230965212', 'product_name': 'PRO 2GO Gooey Protein Bar Peanut & Milk Chocolate', 'product_price': '£2.50', 'product_additionals': 'No weight data'}, {'shop': 'asda', 'url': 'https://groceries.asda.com/product/1000230965257', 'product_name': 'PRO 2GO Gooey Protein Bar Salted Caramel & Milk Chocolate Flavour', 'product_price': '£2.50', 'product_additionals': 'No weight data'}, {'shop': 'sains', 'url': 'https://www.sainsburys.co.uk/shop/gb/groceries/product/details/protein-food-and-bars/pro2go-gooey-protein-bar-salted-caramel-milk-chocolate-flavour-60g', 'product_name': 'Pro2Go Gooey Protein Bar Salted Caramel & Milk Chocolate Flavour 60g', 'product_price': '£2.50', 'product_additionals': '£4.17 / 100g'}, {'shop': 'tesco', 'url': 'https://www.tesco.com/groceries/en-GB/products/302134817', 'product_name': 'Pro2go Peanut & Milk Chocolate Bar 60G', 'product_price': '£ 2.50', 'product_additionals': '£4.17/100g'}, {'shop': 'sains', 'url': 'https://www.sainsburys.co.uk/shop/gb/groceries/product/details/all-easter-eggs-and-chocolate-/quality-street-easter-egg-277g-check-your-local-store-for-available-range-', 'product_name': 'Quality Street Milk Chocolate Giant Easter Egg 311g', 'product_price': '£6.00', 'product_additionals': '£1.93 / 100g'}, {'shop': 'tesco', 'url': 'https://www.tesco.com/groceries/en-GB/products/305554367', 'product_name': 'Quality Street Milk Chocolate Giant Egg 311G', 'product_price': '£ 5.00', 'product_additionals': '£1.61/100g'}, {'shop': 'sains', 'url': 'https://www.sainsburys.co.uk/shop/gb/groceries/product/details/dairy-free-drinks/rebel-kitchen-dairy-free-organic-coconut-milk-drink-with-cocoa-330ml', 'product_name': 'Rebel Kitchen Dairy Free Organic Coconut Milk Drink with Cocoa 330ml', 'product_price': '£1.70', 'product_additionals': '52p / 100ml'}, {'shop': 'sains', 'url': 'https://www.sainsburys.co.uk/shop/gb/groceries/product/details/milk-flavoured-milk/rebel-kitchen-dairy-free-organic-coconut-milk-drink-with-coffee-330ml', 'product_name': 'Rebel Kitchen Dairy Free Organic Coconut Milk Drink with Coffee 330ml', 'product_price': '£1.70', 'product_additionals': '52p / 100ml'}, {'shop': 'asda', 'url': 'https://groceries.asda.com/product/1000157579330', 'product_name': "Reese's 2 Milk ChocolateKing Size Peanut Butter Trees", 'product_price': '£1.00', 'product_additionals': '(£1.61/100g)'}, {'shop': 'tesco', 'url': 'https://www.tesco.com/groceries/en-GB/products/304794752', 'product_name': "Reese's Milk Chocolate Egg With 3 Peanut Butter Creme Eggs 232G", 'product_price': '£ 5.00', 'product_additionals': '£2.16/100g'}, {'shop': 'tesco', 'url': 'https://www.tesco.com/groceries/en-GB/products/292607176', 'product_name': 'Reeses Milk Chocolate Peanut Butter Cups Minis 70G', 'product_price': '£ 1.60', 'product_additionals': '£2.29/100g'}, {'shop': 'tesco', 'url': 'https://www.tesco.com/groceries/en-GB/products/308110109', 'product_name': 'Rolo Milk Chocolate Easter Egg 128G', 'product_price': '£ 1.00', 'product_additionals': '£0.78/100g'}, {'shop': 'sains', 'url': 'https://www.sainsburys.co.uk/shop/gb/groceries/product/details/dairyeggschilled-pricelockdown/sainsburys-1-fat-northern-irish-milk-227l-4-pint-', 'product_name': "Sainsbury's 1% Fat Northern Irish Milk 2.27L (4 Pint)", 'product_price': '£1.10', 'product_additionals': '55p / ltr'}, {'shop': 'sains', 'url': 'https://www.sainsburys.co.uk/shop/gb/groceries/product/details/milk-fresh-milk/sainsburys-1-fat-northern-irish-milk-227l-4-pint-', 'product_name': "Sainsbury's 1% Fat Northern Irish Milk 2.27L (4 Pint)", 'product_price': '£1.10', 'product_additionals': '55p / ltr'}, {'shop': 'sains', 'url': 'https://www.sainsburys.co.uk/shop/gb/groceries/product/details/milk-fresh-milk/sainsburys-1-fat-scottish-milk-227l-4-pint-', 'product_name': "Sainsbury's 1% Fat Scottish Milk 2.27L (4 Pint)", 'product_price': '£1.10', 'product_additionals': '48p / ltr'}, {'shop': 'sains', 'url': 'https://www.sainsburys.co.uk/shop/gb/groceries/product/details/dairyeggschilled-pricelockdown/sainsburys-1-fat-scottish-milk-227l-4-pint-', 'product_name': "Sainsbury's 1% Fat Scottish Milk 2.27L (4 Pint)", 'product_price': '£1.10', 'product_additionals': '48p / ltr'}, {'shop': 'sains', 'url': 'https://www.sainsburys.co.uk/shop/gb/groceries/product/details/milk-fresh-milk/sainsburys-british-1-fat-milk-113l-2-pint-', 'product_name': "Sainsbury's British 1% Fat Milk 1.13L (2 Pint)", 'product_price': '80p', 'product_additionals': '70p / ltr'}, {'shop': 'sains', 'url': 'https://www.sainsburys.co.uk/shop/gb/groceries/product/details/dairyeggschilled-pricelockdown/sainsburys-british-1-fat-milk-227l-4pint-', 'product_name': "Sainsbury's British 1% Fat Milk 2.27L (4pint)", 'product_price': '£1.10', 'product_additionals': '48p / ltr'}, {'shop': 'sains', 'url': 'https://www.sainsburys.co.uk/shop/gb/groceries/product/details/milk-fresh-milk/sainsburys-filtered-semi-skimmed-milk-2l', 'product_name': "Sainsbury's British Filtered Semi Skimmed Milk 2L", 'product_price': '£1.35', 'product_additionals': '68p / ltr'}, {'shop': 'sains', 'url': 'https://www.sainsburys.co.uk/shop/gb/groceries/product/details/milk-fresh-milk/sainsburys-british-semi-skimmed-milk-1-pint', 'product_name': "Sainsbury's British Semi Skimmed Milk 1 Pint", 'product_price': '55p', 'product_additionals': '97p / ltr'}, {'shop': 'sains', 'url': 'https://www.sainsburys.co.uk/shop/gb/groceries/product/details/milk-fresh-milk/sainsburys-british-semi-skimmed-milk-113l-2-pint-', 'product_name': "Sainsbury's British Semi Skimmed Milk 1.13L (2 pint)", 'product_price': '80p', 'product_additionals': '70p / ltr'}, {'shop': 'sains', 'url': 'https://www.sainsburys.co.uk/shop/gb/groceries/product/details/dairyeggschilled-pricelockdown/sainsburys-british-semi-skimmed-milk-113l-2-pint-', 'product_name': "Sainsbury's British Semi Skimmed Milk 1.13L (2 pint)", 'product_price': '80p', 'product_additionals': '70p / ltr'}, {'shop': 'sains', 'url': 'https://www.sainsburys.co.uk/shop/gb/groceries/product/details/dairy-and-chilled-essentials/sainsburys-british-semi-skimmed-milk-113l-2-pint-', 'product_name': "Sainsbury's British Semi Skimmed Milk 1.13L (2 pint)", 'product_price': '80p', 'product_additionals': '70p / ltr'}, {'shop': 'sains', 'url': 'https://www.sainsburys.co.uk/shop/gb/groceries/product/details/dairyeggschilled-pricelockdown/sainsburys-british-semi-skimmed-milk-227l-4-pint-', 'product_name': "Sainsbury's British Semi Skimmed Milk 2.27L (4 pint)", 'product_price': '£1.09', 'product_additionals': '48p / ltr'}, {'shop': 'sains', 'url': 'https://www.sainsburys.co.uk/shop/gb/groceries/product/details/make-a-smoothie/sainsburys-british-semi-skimmed-milk-227l-4-pint-', 'product_name': "Sainsbury's British Semi Skimmed Milk 2.27L (4 pint)", 'product_price': '£1.09', 'product_additionals': '48p / ltr'}, {'shop': 'sains', 'url': 'https://www.sainsburys.co.uk/shop/gb/groceries/product/details/milk-fresh-milk/sainsburys-british-semi-skimmed-milk-227l-4-pint-', 'product_name': "Sainsbury's British Semi Skimmed Milk 2.27L (4 pint)", 'product_price': '£1.09', 'product_additionals': '48p / ltr'}, {'shop': 'sains', 'url': 'https://www.sainsburys.co.uk/shop/gb/groceries/product/details/all-organic-/sainsburys-british-semi-skimmed-milk-so-organic-227l-4-pint-', 'product_name': "Sainsbury's British Semi Skimmed Milk, SO Organic 2.27L (4 pint)", 'product_price': '£1.55', 'product_additionals': '68p / ltr'}, {'shop': 'sains', 'url': 'https://www.sainsburys.co.uk/shop/gb/groceries/product/details/make-a-smoothie/sainsburys-british-semi-skimmed-milk-so-organic-227l-4-pint-', 'product_name': "Sainsbury's British Semi Skimmed Milk, SO Organic 2.27L (4 pint)", 'product_price': '£1.55', 'product_additionals': '68p / ltr'}, {'shop': 'sains', 'url': 'https://www.sainsburys.co.uk/shop/gb/groceries/product/details/organic-dairy-products/sainsburys-british-semi-skimmed-milk-so-organic-568ml-1-pint-', 'product_name': "Sainsbury's British Semi Skimmed Milk, SO Organic 568ml (1 pint)", 'product_price': '65p', 'product_additionals': '£1.14 / ltr'}, {'shop': 'sains', 'url': 'https://www.sainsburys.co.uk/shop/gb/groceries/product/details/milk-fresh-milk/sainsburys-british-semi-skimmed-milk-so-organic-568ml-1-pint-', 'product_name': "Sainsbury's British Semi Skimmed Milk, SO Organic 568ml (1 pint)", 'product_price': '65p', 'product_additionals': '£1.14 / ltr'}, {'shop': 'sains', 'url': 'https://www.sainsburys.co.uk/shop/gb/groceries/product/details/dairy-and-chilled-essentials/sainsburys-british-skimmed-milk-113l-2-pint-', 'product_name': "Sainsbury's British Skimmed Milk 1.13L (2 pint)", 'product_price': '80p', 'product_additionals': '70p / ltr'}, {'shop': 'sains', 'url': 'https://www.sainsburys.co.uk/shop/gb/groceries/product/details/dairyeggschilled-pricelockdown/sainsburys-british-skimmed-milk-113l-2-pint-', 'product_name': "Sainsbury's British Skimmed Milk 1.13L (2 pint)", 'product_price': '80p', 'product_additionals': '70p / ltr'}, {'shop': 'sains', 'url': 'https://www.sainsburys.co.uk/shop/gb/groceries/product/details/milk-fresh-milk/sainsburys-british-skimmed-milk-113l-2-pint-', 'product_name': "Sainsbury's British Skimmed Milk 1.13L (2 pint)", 'product_price': '80p', 'product_additionals': '70p / ltr'}, {'shop': 'sains', 'url': 'https://www.sainsburys.co.uk/shop/gb/groceries/product/details/dairyeggschilled-pricelockdown/sainsburys-british-skimmed-milk-227l-4-pint-', 'product_name': "Sainsbury's British Skimmed Milk 2.27L (4 pint)", 'product_price': '£1.09', 'product_additionals': '48p / ltr'}, {'shop': 'sains', 'url': 'https://www.sainsburys.co.uk/shop/gb/groceries/product/details/aldi-price-match/sainsburys-british-skimmed-milk-227l-4-pint-', 'product_name': "Sainsbury's British Skimmed Milk 2.27L (4 pint)", 'product_price': '£1.09', 'product_additionals': '48p / ltr'}, {'shop': 'sains', 'url': 'https://www.sainsburys.co.uk/shop/gb/groceries/product/details/aldi-price-match/sainsburys-british-whole-milk-113l-2-pint-', 'product_name': "Sainsbury's British Whole Milk 1.13L (2 pint)", 'product_price': '80p', 'product_additionals': '70p / ltr'}, {'shop': 'sains', 'url': 'https://www.sainsburys.co.uk/shop/gb/groceries/product/details/dairyeggschilled-pricelockdown/sainsburys-british-whole-milk-227l-4-pint-', 'product_name': "Sainsbury's British Whole Milk 2.27L (4 pint)", 'product_price': '£1.09', 'product_additionals': '48p / ltr'}, {'shop': 'sains', 'url': 'https://www.sainsburys.co.uk/shop/gb/groceries/product/details/latest-information--/sainsburys-british-whole-milk-568ml-1-pint-', 'product_name': "Sainsbury's British Whole Milk 568ml (1 pint)", 'product_price': '55p', 'product_additionals': '97p / ltr'}, {'shop': 'sains', 'url': 'https://www.sainsburys.co.uk/shop/gb/groceries/product/details/milk-fresh-milk/sainsburys-british-whole-milk-so-organic-113l-2-pint-', 'product_name': "Sainsbury's British Whole Milk, SO Organic 1.13L (2 pint)", 'product_price': '£1.05', 'product_additionals': '92p / ltr'}, {'shop': 'sains', 'url': 'https://www.sainsburys.co.uk/shop/gb/groceries/product/details/organic-dairy-products/sainsburys-british-whole-milk-so-organic-113l-2-pint-', 'product_name': "Sainsbury's British Whole Milk, SO Organic 1.13L (2 pint)", 'product_price': '£1.05', 'product_additionals': '92p / ltr'}, {'shop': 'sains', 'url': 'https://www.sainsburys.co.uk/shop/gb/groceries/product/details/all-organic-/sainsburys-british-whole-milk-so-organic-568ml-1-pint-', 'product_name': "Sainsbury's British Whole Milk, SO Organic 568ml (1 pint)", 'product_price': '65p', 'product_additionals': '£1.14 / ltr'}, {'shop': 'sains', 'url': 'https://www.sainsburys.co.uk/shop/gb/groceries/product/details/cream-custard/sainsburys-buttermilk-300ml', 'product_name': "Sainsbury's Buttermilk 300ml", 'product_price': '85p', 'product_additionals': '28p / 100ml'}, {'shop': 'sains', 'url': 'https://www.sainsburys.co.uk/shop/gb/groceries/product/details/price-lock-bakery/sainsburys-buttermilk-pancakes-x4', 'product_name': "Sainsbury's Buttermilk Pancakes x4", 'product_price': '85p', 'product_additionals': '21p / ea'}, {'shop': 'sains', 'url': 'https://www.sainsburys.co.uk/shop/gb/groceries/product/details/breakfast-in-bed/sainsburys-buttermilk-pancakes-x8', 'product_name': "Sainsbury's Buttermilk Pancakes x8", 'product_price': '£1.20', 'product_additionals': '15p / ea'}, {'shop': 'sains', 'url': 'https://www.sainsburys.co.uk/shop/gb/groceries/product/details/all-easter-/sainsburys-buttermilk-pancakes-x8', 'product_name': "Sainsbury's Buttermilk Pancakes x8", 'product_price': '£1.20', 'product_additionals': '15p / ea'}, {'shop': 'sains', 'url': 'https://www.sainsburys.co.uk/shop/gb/groceries/product/details/breakfastbrunch/sainsburys-buttermilk-pancakes-x8', 'product_name': "Sainsbury's Buttermilk Pancakes x8", 'product_price': '£1.20', 'product_additionals': '15p / ea'}, {'shop': 'sains', 'url': 'https://www.sainsburys.co.uk/shop/gb/groceries/product/details/milk-flavoured-milk/sainsburys-fresh-chocolate-flavoured-milk-1l', 'product_name': "Sainsbury's Chocolate Milkshake 1L", 'product_price': '£1.00', 'product_additionals': '£1.00 / ltr'}, {'shop': 'sains', 'url': 'https://www.sainsburys.co.uk/shop/gb/groceries/product/details/all-gluten-free-food-and-drink/sainsburys-ff-choc-bar-100g', 'product_name': "Sainsbury's Deliciously Free From Milk Choc Bar 100g", 'product_price': '£1.10', 'product_additionals': '£1.10 / 100g'}, {'shop': 'sains', 'url': 'https://www.sainsburys.co.uk/shop/gb/groceries/product/details/new-355373-44/sainsburys-home-drury-lane-milk-jug-134435430-p', 'product_name': "Sainsbury's Home Drury Lane Milk Jug", 'product_price': '£8.00', 'product_additionals': '£8.00 / ea'}, {'shop': 'sains', 'url': 'https://www.sainsburys.co.uk/shop/gb/groceries/product/details/all-price-lock/sainsburys-long-life-semi-skimmed-milk-500ml', 'product_name': "Sainsbury's Long Life Semi Skimmed Milk 500ml", 'product_price': '55p', 'product_additionals': '£1.10 / ltr'}, {'shop': 'sains', 'url': 'https://www.sainsburys.co.uk/shop/gb/groceries/product/details/price-lock-drinks/sainsburys-long-life-semi-skimmed-milk-500ml', 'product_name': "Sainsbury's Long Life Semi Skimmed Milk 500ml", 'product_price': '55p', 'product_additionals': '£1.10 / ltr'}, {'shop': 'sains', 'url': 'https://www.sainsburys.co.uk/shop/gb/groceries/product/details/aldi-price-match/sainsburys-malted-milk-biscuits-200g', 'product_name': "Sainsbury's Malted Milk Biscuits 200g", 'product_price': '29p', 'product_additionals': '15p / 100g'}, {'shop': 'sains', 'url': 'https://www.sainsburys.co.uk/shop/gb/groceries/product/details/all-easter-/sainsburys-milk-chocolate-chips-100g', 'product_name': "Sainsbury's Milk Chocolate Chips 100g", 'product_price': '80p', 'product_additionals': '80p / 100g'}, {'shop': 'sains', 'url': 'https://www.sainsburys.co.uk/shop/gb/groceries/product/details/price-lock-bakery/sainsburys-milk-chocolate-flapjack-bites-x18', 'product_name': "Sainsbury's Milk Chocolate Flapjack Bites x18", 'product_price': '£1.50', 'product_additionals': '8p / ea'}, {'shop': 'sains', 'url': 'https://www.sainsburys.co.uk/shop/gb/groceries/product/details/easter-special-offers/sainsburys-egg-hunt-bag-200g', 'product_name': "Sainsbury's Milk Chocolate Hollow Eggs 200g", 'product_price': '£2.50', 'product_additionals': '£1.25 / 100g'}, {'shop': 'sains', 'url': 'https://www.sainsburys.co.uk/shop/gb/groceries/product/details/price-lock-bakery/sainsburys-milk-chocolate-mini-rolls-x14', 'product_name': "Sainsbury's Milk Chocolate Mini Rolls x14", 'product_price': '£1.50', 'product_additionals': '11p / ea'}, {'shop': 'sains', 'url': 'https://www.sainsburys.co.uk/shop/gb/groceries/product/details/all-price-lock/sainsburys-milk-chocolate-rice-cakes-4x3575g', 'product_name': "Sainsbury's Milk Chocolate Rice Cakes 4x35.75g", 'product_price': '£1.30', 'product_additionals': '87p / 100g'}, {'shop': 'sains', 'url': 'https://www.sainsburys.co.uk/shop/gb/groceries/product/details/price-lock-food-cupboard/sainsburys-milk-chocolate-rice-cakes-4x3575g', 'product_name': "Sainsbury's Milk Chocolate Rice Cakes 4x35.75g", 'product_price': '£1.30', 'product_additionals': '87p / 100g'}, {'shop': 'sains', 'url': 'https://www.sainsburys.co.uk/shop/gb/groceries/product/details/chocolate-and-sweets-/sainsburys-no-added-sugar-milk-chocolate-100g', 'product_name': "Sainsbury's No Added Sugar Milk Chocolate 100g", 'product_price': '85p', 'product_additionals': '85p / 100g'}, {'shop': 'sains', 'url': 'https://www.sainsburys.co.uk/shop/gb/groceries/product/details/all-mothers-day/sainsburys-no-added-sugar-milk-chocolate-100g', 'product_name': "Sainsbury's No Added Sugar Milk Chocolate 100g", 'product_price': '85p', 'product_additionals': '85p / 100g'}, {'shop': 'sains', 'url': 'https://www.sainsburys.co.uk/shop/gb/groceries/product/details/milk-fresh-milk/sainsburys-northern-irish-semi-skimmed-milk-1l', 'product_name': "Sainsbury's Northern Irish Semi-skimmed Milk 1L", 'product_price': '75p', 'product_additionals': '75p / ltr'}, {'shop': 'sains', 'url': 'https://www.sainsburys.co.uk/shop/gb/groceries/product/details/milk-fresh-milk/sainsburys-northern-irish-skimmed-milk-1-pint-568ml', 'product_name': "Sainsbury's Northern Irish Skimmed Milk 568ml (1 Pint)", 'product_price': '55p', 'product_additionals': '97p / ltr'}, {'shop': 'sains', 'url': 'https://www.sainsburys.co.uk/shop/gb/groceries/product/details/milk-fresh-milk/sainsburys-northern-irish-whole-milk-3l', 'product_name': "Sainsbury's Northern Irish Whole Milk 3L", 'product_price': '£1.40', 'product_additionals': '47p / ltr'}, {'shop': 'sains', 'url': 'https://www.sainsburys.co.uk/shop/gb/groceries/product/details/dairyeggschilled-pricelockdown/sainsburys-scottish-semi-skimmed-milk-113l-2-pint-', 'product_name': "Sainsbury's Scottish Semi Skimmed Milk 1.13L (2 pint)", 'product_price': '80p', 'product_additionals': '70p / ltr'}, {'shop': 'sains', 'url': 'https://www.sainsburys.co.uk/shop/gb/groceries/product/details/dairyeggschilled-pricelockdown/sainsburys-scottish-semi-skimmed-milk-227l-4-pint-', 'product_name': "Sainsbury's Scottish Semi Skimmed Milk 2.27L (4 pint)", 'product_price': '£1.09', 'product_additionals': '48p / ltr'}, {'shop': 'sains', 'url': 'https://www.sainsburys.co.uk/shop/gb/groceries/product/details/milk-fresh-milk/sainsburys-scottish-semi-skimmed-milk-227l-4-pint-', 'product_name': "Sainsbury's Scottish Semi Skimmed Milk 2.27L (4 pint)", 'product_price': '£1.09', 'product_additionals': '48p / ltr'}, {'shop': 'sains', 'url': 'https://www.sainsburys.co.uk/shop/gb/groceries/product/details/all-organic-/sainsburys-scottish-semi-skimmed-milk-so-organic-227l-4-pint-', 'product_name': "Sainsbury's Scottish Semi Skimmed Milk, SO Organic 2.27L (4 pint)", 'product_price': '£1.55', 'product_additionals': '68p / ltr'}, {'shop': 'sains', 'url': 'https://www.sainsburys.co.uk/shop/gb/groceries/product/details/organic-dairy-products/sainsburys-scottish-semi-skimmed-milk-so-organic-568ml-1-pint-', 'product_name': "Sainsbury's Scottish Semi Skimmed Milk, SO Organic 568ml (1 pint)", 'product_price': '65p', 'product_additionals': '£1.14 / ltr'}, {'shop': 'sains', 'url': 'https://www.sainsburys.co.uk/shop/gb/groceries/product/details/milk-fresh-milk/sainsburys-scottish-semi-skimmed-milk-so-organic-568ml-1-pint-', 'product_name': "Sainsbury's Scottish Semi Skimmed Milk, SO Organic 568ml (1 pint)", 'product_price': '65p', 'product_additionals': '£1.14 / ltr'}, {'shop': 'sains', 'url': 'https://www.sainsburys.co.uk/shop/gb/groceries/product/details/dairyeggschilled-pricelockdown/sainsburys-scottish-skimmed-milk-113l-2-pint-', 'product_name': "Sainsbury's Scottish Skimmed Milk 1.13L (2 pint)", 'product_price': '80p', 'product_additionals': '70p / ltr'}, {'shop': 'sains', 'url': 'https://www.sainsburys.co.uk/shop/gb/groceries/product/details/aldi-price-match/sainsburys-scottish-skimmed-milk-227l-4pint-', 'product_name': "Sainsbury's Scottish Skimmed Milk 2.27L (4pint)", 'product_price': '£1.09', 'product_additionals': '48p / ltr'}, {'shop': 'sains', 'url': 'https://www.sainsburys.co.uk/shop/gb/groceries/product/details/all-organic-/sainsburys-scottish-skimmed-milk-so-organic-113l-2-pint-', 'product_name': "Sainsbury's Scottish Skimmed Milk, SO Organic 1.13L (2 pint)", 'product_price': '£1.05', 'product_additionals': '92p / ltr'}, {'shop': 'sains', 'url': 'https://www.sainsburys.co.uk/shop/gb/groceries/product/details/organic-dairy-products/sainsburys-scottish-skimmed-milk-so-organic-568ml-1-pint-', 'product_name': "Sainsbury's Scottish Skimmed Milk, SO Organic 568ml (1 pint)", 'product_price': '65p', 'product_additionals': '£1.14 / ltr'}, {'shop': 'sains', 'url': 'https://www.sainsburys.co.uk/shop/gb/groceries/product/details/milk-fresh-milk/sainsburys-scottish-skimmed-milk-so-organic-568ml-1-pint-', 'product_name': "Sainsbury's Scottish Skimmed Milk, SO Organic 568ml (1 pint)", 'product_price': '65p', 'product_additionals': '£1.14 / ltr'}, {'shop': 'sains', 'url': 'https://www.sainsburys.co.uk/shop/gb/groceries/product/details/aldi-price-match/sainsburys-scottish-whole-milk-113l-2-pint-', 'product_name': "Sainsbury's Scottish Whole Milk 1.13L (2 pint)", 'product_price': '80p', 'product_additionals': '70p / ltr'}, {'shop': 'sains', 'url': 'https://www.sainsburys.co.uk/shop/gb/groceries/product/details/dairyeggschilled-pricelockdown/sainsburys-scottish-whole-milk-227l-4-pint-', 'product_name': "Sainsbury's Scottish Whole Milk 2.27L (4 pint)", 'product_price': '£1.09', 'product_additionals': '48p / ltr'}, {'shop': 'sains', 'url': 'https://www.sainsburys.co.uk/shop/gb/groceries/product/details/milk-fresh-milk/sainsburys-scottish-whole-milk-6pint-34l', 'product_name': "Sainsbury's Scottish Whole Milk 3.4L (6 pint)", 'product_price': '£1.55', 'product_additionals': '45p / ltr'}, {'shop': 'sains', 'url': 'https://www.sainsburys.co.uk/shop/gb/groceries/product/details/organic-dairy-products/sainsburys-scottish-whole-milk-so-organic-113l-2-pint-', 'product_name': "Sainsbury's Scottish Whole Milk, SO Organic 1.13L (2 pint)", 'product_price': '£1.05', 'product_additionals': '92p / ltr'}, {'shop': 'sains', 'url': 'https://www.sainsburys.co.uk/shop/gb/groceries/product/details/milk-fresh-milk/sainsburys-scottish-whole-milk-so-organic-113l-2-pint-', 'product_name': "Sainsbury's Scottish Whole Milk, SO Organic 1.13L (2 pint)", 'product_price': '£1.05', 'product_additionals': '92p / ltr'}, {'shop': 'sains', 'url': 'https://www.sainsburys.co.uk/shop/gb/groceries/product/details/milk-fresh-milk/sainsburys-scottish-whole-milk-so-organic-568ml-1-pint-', 'product_name': "Sainsbury's Scottish Whole Milk, SO Organic 568ml (1 pint)", 'product_price': '65p', 'product_additionals': '£1.14 / ltr'}, {'shop': 'sains', 'url': 'https://www.sainsburys.co.uk/shop/gb/groceries/product/details/organic-dairy-products/sainsburys-scottish-whole-milk-so-organic-568ml-1-pint-', 'product_name': "Sainsbury's Scottish Whole Milk, SO Organic 568ml (1 pint)", 'product_price': '65p', 'product_additionals': '£1.14 / ltr'}, {'shop': 'sains', 'url': 'https://www.sainsburys.co.uk/shop/gb/groceries/product/details/price-lock-drinks/sainsburys-semi-skimmed-british-milk-1l', 'product_name': "Sainsbury's Semi Skimmed British Milk 1L", 'product_price': '80p', 'product_additionals': '80p / ltr'}, {'shop': 'sains', 'url': 'https://www.sainsburys.co.uk/shop/gb/groceries/product/details/all-price-lock/sainsburys-semi-skimmed-long-life-milk-6x1l', 'product_name': "Sainsbury's Semi Skimmed Long Life Milk 6x1L", 'product_price': '£4.25', 'product_additionals': '71p / ltr'}, {'shop': 'sains', 'url': 'https://www.sainsburys.co.uk/shop/gb/groceries/product/details/all-price-lock/sainsburys-skimmed-milk-powder-300g', 'product_name': "Sainsbury's Skimmed Milk Powder 300g", 'product_price': '£1.80', 'product_additionals': '60p / 100g'}, {'shop': 'sains', 'url': 'https://www.sainsburys.co.uk/shop/gb/groceries/product/details/miniandtreat-size/sainsburys-swiss-milk-choc-mini-eggs-taste-the-difference-120g-check-your-local-store-for-available-range-', 'product_name': "Sainsbury's Swiss Milk Chocolate Eggs, Taste the Difference 120g", 'product_price': '£2.00', 'product_additionals': '£1.67 / 100g'}, {'shop': 'sains', 'url': 'https://www.sainsburys.co.uk/shop/gb/groceries/product/details/all-price-lock/sainsburys-west-country-1-fat-milk-4-pint-227l-7938735-p-44', 'product_name': "Sainsbury's West Country 1% Fat Milk (4 Pint) 2.27L", 'product_price': '£1.10', 'product_additionals': '48p / ltr'}, {'shop': 'sains', 'url': 'https://www.sainsburys.co.uk/shop/gb/groceries/product/details/milk-fresh-milk/sainsburys-west-country-1-fat-milk-4-pint-227l', 'product_name': "Sainsbury's West Country 1% Fat Milk (4 Pint) 2.27L", 'product_price': '£1.15', 'product_additionals': '51p / ltr'}, {'shop': 'sains', 'url': 'https://www.sainsburys.co.uk/shop/gb/groceries/product/details/dairyeggschilled-pricelockdown/sainsburys-west-country-1-fat-milk-4-pint-227l-7938735-p-44', 'product_name': "Sainsbury's West Country 1% Fat Milk (4 Pint) 2.27L", 'product_price': '£1.10', 'product_additionals': '48p / ltr'}, {'shop': 'sains', 'url': 'https://www.sainsburys.co.uk/shop/gb/groceries/product/details/milk-fresh-milk/sainsburys-west-country-semi-skimmed-milk-113l-2-pint-', 'product_name': "Sainsbury's West Country Semi Skimmed Milk 1.13L (2 Pint)", 'product_price': '80p', 'product_additionals': '70p / ltr'}, {'shop': 'sains', 'url': 'https://www.sainsburys.co.uk/shop/gb/groceries/product/details/dairyeggschilled-pricelockdown/sainsburys-west-country-semi-skimmed-milk-113l-2-pint-7938683-p-44', 'product_name': "Sainsbury's West Country Semi Skimmed Milk 1.13L (2 Pint)", 'product_price': '80p', 'product_additionals': '70p / ltr'}, {'shop': 'sains', 'url': 'https://www.sainsburys.co.uk/shop/gb/groceries/product/details/aldi-price-match/sainsburys-west-country-semi-skimmed-milk-113l-2-pint-7938683-p-44', 'product_name': "Sainsbury's West Country Semi Skimmed Milk 1.13L (2 Pint)", 'product_price': '80p', 'product_additionals': '70p / ltr'}, {'shop': 'sains', 'url': 'https://www.sainsburys.co.uk/shop/gb/groceries/product/details/dairyeggschilled-pricelockdown/sainsburys-west-country-semi-skimmed-milk-227l-4-pint-7938693-p-44', 'product_name': "Sainsbury's West Country Semi-Skimmed Milk 2.27L (4 Pint)", 'product_price': '£1.09', 'product_additionals': '48p / ltr'}, {'shop': 'sains', 'url': 'https://www.sainsburys.co.uk/shop/gb/groceries/product/details/milk-fresh-milk/sainsburys-west-country-skimmed-milk-1-pint-568ml-7938602-p-44', 'product_name': "Sainsbury's West Country Skimmed Milk (1 Pint) 568ml", 'product_price': '55p', 'product_additionals': '97p / ltr'}, {'shop': 'sains', 'url': 'https://www.sainsburys.co.uk/shop/gb/groceries/product/details/dairyeggschilled-pricelockdown/sainsburys-west-country-skimmed-milk-113l-2-pint-', 'product_name': "Sainsbury's West Country Skimmed Milk 1.13L (2 Pint)", 'product_price': '80p', 'product_additionals': '70p / ltr'}, {'shop': 'sains', 'url': 'https://www.sainsburys.co.uk/shop/gb/groceries/product/details/dairyeggschilled-pricelockdown/sainsburys-west-country-skimmed-milk-227l-4-pint-7938647-p-44', 'product_name': "Sainsbury's West Country Skimmed Milk 2.27L (4 Pint)", 'product_price': '£1.09', 'product_additionals': '48p / ltr'}, {'shop': 'sains', 'url': 'https://www.sainsburys.co.uk/shop/gb/groceries/product/details/dairyeggschilled-pricelockdown/sainsburys-west-country-whole-milk-113l-2-pint-7938763-p-44', 'product_name': "Sainsbury's West Country Whole Milk 1.13L (2 Pint)", 'product_price': '80p', 'product_additionals': '70p / ltr'}, {'shop': 'sains', 'url': 'https://www.sainsburys.co.uk/shop/gb/groceries/product/details/milk-fresh-milk/sainsburys-west-country-whole-milk-113l-2-pint-7938763-p-44', 'product_name': "Sainsbury's West Country Whole Milk 1.13L (2 Pint)", 'product_price': '80p', 'product_additionals': '70p / ltr'}, {'shop': 'sains', 'url': 'https://www.sainsburys.co.uk/shop/gb/groceries/product/details/milk-fresh-milk/sainsburys-west-country-whole-milk-227l-4-pint-', 'product_name': "Sainsbury's West Country Whole Milk 2.27L (4 Pint)", 'product_price': '£1.15', 'product_additionals': '51p / ltr'}, {'shop': 'sains', 'url': 'https://www.sainsburys.co.uk/shop/gb/groceries/product/details/dairyeggschilled-pricelockdown/sainsburys-west-country-whole-milk-227l-4-pint-7938770-p-44', 'product_name': "Sainsbury's West Country Whole Milk 2.27L (4 Pint)", 'product_price': '£1.09', 'product_additionals': '48p / ltr'}, {'shop': 'sains', 'url': 'https://www.sainsburys.co.uk/shop/gb/groceries/product/details/milk-fresh-milk/sainsburys-west-country-whole-milk-568ml-1-pint-7938754-p-44', 'product_name': "Sainsbury's West Country Whole Milk 568ml (1 Pint)", 'product_price': '55p', 'product_additionals': '97p / ltr'}, {'shop': 'asda', 'url': 'https://groceries.asda.com/product/910002101271', 'product_name': 'Schar Gluten Free Milk Chocolate Nobbles', 'product_price': '£1.20', 'product_additionals': 'No weight data'}, {'shop': 'tesco', 'url': 'https://www.tesco.com/groceries/en-GB/products/279946951', 'product_name': 'Schmerlings Rosemarie Milk Chocolate 100G', 'product_price': '£ 2.69', 'product_additionals': '£0.27/10g'}, {'shop': 'sains', 'url': 'https://www.sainsburys.co.uk/shop/gb/groceries/product/details/protein-food-and-bars/sci-mx-nutrition-pro-2-go-high-protein-bar-peanut-milk-chocolate-60g', 'product_name': 'Sci-MX Nutrition Pro 2 Go High Protein Bar Peanut & Milk Chocolate 60g', 'product_price': '£2.50', 'product_additionals': '£4.17 / 100g'}, {'shop': 'aldi', 'url': 'https://www.aldi.co.uk/scottish-semi-skimmed-milk---1l/p/062203006335000', 'product_name': 'Scottish Semi Skimmed Milk - 1L', 'product_price': '0.70', 'product_additionals': '70p per litre'}, {'shop': 'tesco', 'url': 'https://www.tesco.com/groceries/en-GB/products/302300689', 'product_name': 'Shaken Udder Chocolush Milk Shake 750Ml', 'product_price': '£ 2.10', 'product_additionals': '£0.28/100ml'}, {'shop': 'tesco', 'url': 'https://www.tesco.com/groceries/en-GB/products/268891449', 'product_name': 'Shaken Udder Chocolush Milkshake 330Ml', 'product_price': '£ 1.35', 'product_additionals': '£0.41/100ml'}, {'shop': 'sains', 'url': 'https://www.sainsburys.co.uk/shop/gb/groceries/product/details/milk-flavoured-milk/shaken-udder-top-banana!-banana-milkshake-330ml', 'product_name': 'Shaken Udder Top Banana! Banana Milkshake 330ml', 'product_price': '£1.40', 'product_additionals': '42p / 100ml'}, {'shop': 'tesco', 'url': 'https://www.tesco.com/groceries/en-GB/products/268890865', 'product_name': 'Shaken Udder Vanilla-Licious Milkshake 330Ml', 'product_price': '£ 1.35', 'product_additionals': '£0.41/100ml'}, {'shop': 'tesco', 'url': 'https://www.tesco.com/groceries/en-GB/products/255801128', 'product_name': 'Skimmed Cravendale Milk Purfiltre 2 Litre', 'product_price': '£ 1.85', 'product_additionals': '£0.92/litre'}, {'shop': 'sains', 'url': 'https://www.sainsburys.co.uk/shop/gb/groceries/product/details/milk-flavoured-milk/sleep-well-vanilla-milk-drink-uht-200ml', 'product_name': 'Sleep Well Vanilla Milk Drink UHT 200ml', 'product_price': '£1.25', 'product_additionals': '63p / 100ml'}, {'shop': 'tesco', 'url': 'https://www.tesco.com/groceries/en-GB/products/289663291', 'product_name': 'Slim-Fast Multipack Milkshakesberry 1X6x325ml', 'product_price': '£ 9.50', 'product_additionals': '£0.49/100ml'}, {'shop': 'tesco', 'url': 'https://www.tesco.com/groceries/en-GB/products/289668352', 'product_name': 'Slimfast Cafe Latte Milkshake 6X325ml', 'product_price': '£ 9.50', 'product_additionals': '£0.49/100ml'}, {'shop': 'sains', 'url': 'https://www.sainsburys.co.uk/shop/gb/groceries/product/details/weight-management/slimfast-ready-to-drink-chocolate-6x325ml', 'product_name': 'Slimfast Ready To Drink Milkshake Chocolate 6x325ml', 'product_price': '£9.50', 'product_additionals': '49p / 100ml'}, {'shop': 'asda', 'url': 'https://groceries.asda.com/product/910000778593', 'product_name': 'SMA 1 Comfort Easy to Digest Baby Milk Powder Formula', 'product_price': '£12.97', 'product_additionals': 'No weight data'}, {'shop': 'asda', 'url': 'https://groceries.asda.com/product/1000111203346', 'product_name': 'SMA Advanced 1 First Infant Milk Powder Formula', 'product_price': '£14.45', 'product_additionals': 'No weight data'}, {'shop': 'asda', 'url': 'https://groceries.asda.com/product/1000111203497', 'product_name': 'SMA Advanced 2 Follow On Milk Powder Formula', 'product_price': '£14.45', 'product_additionals': 'No weight data'}, {'shop': 'asda', 'url': 'https://groceries.asda.com/product/1000111203452', 'product_name': 'SMA Advanced 3 Growing Up Milk Powder Formula', 'product_price': '£14.45', 'product_additionals': 'No weight data'}, {'shop': 'tesco', 'url': 'https://www.tesco.com/groceries/en-GB/products/303215110', 'product_name': 'Sma Advanced Follow-On-Milk 6 Months+ 800G', 'product_price': '£ 14.50', 'product_additionals': '£18.13/kg'}, {'shop': 'tesco', 'url': 'https://www.tesco.com/groceries/en-GB/products/303215133', 'product_name': 'Sma Advanced Growing Up Milk 1-3Yr 800G', 'product_price': '£ 16.00', 'product_additionals': '£20.00/kg'}, {'shop': 'tesco', 'url': 'https://www.tesco.com/groceries/en-GB/products/305527901', 'product_name': 'Sma Anti Reflux Infant Milk From Birth 800G', 'product_price': '£ 13.00', 'product_additionals': '£16.25/kg'}, {'shop': 'tesco', 'url': 'https://www.tesco.com/groceries/en-GB/products/273760989', 'product_name': 'Sma Comfort Infant Milk From Birth 800G', 'product_price': '£ 13.00', 'product_additionals': '£16.25/kg'}, {'shop': 'asda', 'url': 'https://groceries.asda.com/product/1000111203307', 'product_name': 'SMA Little Steps 1 First Infant Milk Powder Formula From Birth', 'product_price': '£8.00', 'product_additionals': 'No weight data'}, {'shop': 'asda', 'url': 'https://groceries.asda.com/product/1000111203284', 'product_name': 'SMA Little Steps 2 Follow On Milk Powder Formula 6+ Months', 'product_price': '£7.49', 'product_additionals': 'No weight data'}, {'shop': 'tesco', 'url': 'https://www.tesco.com/groceries/en-GB/products/305256138', 'product_name': 'Sma Little Steps First Infant Milk 200Ml', 'product_price': '£ 0.65', 'product_additionals': '£0.32/100ml'}, {'shop': 'tesco', 'url': 'https://www.tesco.com/groceries/en-GB/products/303215156', 'product_name': 'Sma Little Steps First Milk 1 From Birth 800G', 'product_price': '£ 8.00', 'product_additionals': '£10.00/kg'}, {'shop': 'tesco', 'url': 'https://www.tesco.com/groceries/en-GB/products/303215179', 'product_name': 'Sma Little Steps Follow On Milk 6Mth+ 800G', 'product_price': '£ 8.00', 'product_additionals': '£10.00/kg'}, {'shop': 'tesco', 'url': 'https://www.tesco.com/groceries/en-GB/products/301282631', 'product_name': 'Sma Organic First Milk 800G', 'product_price': '£ 12.00', 'product_additionals': '£15.00/kg'}, {'shop': 'tesco', 'url': 'https://www.tesco.com/groceries/en-GB/products/307346864', 'product_name': 'Sma Pro 3 Growing Up Milk 200Ml', 'product_price': '£ 0.80', 'product_additionals': '£4.00/litre'}, {'shop': 'tesco', 'url': 'https://www.tesco.com/groceries/en-GB/products/307361298', 'product_name': 'Sma Pro Extra Hungry Infant Milk 800G', 'product_price': '£ 10.75', 'product_additionals': '£13.44/kg'}, {'shop': 'tesco', 'url': 'https://www.tesco.com/groceries/en-GB/products/305781627', 'product_name': 'Sma Pro First Infant Milk Birth 1 Litre', 'product_price': '£ 4.00', 'product_additionals': '£4.00/litre'}, {'shop': 'tesco', 'url': 'https://www.tesco.com/groceries/en-GB/products/305781702', 'product_name': 'Sma Pro First Infant Milk Birth 200Ml', 'product_price': '£ 0.85', 'product_additionals': '£4.25/litre'}, {'shop': 'asda', 'url': 'https://groceries.asda.com/product/1000196707142', 'product_name': 'SMA PRO First Infant Milk From Birth', 'product_price': '£10.75', 'product_additionals': 'No weight data'}, {'shop': 'asda', 'url': 'https://groceries.asda.com/product/1000212268834', 'product_name': 'SMA PRO First Infant Milk From Birth 6 x 70 ml Starter Pack', 'product_price': '£7.45', 'product_additionals': '(£1.77/100ml)'}, {'shop': 'tesco', 'url': 'https://www.tesco.com/groceries/en-GB/products/305781649', 'product_name': 'Sma Pro First Infant Milk From Birth 800G', 'product_price': '£ 10.75', 'product_additionals': '£13.44/kg'}, {'shop': 'sains', 'url': 'https://www.sainsburys.co.uk/shop/gb/groceries/product/details/bigger-packs-/sma-1-first-infant-milk-900g', 'product_name': 'SMA PRO First Infant Milk From Birth 800g', 'product_price': '£10.75', 'product_additionals': '£1.34 / 100g'}, {'shop': 'asda', 'url': 'https://groceries.asda.com/product/1000196707097', 'product_name': 'SMA PRO First Infant Milk from Birth Ready to Drink', 'product_price': '£0.80', 'product_additionals': 'No weight data'}, {'shop': 'asda', 'url': 'https://groceries.asda.com/product/1000196706968', 'product_name': 'SMA PRO First Infant Milk From Birth Ready to Drink', 'product_price': '£3.70', 'product_additionals': 'No weight data'}, {'shop': 'asda', 'url': 'https://groceries.asda.com/product/1000204779055', 'product_name': 'SMA PRO First Infant Milk From Birth Ready to Feed Multipack', 'product_price': '£4.70', 'product_additionals': 'No weight data'}, {'shop': 'asda', 'url': 'https://groceries.asda.com/product/1000196707017', 'product_name': 'SMA PRO Follow-on Milk 6 mth+', 'product_price': '£9.40', 'product_additionals': 'No weight data'}, {'shop': 'asda', 'url': 'https://groceries.asda.com/product/1000196706943', 'product_name': 'SMA PRO Follow-on Milk 6 mth+ Ready to Drink', 'product_price': '£0.75', 'product_additionals': 'No weight data'}, {'shop': 'asda', 'url': 'https://groceries.asda.com/product/1000204779018', 'product_name': 'SMA PRO Follow-on Milk 6 mth+ Ready to Feed Multipack', 'product_price': '£3.75', 'product_additionals': 'No weight data'}, {'shop': 'tesco', 'url': 'https://www.tesco.com/groceries/en-GB/products/305782724', 'product_name': 'Sma Pro Follow-On Milk 6Mth+ 200Ml', 'product_price': '£ 0.85', 'product_additionals': '£4.25/litre'}, {'shop': 'tesco', 'url': 'https://www.tesco.com/groceries/en-GB/products/305782747', 'product_name': 'Sma Pro Follow-On Milk 6Mth+ 800G', 'product_price': '£ 9.50', 'product_additionals': '£11.88/kg'}, {'shop': 'sains', 'url': 'https://www.sainsburys.co.uk/shop/gb/groceries/product/details/all-price-lock/sma-3-toddler-milk--ready-to-use-200ml', 'product_name': 'SMA PRO Growing Up Milk 1-3 Years 800g', 'product_price': '70p', 'product_additionals': '35p / 100ml'}, {'shop': 'asda', 'url': 'https://groceries.asda.com/product/1000196707070', 'product_name': 'SMA PRO Growing Up Milk 1-3yr', 'product_price': '£9.10', 'product_additionals': 'No weight data'}, {'shop': 'tesco', 'url': 'https://www.tesco.com/groceries/en-GB/products/305782851', 'product_name': 'Sma Pro Gum Milk Powder Can 800G', 'product_price': '£ 9.15', 'product_additionals': '£11.44/kg'}, {'shop': 'tesco', 'url': 'https://www.tesco.com/groceries/en-GB/products/305553938', 'product_name': 'Smarties Bunny Milk Chocolate Hollow Figure 18.5G', 'product_price': '£ 0.50', 'product_additionals': '£2.71/100g'}, {'shop': 'tesco', 'url': 'https://www.tesco.com/groceries/en-GB/products/305548029', 'product_name': 'Smarties Bunny Milk Chocolate Hollow Figure 94G', 'product_price': '£ 2.00', 'product_additionals': '£2.13/100g'}, {'shop': 'tesco', 'url': 'https://www.tesco.com/groceries/en-GB/products/307961204', 'product_name': 'Smarties Buttons Milk Chocolate Easter Egg 290G', 'product_price': '£ 5.00', 'product_additionals': '£1.73/100g'}, {'shop': 'asda', 'url': 'https://groceries.asda.com/product/1000193654277', 'product_name': 'Smarties Buttons Orange Milk Chocolate Sharing Pouch', 'product_price': '£0.99', 'product_additionals': 'No weight data'}, {'shop': 'sains', 'url': 'https://www.sainsburys.co.uk/shop/gb/groceries/product/details/easter-special-offers/smarties-giant-inclusion-egg-470g', 'product_name': 'Smarties Incredible Inclusion Milk Chocolate Giant Easter Egg 470g', 'product_price': '£1.00', 'product_additionals': '21p / 100g'}, {'shop': 'tesco', 'url': 'https://www.tesco.com/groceries/en-GB/products/305548185', 'product_name': 'Smarties Milk Cho Incredible Easter Egg 470G', 'product_price': '£ 8.00', 'product_additionals': '£1.71/100g'}, {'shop': 'asda', 'url': 'https://groceries.asda.com/product/1000193654276', 'product_name': 'Smarties Milk Chocolate Buttons Sharing Bag', 'product_price': '£0.99', 'product_additionals': '(£1.10/100g)'}, {'shop': 'asda', 'url': 'https://groceries.asda.com/product/1000150186073', 'product_name': 'Smarties Milk Chocolate Christmas Penguin', 'product_price': '£2.00', 'product_additionals': '(£2.13/100g)'}, {'shop': 'asda', 'url': 'https://groceries.asda.com/product/1000150185969', 'product_name': 'Smarties Milk Chocolate Christmas Penguin', 'product_price': '£1.00', 'product_additionals': '(£1.99/100g)'}, {'shop': 'asda', 'url': 'https://groceries.asda.com/product/1000150186042', 'product_name': 'Smarties Milk Chocolate Christmas Penguin Multipack', 'product_price': '£1.50', 'product_additionals': '(£2.08/100g)'}, {'shop': 'tesco', 'url': 'https://www.tesco.com/groceries/en-GB/products/308103753', 'product_name': 'Smarties Milk Chocolate Easter Egg 119G', 'product_price': '£ 1.00', 'product_additionals': '£0.84/100g'}, {'shop': 'tesco', 'url': 'https://www.tesco.com/groceries/en-GB/products/307961066', 'product_name': 'Smarties Milk Chocolate Easter Egg Hunt 8 Pack 140G', 'product_price': '£ 3.00', 'product_additionals': '£2.15/100g'}, {'shop': 'tesco', 'url': 'https://www.tesco.com/groceries/en-GB/products/305554281', 'product_name': 'Smarties Milk Chocolate Mini Eggs 80G', 'product_price': '£ 1.00', 'product_additionals': '£1.25/100g'}, {'shop': 'tesco', 'url': 'https://www.tesco.com/groceries/en-GB/products/305554465', 'product_name': 'Smarties Milk Chocolate Mini Eggs Giant Bag 240G', 'product_price': '£ 2.00', 'product_additionals': '£0.83/100g'}, {'shop': 'asda', 'url': 'https://groceries.asda.com/product/1000034704520', 'product_name': 'Smarties Milk Chocolate Sharing Bag', 'product_price': '£0.99', 'product_additionals': '(83.9p/100g)'}, {'shop': 'asda', 'url': 'https://groceries.asda.com/product/910000522670', 'product_name': 'Smarties Milk Chocolate Sweets Tube Multipack 4 Pack', 'product_price': '£1.00', 'product_additionals': '(65.8p/100g)'}, {'shop': 'asda', 'url': 'https://groceries.asda.com/product/1000107813970', 'product_name': 'Smarties Mini Milk Chocolate Sweets Bag', 'product_price': '£0.25', 'product_additionals': '(£1.67/100g)'}, {'shop': 'asda', 'url': 'https://groceries.asda.com/product/1000072842960', 'product_name': 'Smarties Pink Milk Chocolate Giant Tube', 'product_price': '£1.00', 'product_additionals': '(76.9p/100g)'}, {'shop': 'asda', 'url': 'https://groceries.asda.com/product/1000161632967', 'product_name': 'Smarties Retro Edition Milk Chocolate Giant Tube', 'product_price': '£1.00', 'product_additionals': 'No weight data'}, {'shop': 'asda', 'url': 'https://groceries.asda.com/product/1000136352517', 'product_name': 'So...? Twilight Kiss Perfume Mist Vanilla Fudge Milkshake', 'product_price': '£6.00', 'product_additionals': '(£4.29/100ml)'}, {'shop': 'asda', 'url': 'https://groceries.asda.com/product/910001297523', 'product_name': 'Soft & Gentle 48hr Protection Jasmine & Coco Milk Anti-Perspirant Deodorant', 'product_price': '£0.95', 'product_additionals': '(63.3p/100ml)'}, {'shop': 'tesco', 'url': 'https://www.tesco.com/groceries/en-GB/products/281947400', 'product_name': 'Soft And Gentle Jasmine&Coco Milk Deodorant Rollon 50Ml', 'product_price': '£ 0.89', 'product_additionals': '£1.78/100ml'}, {'shop': 'sains', 'url': 'https://www.sainsburys.co.uk/shop/gb/groceries/product/details/all-future-brands/source-of-nature-cleansing-milk-white-tea---shea-butter-200ml', 'product_name': 'Source of Nature Cleansing Milk White Tea & Shea Butter 200ml', 'product_price': '£2.00', 'product_additionals': '£1.00 / 100ml'}, {'shop': 'tesco', 'url': 'https://www.tesco.com/groceries/en-GB/products/301011521', 'product_name': 'Special K Milk Chocolate Bars 5X27g', 'product_price': '£ 1.00', 'product_additionals': '£0.74/100g'}, {'shop': 'sains', 'url': 'https://www.sainsburys.co.uk/shop/gb/groceries/product/details/big-pot-yogurts/st-helens-farm-natural-goats-milk-yogurt-450g', 'product_name': "St Helen's Farm Goat's Milk Natural Yogurt 450g", 'product_price': '£2.40', 'product_additionals': '53p / 100g'}, {'shop': 'sains', 'url': 'https://www.sainsburys.co.uk/shop/gb/groceries/product/details/top-rated-44/st-helens-farm-natural-goats-milk-yogurt-450g', 'product_name': "St Helen's Farm Goat's Milk Natural Yogurt 450g", 'product_price': '£2.40', 'product_additionals': '53p / 100g'}, {'shop': 'tesco', 'url': 'https://www.tesco.com/groceries/en-GB/products/264016416', 'product_name': "St Helen's Fresh Skimmed Goats Milk 1L", 'product_price': '£ 1.75', 'product_additionals': '£1.75/litre'}, {'shop': 'tesco', 'url': 'https://www.tesco.com/groceries/en-GB/products/260454295', 'product_name': "St Helen's Semi Skimmed Goats Milk 1L", 'product_price': '£ 1.75', 'product_additionals': '£1.75/litre'}, {'shop': 'tesco', 'url': 'https://www.tesco.com/groceries/en-GB/products/260378143', 'product_name': 'St Helens Farm Natural Goats Milk Yogurt 450G', 'product_price': '£ 2.40', 'product_additionals': '£0.53/100g'}, {'shop': 'tesco', 'url': 'https://www.tesco.com/groceries/en-GB/products/254262853', 'product_name': 'St Ivel Buttermilk 284Ml', 'product_price': '£ 0.75', 'product_additionals': '£2.65/litre'}, {'shop': 'sains', 'url': 'https://www.sainsburys.co.uk/shop/gb/groceries/product/details/dairy-eggs-special-offers/starbucks-fairtrade-dark-with-a-splash-of-milk-doubleshot-intenso-200ml', 'product_name': 'Starbucks Fairtrade Dark with A Splash of Milk Doubleshot Intenso 200ml', 'product_price': '£2.00', 'product_additionals': '£10.00 / ltr'}, {'shop': 'tesco', 'url': 'https://www.tesco.com/groceries/en-GB/products/301603040', 'product_name': 'Stock Knoppers Milk And Nut Wafers 75G', 'product_price': '£ 1.50', 'product_additionals': '£0.20/10g'}, {'shop': 'asda', 'url': 'https://groceries.asda.com/product/910002987974', 'product_name': 'Storck Knoppers Milk and Nut Wafers', 'product_price': '£1.25', 'product_additionals': '(£1.67/100g)'}, {'shop': 'aldi', 'url': 'https://www.aldi.co.uk/strawberry-flavoured-1%25-fat-milk/p/063364386467200', 'product_name': 'Strawberry Flavoured 1% Fat Milk', 'product_price': '0.85', 'product_additionals': '85p per litre'}, {'shop': 'asda', 'url': 'https://groceries.asda.com/product/1000234566986', 'product_name': 'Summer Pride Coconut Milk', 'product_price': '£0.79', 'product_additionals': '(19.8p/100ml)'}, {'shop': 'asda', 'url': 'https://groceries.asda.com/product/1000234567324', 'product_name': 'Summer Pride Reduced Fat Coconut Milk', 'product_price': '£0.79', 'product_additionals': 'No weight data'}, {'shop': 'asda', 'url': 'https://groceries.asda.com/product/910003081224', 'product_name': 'Swizzels Drumstick Squashies Mini Bags Raspberry & Milk Flavour 20 Pack', 'product_price': '£2.00', 'product_additionals': '(71.4p/100g)'}, {'shop': 'sains', 'url': 'https://www.sainsburys.co.uk/shop/gb/groceries/product/details/price-lock-food-cupboard/swizzels-drumstick-squashies-mini-bags-raspberry-milk-flavour-sweets-x20', 'product_name': 'Swizzels Drumstick Squashies Mini Bags Raspberry & Milk Flavour Sweets x20', 'product_price': '£2.00', 'product_additionals': '71p / 100g'}, {'shop': 'sains', 'url': 'https://www.sainsburys.co.uk/shop/gb/groceries/product/details/all-price-lock/swizzels-drumstick-squashies-mini-bags-raspberry-milk-flavour-sweets-x20', 'product_name': 'Swizzels Drumstick Squashies Mini Bags Raspberry & Milk Flavour Sweets x20', 'product_price': '£2.00', 'product_additionals': '71p / 100g'}, {'shop': 'asda', 'url': 'https://groceries.asda.com/product/1000039942609', 'product_name': 'Swizzels Drumstick Squashies Original Raspberry & Milk Flavour', 'product_price': '£0.90', 'product_additionals': '(56.2p/100g)'}, {'shop': 'asda', 'url': 'https://groceries.asda.com/product/1000189263421', 'product_name': 'Swizzels Drumstick Squashies Raspberries & Milk Flavour Jumbo Lollies 4 Pack', 'product_price': '£2.00', 'product_additionals': 'No weight data'}, {'shop': 'tesco', 'url': 'https://www.tesco.com/groceries/en-GB/products/254278011', 'product_name': 'T.Skimmed Longlife Milk 6X1l', 'product_price': '£ 4.25', 'product_additionals': '£0.71/litre'}, {'shop': 'asda', 'url': 'https://groceries.asda.com/product/910002751801', 'product_name': 'Tassimo 16 Creamer from Milk Pods', 'product_price': '£3.99', 'product_additionals': '(£1.16/100g)'}, {'shop': 'tesco', 'url': 'https://www.tesco.com/groceries/en-GB/products/274445780', 'product_name': 'Tassimo Milk Pods 16 Servings', 'product_price': '£ 3.50', 'product_additionals': '£0.22/each'}, {'shop': 'asda', 'url': 'https://groceries.asda.com/product/1000072843086', 'product_name': "Terry's Chocolate Orange Milk", 'product_price': '£1.00', 'product_additionals': '(63.7p/100g)'}, {'shop': 'sains', 'url': 'https://www.sainsburys.co.uk/shop/gb/groceries/product/details/all-easter-eggs-and-chocolate-/terrys-milk-chocolate-orange-175g', 'product_name': "Terry's Chocolate Orange Milk Ball 157g", 'product_price': '£1.95', 'product_additionals': '£1.24 / 100g'}, {'shop': 'sains', 'url': 'https://www.sainsburys.co.uk/shop/gb/groceries/product/details/chocolate-and-sweets-/terrys-milk-chocolate-orange-175g', 'product_name': "Terry's Chocolate Orange Milk Ball 157g", 'product_price': '£1.95', 'product_additionals': '£1.24 / 100g'}, {'shop': 'sains', 'url': 'https://www.sainsburys.co.uk/shop/gb/groceries/product/details/special-offers-/terrys-milk-chocolate-orange-175g', 'product_name': "Terry's Chocolate Orange Milk Ball 157g", 'product_price': '£1.95', 'product_additionals': '£1.24 / 100g'}, {'shop': 'sains', 'url': 'https://www.sainsburys.co.uk/shop/gb/groceries/product/details/boxedchocolates/terrys-milk-chocolate-orange-175g', 'product_name': "Terry's Chocolate Orange Milk Ball 157g", 'product_price': '£1.95', 'product_additionals': '£1.24 / 100g'}, {'shop': 'asda', 'url': 'https://groceries.asda.com/product/1000194797272', 'product_name': "Terry's Chocolate Orange Milk Bar", 'product_price': '£1.00', 'product_additionals': '(£1.11/100g)'}, {'shop': 'asda', 'url': 'https://groceries.asda.com/product/1000194797186', 'product_name': "Terry's Chocolate Orange Milk Chocolate Bars 3 Pack", 'product_price': '£1.00', 'product_additionals': '(95.2p/100g)'}, {'shop': 'tesco', 'url': 'https://www.tesco.com/groceries/en-GB/products/293749766', 'product_name': "Terry's Chocolate Orange Milk Chocolate Box 157G", 'product_price': '£ 1.95', 'product_additionals': '£1.25/100g'}, {'shop': 'asda', 'url': 'https://groceries.asda.com/product/1000235168241', 'product_name': "Terry's Limited Edition Milk Chocolate Orange & Cranberry Bar", 'product_price': '£0.25', 'product_additionals': '(27.8p/100g)'}, {'shop': 'tesco', 'url': 'https://www.tesco.com/groceries/en-GB/products/301012899', 'product_name': 'Tesco 6 Chocolate & Milk Crispy Bars 126G', 'product_price': '£ 0.89', 'product_additionals': '£0.71/100g'}, {'shop': 'tesco', 'url': 'https://www.tesco.com/groceries/en-GB/products/268040017', 'product_name': 'Tesco 8 Milk Chocolate Ices 560Ml Price Marked', 'product_price': '£ 1.00', 'product_additionals': '£0.18/100ml'}, {'shop': 'tesco', 'url': 'https://www.tesco.com/groceries/en-GB/products/302063906', 'product_name': 'Tesco Banana Flavour Milk 1 Litre', 'product_price': '£ 1.10', 'product_additionals': '£1.10/litre'}, {'shop': 'tesco', 'url': 'https://www.tesco.com/groceries/en-GB/products/302064214', 'product_name': 'Tesco Banana Flavour Milk 330Ml', 'product_price': '£ 0.60', 'product_additionals': '£0.18/100ml'}, {'shop': 'tesco', 'url': 'https://www.tesco.com/groceries/en-GB/products/275049199', 'product_name': 'Tesco Banana Milkshake Bottle 80G', 'product_price': '£ 0.40', 'product_additionals': '£0.50/100g'}, {'shop': 'tesco', 'url': 'https://www.tesco.com/groceries/en-GB/products/254656543', 'product_name': 'Tesco British Semi Skimmed Milk 2.272L 4 Pints', 'product_price': '£ 1.09', 'product_additionals': '£0.48/litre'}, {'shop': 'tesco', 'url': 'https://www.tesco.com/groceries/en-GB/products/302063941', 'product_name': 'Tesco Brownie Flavour Milk 1 Litre', 'product_price': '£ 1.10', 'product_additionals': '£1.10/litre'}, {'shop': 'tesco', 'url': 'https://www.tesco.com/groceries/en-GB/products/305971593', 'product_name': 'Tesco Buttermilk Chicken Mini Fillets 305G', 'product_price': '£ 2.50', 'product_additionals': '£8.20/kg'}, {'shop': 'tesco', 'url': 'https://www.tesco.com/groceries/en-GB/products/302063929', 'product_name': 'Tesco Chocolate Flavour Milk 1 Litre', 'product_price': '£ 1.10', 'product_additionals': '£1.10/litre'}, {'shop': 'tesco', 'url': 'https://www.tesco.com/groceries/en-GB/products/302064237', 'product_name': 'Tesco Chocolate Flavour Milk 330Ml', 'product_price': '£ 0.60', 'product_additionals': '£0.18/100ml'}, {'shop': 'tesco', 'url': 'https://www.tesco.com/groceries/en-GB/products/266045712', 'product_name': 'Tesco Chocolate Malted Milk Biscuits 250G', 'product_price': '£ 0.85', 'product_additionals': '£0.34/100g'}, {'shop': 'tesco', 'url': 'https://www.tesco.com/groceries/en-GB/products/288716611', 'product_name': 'Tesco Condensed Milk 397G', 'product_price': '£ 1.05', 'product_additionals': '£2.65/kg'}, {'shop': 'tesco', 'url': 'https://www.tesco.com/groceries/en-GB/products/290595440', 'product_name': 'Tesco Easter Milk Chocolate Bunny 100G', 'product_price': '£ 0.89', 'product_additionals': '£0.89/100g'}, {'shop': 'tesco', 'url': 'https://www.tesco.com/groceries/en-GB/products/256909311', 'product_name': 'Tesco Evaporated Milk 170G', 'product_price': '£ 0.50', 'product_additionals': '£2.95/kg'}, {'shop': 'tesco', 'url': 'https://www.tesco.com/groceries/en-GB/products/256909870', 'product_name': 'Tesco Evaporated Milk 410G', 'product_price': '£ 0.65', 'product_additionals': '£1.59/kg'}, {'shop': 'tesco', 'url': 'https://www.tesco.com/groceries/en-GB/products/260388246', 'product_name': 'Tesco Filtered Semi Skimmed Milk 1 Litre', 'product_price': '£ 0.85', 'product_additionals': '£0.85/litre'}, {'shop': 'tesco', 'url': 'https://www.tesco.com/groceries/en-GB/products/253737115', 'product_name': 'Tesco Filtered Semi Skimmed Milk 2 Litre', 'product_price': '£ 1.35', 'product_additionals': '£0.68/litre'}, {'shop': 'tesco', 'url': 'https://www.tesco.com/groceries/en-GB/products/253732988', 'product_name': 'Tesco Filtered Whole Milk 2 Litre', 'product_price': '£ 1.35', 'product_additionals': '£0.68/litre'}, {'shop': 'tesco', 'url': 'https://www.tesco.com/groceries/en-GB/products/275412034', 'product_name': 'Tesco Finest Baking Chocolate Milk 100G', 'product_price': '£ 1.30', 'product_additionals': '£1.30/100g'}, {'shop': 'tesco', 'url': 'https://www.tesco.com/groceries/en-GB/products/304380717', 'product_name': 'Tesco Finest Belgian Milk Chocolate Cookies 210G', 'product_price': '£ 1.69', 'product_additionals': '£0.80/100g'}, {'shop': 'tesco', 'url': 'https://www.tesco.com/groceries/en-GB/products/257750530', 'product_name': 'Tesco Finest Channel Island Milk 1L', 'product_price': '£ 1.15', 'product_additionals': '£1.15/litre'}, {'shop': 'tesco', 'url': 'https://www.tesco.com/groceries/en-GB/products/300228693', 'product_name': 'Tesco Finest Chunky Milk Chocolate & Hazelnut Cookies 200G', 'product_price': '£ 1.59', 'product_additionals': '£0.80/100g'}, {'shop': 'tesco', 'url': 'https://www.tesco.com/groceries/en-GB/products/267377676', 'product_name': 'Tesco Instant Dried Skimmed Milk 340G', 'product_price': '£ 2.00', 'product_additionals': '£5.89/kg'}, {'shop': 'tesco', 'url': 'https://www.tesco.com/groceries/en-GB/products/300118011', 'product_name': 'Tesco Lactose Free Semi Skimmed Milk 1 Litre', 'product_price': '£ 1.20', 'product_additionals': '£1.20/litre'}, {'shop': 'tesco', 'url': 'https://www.tesco.com/groceries/en-GB/products/256909294', 'product_name': 'Tesco Light Choices Evaporated Semi Skimmed Milk 170G', 'product_price': '£ 0.50', 'product_additionals': '£2.95/kg'}, {'shop': 'tesco', 'url': 'https://www.tesco.com/groceries/en-GB/products/295790361', 'product_name': 'Tesco Longlife Unsweetened Soya Milk Alternative 1L', 'product_price': '£ 0.85', 'product_additionals': '£0.85/litre'}, {'shop': 'tesco', 'url': 'https://www.tesco.com/groceries/en-GB/products/256909887', 'product_name': 'Tesco Low Fat Evaporated Semi Skimmed Milk 410G', 'product_price': '£ 0.65', 'product_additionals': '£1.59/kg'}, {'shop': 'tesco', 'url': 'https://www.tesco.com/groceries/en-GB/products/255220251', 'product_name': 'Tesco Malted Milk Biscuits 200G', 'product_price': '£ 0.45', 'product_additionals': '£0.22/100g'}, {'shop': 'tesco', 'url': 'https://www.tesco.com/groceries/en-GB/products/307347863', 'product_name': 'Tesco Milk & White Egg Hunt 475G', 'product_price': '£ 5.00', 'product_additionals': '£1.06/100g'}, {'shop': 'tesco', 'url': 'https://www.tesco.com/groceries/en-GB/products/270965130', 'product_name': 'Tesco Milk Bottles 75G', 'product_price': '£ 0.40', 'product_additionals': '£0.53/100g'}, {'shop': 'tesco', 'url': 'https://www.tesco.com/groceries/en-GB/products/255762801', 'product_name': 'Tesco Milk Chocolate Biscuit Break 8 Pack 172G', 'product_price': '£ 0.89', 'product_additionals': '£0.52/100g'}, {'shop': 'tesco', 'url': 'https://www.tesco.com/groceries/en-GB/products/297549518', 'product_name': 'Tesco Milk Chocolate Biscuit Selection 450G', 'product_price': '£ 4.00', 'product_additionals': '£0.89/100g'}, {'shop': 'tesco', 'url': 'https://www.tesco.com/groceries/en-GB/products/307364796', 'product_name': 'Tesco Milk Chocolate Bunnies 75G', 'product_price': '£ 0.75', 'product_additionals': '£1.00/100g'}, {'shop': 'tesco', 'url': 'https://www.tesco.com/groceries/en-GB/products/261356853', 'product_name': 'Tesco Milk Chocolate Butter Biscuits 125G', 'product_price': '£ 0.85', 'product_additionals': '£0.68/100g'}, {'shop': 'tesco', 'url': 'https://www.tesco.com/groceries/en-GB/products/259595923', 'product_name': 'Tesco Milk Chocolate Buttons 70G', 'product_price': '£ 0.40', 'product_additionals': '£0.57/100g'}, {'shop': 'tesco', 'url': 'https://www.tesco.com/groceries/en-GB/products/254913717', 'product_name': 'Tesco Milk Chocolate Cake Covering 300G', 'product_price': '£ 0.80', 'product_additionals': '£0.27/100g'}, {'shop': 'tesco', 'url': 'https://www.tesco.com/groceries/en-GB/products/278244694', 'product_name': 'Tesco Milk Chocolate Chips 100G', 'product_price': '£ 0.80', 'product_additionals': '£0.80/100g'}, {'shop': 'tesco', 'url': 'https://www.tesco.com/groceries/en-GB/products/278274664', 'product_name': 'Tesco Milk Chocolate Chunks 100G', 'product_price': '£ 1.00', 'product_additionals': '£1.00/100g'}, {'shop': 'tesco', 'url': 'https://www.tesco.com/groceries/en-GB/products/254924572', 'product_name': 'Tesco Milk Chocolate Digestive 300G', 'product_price': '£ 0.60', 'product_additionals': '£0.20/100g'}, {'shop': 'tesco', 'url': 'https://www.tesco.com/groceries/en-GB/products/303067941', 'product_name': 'Tesco Milk Chocolate Ice Cream 3X110ml', 'product_price': '£ 1.00', 'product_additionals': '£0.30/100ml'}, {'shop': 'tesco', 'url': 'https://www.tesco.com/groceries/en-GB/products/300792887', 'product_name': 'Tesco Milk Chocolate Peanut 200G', 'product_price': '£ 0.75', 'product_additionals': '£0.38/100g'}, {'shop': 'tesco', 'url': 'https://www.tesco.com/groceries/en-GB/products/300792956', 'product_name': 'Tesco Milk Chocolate Raisins 200G', 'product_price': '£ 0.75', 'product_additionals': '£0.38/100g'}, {'shop': 'tesco', 'url': 'https://www.tesco.com/groceries/en-GB/products/307737200', 'product_name': 'Tesco Milk Chocolate Viennese Fingers 130G', 'product_price': '£ 1.00', 'product_additionals': '£0.77/100g'}, {'shop': 'tesco', 'url': 'https://www.tesco.com/groceries/en-GB/products/258520070', 'product_name': 'Tesco Milk Cooking Chocolate 150G', 'product_price': '£ 0.80', 'product_additionals': '£0.53/100g'}, {'shop': 'tesco', 'url': 'https://www.tesco.com/groceries/en-GB/products/305831811', 'product_name': 'Tesco Milk For Kittens 200Ml', 'product_price': '£ 0.70', 'product_additionals': '£0.35/100ml'}, {'shop': 'tesco', 'url': 'https://www.tesco.com/groceries/en-GB/products/305833930', 'product_name': 'Tesco Milk For Milk For Cats 200Ml', 'product_price': '£ 0.70', 'product_additionals': '£0.35/100ml'}, {'shop': 'tesco', 'url': 'https://www.tesco.com/groceries/en-GB/products/268395167', 'product_name': 'Tesco Mini Milk Chocolate Cookie Bites 20 Pack', 'product_price': '£ 1.80', 'product_additionals': '£0.09/each'}, {'shop': 'tesco', 'url': 'https://www.tesco.com/groceries/en-GB/products/251499710', 'product_name': 'Tesco Organic Semi- Skimmed Milk 1.136L/2 Pints', 'product_price': '£ 0.89', 'product_additionals': '£0.78/litre'}, {'shop': 'tesco', 'url': 'https://www.tesco.com/groceries/en-GB/products/251499998', 'product_name': 'Tesco Organic Semi- Skimmed Milk 2.272L/4 Pints', 'product_price': '£ 1.50', 'product_additionals': '£0.66/litre'}, {'shop': 'tesco', 'url': 'https://www.tesco.com/groceries/en-GB/products/251499687', 'product_name': 'Tesco Organic Skimmed Milk 1.136L/2 Pints', 'product_price': '£ 0.89', 'product_additionals': '£0.78/litre'}, {'shop': 'tesco', 'url': 'https://www.tesco.com/groceries/en-GB/products/251499900', 'product_name': 'Tesco Organic Whole Milk 1.136L/2 Pints', 'product_price': '£ 0.89', 'product_additionals': '£0.78/litre'}, {'shop': 'tesco', 'url': 'https://www.tesco.com/groceries/en-GB/products/251500030', 'product_name': 'Tesco Organic Whole Milk 2.272L/4 Pints', 'product_price': '£ 1.50', 'product_additionals': '£0.66/litre'}, {'shop': 'tesco', 'url': 'https://www.tesco.com/groceries/en-GB/products/292975954', 'product_name': 'Tesco Pillows With Milk Chocolate Filling 375G', 'product_price': '£ 1.10', 'product_additionals': '£0.29/100g'}, {'shop': 'tesco', 'url': 'https://www.tesco.com/groceries/en-GB/products/305973297', 'product_name': 'Tesco Rice Cakes Milk Chocolate 105G', 'product_price': '£ 1.00', 'product_additionals': '£9.53/kg'}, {'shop': 'tesco', 'url': 'https://www.tesco.com/groceries/en-GB/products/254278040', 'product_name': 'Tesco Semi Skimmed Longlife Milk 1 Litre', 'product_price': '£ 0.79', 'product_additionals': '£0.79/litre'}, {'shop': 'tesco', 'url': 'https://www.tesco.com/groceries/en-GB/products/255026297', 'product_name': 'Tesco Semi Skimmed Longlife Milk 6X1l', 'product_price': '£ 4.25', 'product_additionals': '£0.71/litre'}, {'shop': 'tesco', 'url': 'https://www.tesco.com/groceries/en-GB/products/252207537', 'product_name': 'Tesco Semi Skimmed Milk 1.13L/2 Pints', 'product_price': '£ 0.80', 'product_additionals': '£0.71/litre'}, {'shop': 'tesco', 'url': 'https://www.tesco.com/groceries/en-GB/products/255986260', 'product_name': 'Tesco Semi Skimmed Milk 3.408L/6 Pints', 'product_price': '£ 1.50', 'product_additionals': '£0.44/litre'}, {'shop': 'tesco', 'url': 'https://www.tesco.com/groceries/en-GB/products/251314158', 'product_name': 'Tesco Semi Skimmed Milk 568Ml/1 Pint', 'product_price': '£ 0.50', 'product_additionals': '£0.88/litre'}, {'shop': 'tesco', 'url': 'https://www.tesco.com/groceries/en-GB/products/254277997', 'product_name': 'Tesco Skimmed Longlife Milk 1L', 'product_price': '£ 0.79', 'product_additionals': '£0.79/litre'}, {'shop': 'tesco', 'url': 'https://www.tesco.com/groceries/en-GB/products/252208041', 'product_name': 'Tesco Skimmed Milk 1.136L/2 Pints', 'product_price': '£ 0.80', 'product_additionals': '£0.70/litre'}, {'shop': 'tesco', 'url': 'https://www.tesco.com/groceries/en-GB/products/254656508', 'product_name': 'Tesco Skimmed Milk 2.272L/4 Pints', 'product_price': '£ 1.09', 'product_additionals': '£0.48/litre'}, {'shop': 'tesco', 'url': 'https://www.tesco.com/groceries/en-GB/products/251314095', 'product_name': 'Tesco Skimmed Milk 568Ml/1 Pint', 'product_price': '£ 0.50', 'product_additionals': '£0.88/litre'}, {'shop': 'tesco', 'url': 'https://www.tesco.com/groceries/en-GB/products/302932397', 'product_name': 'Tesco Slim Milk Chocolate Crunch Meal Replacement Bars 4X60g', 'product_price': '£ 4.00', 'product_additionals': '£1.67/100g'}, {'shop': 'tesco', 'url': 'https://www.tesco.com/groceries/en-GB/products/300661927', 'product_name': 'Tesco Sweetened Almond Milk Alternative 1L', 'product_price': '£ 0.95', 'product_additionals': '£0.95/litre'}, {'shop': 'tesco', 'url': 'https://www.tesco.com/groceries/en-GB/products/300118119', 'product_name': 'Tesco Sweetened Coconut Milk Alternative 1L', 'product_price': '£ 0.95', 'product_additionals': '£0.95/litre'}, {'shop': 'tesco', 'url': 'https://www.tesco.com/groceries/en-GB/products/300118132', 'product_name': 'Tesco Unsweetened Almond Milk Alternative 1L', 'product_price': '£ 0.95', 'product_additionals': '£0.95/litre'}, {'shop': 'tesco', 'url': 'https://www.tesco.com/groceries/en-GB/products/300118034', 'product_name': 'Tesco Unsweetened Soya Milk Alternative 1L', 'product_price': '£ 0.95', 'product_additionals': '£0.95/litre'}, {'shop': 'tesco', 'url': 'https://www.tesco.com/groceries/en-GB/products/302063987', 'product_name': 'Tesco Vanilla Flavour Milk 1 Litre', 'product_price': '£ 1.10', 'product_additionals': '£1.10/litre'}, {'shop': 'tesco', 'url': 'https://www.tesco.com/groceries/en-GB/products/254277974', 'product_name': 'Tesco Whole Longlife Milk 1L', 'product_price': '£ 0.79', 'product_additionals': '£0.79/litre'}, {'shop': 'tesco', 'url': 'https://www.tesco.com/groceries/en-GB/products/260333496', 'product_name': 'Tesco Whole Longlife Milk 6X1l', 'product_price': '£ 4.25', 'product_additionals': '£0.71/litre'}, {'shop': 'tesco', 'url': 'https://www.tesco.com/groceries/en-GB/products/252207566', 'product_name': 'Tesco Whole Milk 2 Pints/1.13L', 'product_price': '£ 0.80', 'product_additionals': '£0.71/litre'}, {'shop': 'tesco', 'url': 'https://www.tesco.com/groceries/en-GB/products/254656399', 'product_name': 'Tesco Whole Milk 2.272L/4 Pints', 'product_price': '£ 1.09', 'product_additionals': '£0.48/litre'}, {'shop': 'tesco', 'url': 'https://www.tesco.com/groceries/en-GB/products/254957550', 'product_name': 'Tesco Whole Milk 3.408L/6 Pints', 'product_price': '£ 1.50', 'product_additionals': '£0.44/litre'}, {'shop': 'tesco', 'url': 'https://www.tesco.com/groceries/en-GB/products/251314233', 'product_name': 'Tesco Whole Milk 568Ml/1 Pint', 'product_price': '£ 0.50', 'product_additionals': '£0.88/litre'}, {'shop': 'tesco', 'url': 'https://www.tesco.com/groceries/en-GB/products/307340945', 'product_name': 'Tescomilk Chocolate Eggs 75G', 'product_price': '£ 0.75', 'product_additionals': '£1.00/100g'}, {'shop': 'tesco', 'url': 'https://www.tesco.com/groceries/en-GB/products/305979515', 'product_name': 'The Collective Kefir Natural Milk Drink 500Ml', 'product_price': '£ 1.90', 'product_additionals': '£3.80/litre'}, {'shop': 'sains', 'url': 'https://www.sainsburys.co.uk/shop/gb/groceries/product/details/new-355373-44/thorntons-billionaire-brownie-fingers-milk-chocolate-x5', 'product_name': 'Thorntons Billionaire Brownie Fingers Milk Chocolate x5', 'product_price': '£1.50', 'product_additionals': '17p / ea'}, {'shop': 'tesco', 'url': 'https://www.tesco.com/groceries/en-GB/products/302295999', 'product_name': 'Thorntons Classic Collection Of Milk, Dark & White Chocolate 449G', 'product_price': '£ 8.50', 'product_additionals': '£1.90/100g'}, {'shop': 'sains', 'url': 'https://www.sainsburys.co.uk/shop/gb/groceries/product/details/all-gifting/thorntons-continental-gift-wrap-chocolate-box-284g', 'product_name': 'Thorntons Continental Milk & Dark & White Chocolates Wrapped Gift Box 284g', 'product_price': '£10.00', 'product_additionals': '£4.03 / 100g'}, {'shop': 'tesco', 'url': 'https://www.tesco.com/groceries/en-GB/products/307363630', 'product_name': 'Thorntons Continental Milk Chocolate Easter Egg 257G', 'product_price': '£ 8.00', 'product_additionals': '£3.12/100g'}, {'shop': 'asda', 'url': 'https://groceries.asda.com/product/1000000982681', 'product_name': 'Thorntons Continental Milk, Dark, White Chocolate Gift Box', 'product_price': '£7.00', 'product_additionals': '(£2.46/100g)'}, {'shop': 'tesco', 'url': 'https://www.tesco.com/groceries/en-GB/products/297058391', 'product_name': 'Thorntons Dark Continental Milk White Chocolates 142G', 'product_price': '£ 6.00', 'product_additionals': '£4.23/100g'}, {'shop': 'tesco', 'url': 'https://www.tesco.com/groceries/en-GB/products/297058097', 'product_name': 'Thorntons Dark Continental Milk White Chocolates 284G', 'product_price': '£ 10.00', 'product_additionals': '£3.53/100g'}, {'shop': 'tesco', 'url': 'https://www.tesco.com/groceries/en-GB/products/295065362', 'product_name': 'Thorntons Milk Chocolate Bunny 200G', 'product_price': '£ 4.00', 'product_additionals': '£2.00/100g'}, {'shop': 'sains', 'url': 'https://www.sainsburys.co.uk/shop/gb/groceries/product/details/miniandtreat-size/thorntons-milk-chocolate-bunny-29g', 'product_name': 'Thorntons Milk Chocolate Bunny 29g', 'product_price': '55p', 'product_additionals': '£1.90 / 100g'}, {'shop': 'asda', 'url': 'https://groceries.asda.com/product/1000170163602', 'product_name': 'Thorntons Milk Chocolate Caramel Shortcake Bites', 'product_price': '£1.00', 'product_additionals': '(10.0p/each)'}, {'shop': 'asda', 'url': 'https://groceries.asda.com/product/1000159964014', 'product_name': 'Thorntons Milk Chocolate Cheeky Elf Model', 'product_price': '£4.00', 'product_additionals': '(£2.00/100g)'}, {'shop': 'tesco', 'url': 'https://www.tesco.com/groceries/en-GB/products/304788973', 'product_name': 'Thorntons Milk Chocolate Dinosaur Egg 151G', 'product_price': '£ 2.50', 'product_additionals': '£1.66/100g'}, {'shop': 'asda', 'url': 'https://groceries.asda.com/product/1000177860894', 'product_name': 'Thorntons Milk Chocolate Festive Caramel Shortcake Bites', 'product_price': '£1.00', 'product_additionals': '(10.0p/each)'}, {'shop': 'asda', 'url': 'https://groceries.asda.com/product/1000177860948', 'product_name': 'Thorntons Milk Chocolate Festive Spiced Toffee Bites', 'product_price': '£1.00', 'product_additionals': '(10.0p/each)'}, {'shop': 'asda', 'url': 'https://groceries.asda.com/product/1000170163549', 'product_name': 'Thorntons Milk Chocolate Fudge Brownie Bites', 'product_price': '£1.00', 'product_additionals': '(10.0p/each)'}, {'shop': 'sains', 'url': 'https://www.sainsburys.co.uk/shop/gb/groceries/product/details/new-trending-special-offers/thorntons-choc-brownies-x10', 'product_name': 'Thorntons Milk Chocolate Fudge Brownie Bites x10', 'product_price': '£1.50', 'product_additionals': '15p / ea'}, {'shop': 'sains', 'url': 'https://www.sainsburys.co.uk/shop/gb/groceries/product/details/all-easter-/thorntons-milk-chocolate-unicorn-easter-egg-151g', 'product_name': 'Thorntons Milk Chocolate Unicorn Easter Egg 151g', 'product_price': '£3.50', 'product_additionals': '£2.35 / 100g'}, {'shop': 'tesco', 'url': 'https://www.tesco.com/groceries/en-GB/products/304414558', 'product_name': 'Thorntons Milk Chocolate Unicorn Egg 151G', 'product_price': '£ 2.50', 'product_additionals': '£1.66/100g'}, {'shop': 'asda', 'url': 'https://groceries.asda.com/product/1000159963991', 'product_name': 'Thorntons Milk, Dark, White Classic Collection Chocolate Box', 'product_price': '£7.00', 'product_additionals': '(£1.56/100g)'}, {'shop': 'sains', 'url': 'https://www.sainsburys.co.uk/shop/gb/groceries/product/details/gifting-special-offers/thorntons-milk-dark-white-classic-collection-chocolate-box-262g', 'product_name': 'Thorntons Milk, Dark, White Classic Collection Chocolate Box 262g', 'product_price': '£4.50', 'product_additionals': '£1.72 / 100g'}, {'shop': 'sains', 'url': 'https://www.sainsburys.co.uk/shop/gb/groceries/product/details/boxedchocolates/thorntons-milk-dark-white-classic-collection-chocolate-box-449g', 'product_name': 'Thorntons Milk, Dark, White Classic Collection Chocolate Box 449g', 'product_price': '£7.00', 'product_additionals': '£1.56 / 100g'}, {'shop': 'sains', 'url': 'https://www.sainsburys.co.uk/shop/gb/groceries/product/details/easterluxury/thorntons-milk-dark-white-classic-collection-chocolate-box-449g', 'product_name': 'Thorntons Milk, Dark, White Classic Collection Chocolate Box 449g', 'product_price': '£7.00', 'product_additionals': '£1.56 / 100g'}, {'shop': 'asda', 'url': 'https://groceries.asda.com/product/1000161871320', 'product_name': 'Thorntons Milk, Dark, White Classic Collection Gift Wrapped Chocolate Box', 'product_price': '£6.00', 'product_additionals': '(£2.29/100g)'}, {'shop': 'tesco', 'url': 'https://www.tesco.com/groceries/en-GB/products/293368289', 'product_name': 'Toblerone Milk 360G', 'product_price': '£ 5.00', 'product_additionals': '£1.39/100g'}, {'shop': 'asda', 'url': 'https://groceries.asda.com/product/43638001', 'product_name': 'Toblerone Milk Chocolate Bar', 'product_price': '£1.15', 'product_additionals': '(£1.15/100g)'}, {'shop': 'coop', 'url': 'https://www.coop.co.uk/products/toblerone-milk-100g', 'product_name': 'Toblerone Milk Chocolate Bar 100g', 'product_price': '£1.65', 'product_additionals': '100g (£1.00 per 100g)'}, {'shop': 'sains', 'url': 'https://www.sainsburys.co.uk/shop/gb/groceries/product/details/special-offers-/toblerone-milk-chocolate-400g', 'product_name': 'Toblerone Milk Chocolate Bar 360g', 'product_price': '£5.00', 'product_additionals': '£1.39 / 100g'}, {'shop': 'sains', 'url': 'https://www.sainsburys.co.uk/shop/gb/groceries/product/details/boxedchocolates/toblerone-milk-chocolate-400g', 'product_name': 'Toblerone Milk Chocolate Bar 360g', 'product_price': '£5.00', 'product_additionals': '£1.39 / 100g'}, {'shop': 'asda', 'url': 'https://groceries.asda.com/product/910002593443', 'product_name': 'Toblerone Milk Chocolate Large Bar', 'product_price': '£3.50', 'product_additionals': '(97.2p/100g)'}, {'shop': 'coop', 'url': 'https://www.coop.co.uk/products/toblerone-milk-chocolate-large-bar-360g', 'product_name': 'Toblerone Milk Chocolate Large Bar 360g', 'product_price': '£4.99', 'product_additionals': '360g (97.2p per 100g)'}, {'shop': 'asda', 'url': 'https://groceries.asda.com/product/1000236571412', 'product_name': 'Toblerone Milk with Crunchy Almonds Chocolate Bar', 'product_price': '£3.50', 'product_additionals': 'No weight data'}, {'shop': 'asda', 'url': 'https://groceries.asda.com/product/910001736097', 'product_name': 'Toffee Crisp Milk Chocolate Bar', 'product_price': '£0.55', 'product_additionals': '(£1.45/100g)'}, {'shop': 'asda', 'url': 'https://groceries.asda.com/product/65015835', 'product_name': 'Tommee Tippee 6 Milk Powder Dispensers 0m+', 'product_price': '£5.19', 'product_additionals': '(£5.19/each)'}, {'shop': 'asda', 'url': 'https://groceries.asda.com/product/910002491240', 'product_name': 'Tommee Tippee Closer to Nature 2 Milk Feeding Bibs 0m+', 'product_price': '£4.80', 'product_additionals': '(£2.40/each)'}, {'shop': 'tesco', 'url': 'https://www.tesco.com/groceries/en-GB/products/257278528', 'product_name': 'Tommee Tippee Closer To Nature Milk Feed Bibs X2', 'product_price': '£ 5.00', 'product_additionals': '£2.50/each'}, {'shop': 'sains', 'url': 'https://www.sainsburys.co.uk/shop/gb/groceries/product/details/all-future-brands/tonys-chocolonely-dark-milk-chocolate-pretzel-toffee-42-180g', 'product_name': "Tony's Chocolonely Dark Milk Chocolate Pretzel Toffee 42% 180g", 'product_price': '£2.75', 'product_additionals': '£1.52 / 100g'}, {'shop': 'sains', 'url': 'https://www.sainsburys.co.uk/shop/gb/groceries/product/details/all-future-brands/tonys-chocolonely-fairtrade-milk-chocolate-hazelnut-180g', 'product_name': "Tony's Chocolonely Fairtrade Milk Chocolate Hazelnut 180g", 'product_price': '£2.75', 'product_additionals': '£1.52 / 100g'}, {'shop': 'sains', 'url': 'https://www.sainsburys.co.uk/shop/gb/groceries/product/details/small-and-medium/tonys-easter-milk-meringue-lemon-180g', 'product_name': "Tony's Chocolonely Fairtrade Milk Chocolate Meringue and Lemon 180g", 'product_price': '£3.50', 'product_additionals': '£1.94 / 100g'}, {'shop': 'sains', 'url': 'https://www.sainsburys.co.uk/shop/gb/groceries/product/details/easter-special-offers/tonys-easter-milk-meringue-lemon-180g', 'product_name': "Tony's Chocolonely Fairtrade Milk Chocolate Meringue and Lemon 180g", 'product_price': '£3.50', 'product_additionals': '£1.94 / 100g'}, {'shop': 'sains', 'url': 'https://www.sainsburys.co.uk/shop/gb/groceries/product/details/about-future-brands/tonys-chocolonely-milk-chocolate-caramel-sea-salt-180g', 'product_name': "Tony's Chocolonely Milk Chocolate Caramel Sea Salt 180g", 'product_price': '£2.75', 'product_additionals': '£1.52 / 100g'}, {'shop': 'tesco', 'url': 'https://www.tesco.com/groceries/en-GB/products/260587673', 'product_name': 'Top Life Formula Puppy Milk 200Ml', 'product_price': '£ 0.70', 'product_additionals': '£3.50/litre'}, {'shop': 'asda', 'url': 'https://groceries.asda.com/product/25611931', 'product_name': 'Toplife Puppy Formula Milk', 'product_price': '£0.70', 'product_additionals': 'No weight data'}, {'shop': 'asda', 'url': 'https://groceries.asda.com/product/910001455940', 'product_name': 'Tropical Sun 100% Natural Coconut Milk', 'product_price': '£1.50', 'product_additionals': '(£3.75/kg)'}, {'shop': 'asda', 'url': 'https://groceries.asda.com/product/1000049687364', 'product_name': 'Tropical Sun Premium Coconut Milk', 'product_price': '£0.45', 'product_additionals': '(27.3p/100ml)'}, {'shop': 'asda', 'url': 'https://groceries.asda.com/product/19924', 'product_name': "Tunnock's Milk Chocolate Caramel Wafer Biscuits", 'product_price': '£1.39', 'product_additionals': 'No weight data'}, {'shop': 'asda', 'url': 'https://groceries.asda.com/product/19874', 'product_name': "Tunnock's Milk Chocolate Tea Cakes", 'product_price': '£0.95', 'product_additionals': 'No weight data'}, {'shop': 'sains', 'url': 'https://www.sainsburys.co.uk/shop/gb/groceries/product/details/top-rated-44/tunnocks-milk-chocolate-teacakes-biscuits-x10', 'product_name': "Tunnock's Milk Chocolate Teacakes Biscuits x10", 'product_price': '£1.80', 'product_additionals': '18p / unit'}, {'shop': 'tesco', 'url': 'https://www.tesco.com/groceries/en-GB/products/255526609', 'product_name': 'Tunnocks Milk Chocolate Caramel Wafer 240G', 'product_price': '£ 1.39', 'product_additionals': '£0.58/100g'}, {'shop': 'tesco', 'url': 'https://www.tesco.com/groceries/en-GB/products/254923832', 'product_name': 'Tunnocks Milk Chocolate Teacakes 6X24g', 'product_price': '£ 0.95', 'product_additionals': '£0.66/100g'}, {'shop': 'tesco', 'url': 'https://www.tesco.com/groceries/en-GB/products/308079366', 'product_name': 'Ufit High Protein Milkshake Banana Flavoured 500Ml', 'product_price': '£ 3.00', 'product_additionals': '£0.60/100ml'}, {'shop': 'tesco', 'url': 'https://www.tesco.com/groceries/en-GB/products/306504230', 'product_name': 'Ufit High Protein Milkshake Drink Strawberry 330Ml', 'product_price': '£ 2.00', 'product_additionals': '£0.61/100ml'}, {'shop': 'tesco', 'url': 'https://www.tesco.com/groceries/en-GB/products/308115508', 'product_name': 'Ufit High Protein Milkshake White Chocolate Flavoured 330Ml', 'product_price': '£ 2.00', 'product_additionals': '£0.61/100ml'}, {'shop': 'asda', 'url': 'https://groceries.asda.com/product/1000190025657', 'product_name': 'USN Trust 50 Protein Banana Flavoured Milkshake', 'product_price': '£3.50', 'product_additionals': 'No weight data'}, {'shop': 'asda', 'url': 'https://groceries.asda.com/product/1000190025627', 'product_name': 'USN Trust 50 Protein Chocolate Flavoured Milkshake', 'product_price': '£3.50', 'product_additionals': 'No weight data'}, {'shop': 'asda', 'url': 'https://groceries.asda.com/product/2215673273474', 'product_name': 'USN Trust 50 Protein Milkshakes - Vanilla, Strawberry, Banana & Chocolate', 'product_price': '£14.00', 'product_additionals': 'No weight data'}, {'shop': 'asda', 'url': 'https://groceries.asda.com/product/1000190025674', 'product_name': 'USN Trust 50 Protein Strawberry Flavoured Milkshake', 'product_price': '£3.50', 'product_additionals': 'No weight data'}, {'shop': 'asda', 'url': 'https://groceries.asda.com/product/1000190025615', 'product_name': 'USN Trust 50 Protein Vanilla Flavoured Milkshake', 'product_price': '£3.50', 'product_additionals': 'No weight data'}, {'shop': 'asda', 'url': 'https://groceries.asda.com/product/3184189', 'product_name': 'Veet Normal Skin Lotus Milk & Jasmine Fragrance Hair Removal Cream', 'product_price': '£5.00', 'product_additionals': '(£5.00/100ml)'}, {'shop': 'sains', 'url': 'https://www.sainsburys.co.uk/shop/gb/groceries/product/details/all-dairy-free/vita-coco-coconut-milk-original-750ml', 'product_name': 'Vita Coco Coconut Milk Original 750ml', 'product_price': '£1.95', 'product_additionals': '£2.60 / ltr'}, {'shop': 'sains', 'url': 'https://www.sainsburys.co.uk/shop/gb/groceries/product/details/milk-flavoured-milk/vita-coco-coconut-milk-original-750ml', 'product_name': 'Vita Coco Coconut Milk Original 750ml', 'product_price': '£1.95', 'product_additionals': '£2.60 / ltr'}, {'shop': 'tesco', 'url': 'https://www.tesco.com/groceries/en-GB/products/254942734', 'product_name': 'Warburtons Milk Roll Sliced White Bread 400G', 'product_price': '£ 0.90', 'product_additionals': '£0.22/100g'}, {'shop': 'sains', 'url': 'https://www.sainsburys.co.uk/shop/gb/groceries/product/details/top-rated-44/warburtons-blackpool-milk-roll-400g', 'product_name': 'Warburtons Milk Roll Soft Medium Sliced White Bread 400g', 'product_price': '£1.00', 'product_additionals': '25p / 100g'}, {'shop': 'asda', 'url': 'https://groceries.asda.com/product/36473', 'product_name': 'Warburtons White Milk Roll Bread', 'product_price': '£0.95', 'product_additionals': '(23.8p/100g)'}, {'shop': 'tesco', 'url': 'https://www.tesco.com/groceries/en-GB/products/250610878', 'product_name': 'Whiskas Cat Milk 3 Pack 3X200ml', 'product_price': '£ 2.75', 'product_additionals': '£4.59/litre'}, {'shop': 'asda', 'url': 'https://groceries.asda.com/product/3225107', 'product_name': 'Whiskas Cat Milk Cat Treat Bottle', 'product_price': '£1.09', 'product_additionals': '(£5.45/lt)'}, {'shop': 'asda', 'url': 'https://groceries.asda.com/product/2110661', 'product_name': 'Whiskas Cat Milk Cat Treat Bottles x 3', 'product_price': '£2.70', 'product_additionals': '(£4.50/lt)'}, {'shop': 'sains', 'url': 'https://www.sainsburys.co.uk/shop/gb/groceries/product/details/all-yogurt/woodlands-park-sheeps-milk-yogurt-450g', 'product_name': "Woodlands Sheep's Milk Yogurt 450g", 'product_price': '£2.60', 'product_additionals': '58p / 100g'}, {'shop': 'asda', 'url': 'https://groceries.asda.com/product/20760', 'product_name': 'Yakult Fermented Milk', 'product_price': '£3.00', 'product_additionals': '(65.9p/100g)'}, {'shop': 'tesco', 'url': 'https://www.tesco.com/groceries/en-GB/products/251354317', 'product_name': 'Yakult Fermented Milk Drink 7X65ml', 'product_price': '£ 3.00', 'product_additionals': '£0.66/100ml'}, {'shop': 'asda', 'url': 'https://groceries.asda.com/product/922100', 'product_name': 'Yakult Fermented Milk Light', 'product_price': '£3.10', 'product_additionals': '(68.1p/100ml)'}, {'shop': 'tesco', 'url': 'https://www.tesco.com/groceries/en-GB/products/253530336', 'product_name': 'Yakult Light Milk Drink 7X65ml', 'product_price': '£ 3.00', 'product_additionals': '£0.66/100ml'}, {'shop': 'asda', 'url': 'https://groceries.asda.com/product/910002785811', 'product_name': 'Yazoo Banana Flavoured Milk', 'product_price': '£1.50', 'product_additionals': '(£1.50/lt)'}, {'shop': 'tesco', 'url': 'https://www.tesco.com/groceries/en-GB/products/251328672', 'product_name': 'Yazoo Banana Milkshake 1 Litre Bottle', 'product_price': '£ 1.50', 'product_additionals': '£0.15/100ml'}, {'shop': 'tesco', 'url': 'https://www.tesco.com/groceries/en-GB/products/290369673', 'product_name': 'Yazoo Chilled Banana Flavour Milkshake 400Ml', 'product_price': '£ 1.00', 'product_additionals': '£0.25/100ml'}, {'shop': 'tesco', 'url': 'https://www.tesco.com/groceries/en-GB/products/290369696', 'product_name': 'Yazoo Chilled Chocolate Flavoured Milkshake 400Ml', 'product_price': '£ 1.00', 'product_additionals': '£0.25/100ml'}, {'shop': 'tesco', 'url': 'https://www.tesco.com/groceries/en-GB/products/290369713', 'product_name': 'Yazoo Chilled Strawberry Flavoured Milkshake 400Ml', 'product_price': '£ 1.00', 'product_additionals': '£0.25/100ml'}, {'shop': 'tesco', 'url': 'https://www.tesco.com/groceries/en-GB/products/307365173', 'product_name': 'Yazoo Choc-Hazelicious Flavoured Milk 400Ml', 'product_price': '£ 1.00', 'product_additionals': '£0.25/100ml'}, {'shop': 'tesco', 'url': 'https://www.tesco.com/groceries/en-GB/products/307158067', 'product_name': 'Yazoo Choc-Hazelicious Flavoured Milk Drink 1L', 'product_price': '£ 1.50', 'product_additionals': '£0.15/100ml'}, {'shop': 'asda', 'url': 'https://groceries.asda.com/product/910002786409', 'product_name': 'Yazoo Chocolate Flavoured Milk', 'product_price': '£1.50', 'product_additionals': '(£1.50/lt)'}, {'shop': 'asda', 'url': 'https://groceries.asda.com/product/910002182124', 'product_name': 'Yazoo Chocolate Flavoured Milk', 'product_price': '£0.50', 'product_additionals': '(£1.25/lt)'}, {'shop': 'tesco', 'url': 'https://www.tesco.com/groceries/en-GB/products/257524758', 'product_name': 'Yazoo Chocolate Milkshake 1 Litre Bottle', 'product_price': '£ 1.50', 'product_additionals': '£0.15/100ml'}, {'shop': 'sains', 'url': 'https://www.sainsburys.co.uk/shop/gb/groceries/product/details/milk-flavoured-milk/yazoo-kids-chocolate-4x200ml', 'product_name': 'Yazoo Kids Chocolate Milk Drink, No Added Sugar 4x200ml', 'product_price': '£2.00', 'product_additionals': '£2.50 / ltr'}, {'shop': 'asda', 'url': 'https://groceries.asda.com/product/1000015538112', 'product_name': 'Yazoo Kids No Added Sugar Strawberry Milk Drink', 'product_price': '£2.00', 'product_additionals': '(16.7p/100ml)'}, {'shop': 'asda', 'url': 'https://groceries.asda.com/product/1000015538441', 'product_name': 'Yazoo No Added Sugar Banana Milk', 'product_price': '£2.00', 'product_additionals': '(16.7p/100ml)'}, {'shop': 'asda', 'url': 'https://groceries.asda.com/product/1000015538600', 'product_name': 'Yazoo No Added Sugar Chocolate Milk', 'product_price': '£2.00', 'product_additionals': '(16.7p/100ml)'}, {'shop': 'tesco', 'url': 'https://www.tesco.com/groceries/en-GB/products/297763713', 'product_name': 'Yazoo No Added Sugar Chocolate Milkshake4x200ml', 'product_price': '£ 1.60', 'product_additionals': '£0.20/100ml'}, {'shop': 'asda', 'url': 'https://groceries.asda.com/product/910002181842', 'product_name': 'Yazoo Strawberry Flavoured Milk', 'product_price': '£0.50', 'product_additionals': '(£1.25/lt)'}, {'shop': 'asda', 'url': 'https://groceries.asda.com/product/910002786546', 'product_name': 'Yazoo Strawberry Flavoured Milk', 'product_price': '£1.50', 'product_additionals': '(£1.50/lt)'}, {'shop': 'sains', 'url': 'https://www.sainsburys.co.uk/shop/gb/groceries/product/details/milk-flavoured-milk/yazoo-strawberry-milk-drink-6x200ml', 'product_name': 'Yazoo Strawberry Milk Drink 6x200ml', 'product_price': '£2.40', 'product_additionals': '£2.00 / ltr'}, {'shop': 'tesco', 'url': 'https://www.tesco.com/groceries/en-GB/products/258836704', 'product_name': 'Yazoo Strawberry Milkshake 1 Litre Bottle', 'product_price': '£ 1.50', 'product_additionals': '£0.15/100ml'}, {'shop': 'asda', 'url': 'https://groceries.asda.com/product/910002182753', 'product_name': 'Yazoo Vanilla Flavoured Milk', 'product_price': '£0.50', 'product_additionals': '(£1.25/lt)'}, {'shop': 'tesco', 'url': 'https://www.tesco.com/groceries/en-GB/products/289767548', 'product_name': 'Yazoo Vanilla Milk 400Ml', 'product_price': '£ 1.00', 'product_additionals': '£0.02/10ml'}, {'shop': 'tesco', 'url': 'https://www.tesco.com/groceries/en-GB/products/257862017', 'product_name': 'Yeo Valley Organic Semi Skimmed Milk 1L', 'product_price': '£ 1.15', 'product_additionals': '£1.15/litre'}, {'shop': 'sains', 'url': 'https://www.sainsburys.co.uk/shop/gb/groceries/product/details/milk-fresh-milk/yeo-valley-organic-semi-skimmed-milk-1l', 'product_name': 'Yeo Valley Organic Semi Skimmed Milk 1L', 'product_price': '£1.30', 'product_additionals': '£1.30 / ltr'}, {'shop': 'tesco', 'url': 'https://www.tesco.com/groceries/en-GB/products/258882358', 'product_name': 'Yeo Valley Organic Semi Skimmed Milk 2L', 'product_price': '£ 1.90', 'product_additionals': '£0.95/litre'}, {'shop': 'sains', 'url': 'https://www.sainsburys.co.uk/shop/gb/groceries/product/details/special-offers-462368-44/yeo-valley-organic-semi-skimmed-milk-2l', 'product_name': 'Yeo Valley Organic Semi Skimmed Milk 2L', 'product_price': '£1.80', 'product_additionals': '90p / ltr'}, {'shop': 'asda', 'url': 'https://groceries.asda.com/product/1000204779000', 'product_name': 'Yeo Valley Organic Semi-Skimmed Milk', 'product_price': '£1.90', 'product_additionals': 'No weight data'}, {'shop': 'sains', 'url': 'https://www.sainsburys.co.uk/shop/gb/groceries/product/details/milk-fresh-milk/yeo-valley-skimmed-milk-2l', 'product_name': 'Yeo Valley Organic Skimmed Milk 2L', 'product_price': '£1.80', 'product_additionals': '90p / ltr'}, {'shop': 'asda', 'url': 'https://groceries.asda.com/product/1000204779175', 'product_name': 'Yeo Valley Organic Whole Milk', 'product_price': '£1.90', 'product_additionals': 'No weight data'}, {'shop': 'tesco', 'url': 'https://www.tesco.com/groceries/en-GB/products/262586694', 'product_name': 'Yeo Valley Organic Whole Milk 2 Litre', 'product_price': '£ 1.90', 'product_additionals': '£0.95/litre'}, {'shop': 'sains', 'url': 'https://www.sainsburys.co.uk/shop/gb/groceries/product/details/organic-dairy-products/yeo-valley-organic-whole-milk-2l', 'product_name': 'Yeo Valley Organic Whole Milk 2L', 'product_price': '£1.80', 'product_additionals': '90p / ltr'}, {'shop': 'sains', 'url': 'https://www.sainsburys.co.uk/shop/gb/groceries/product/details/special-offers-462368-44/yeo-valley-organic-whole-milk-2l', 'product_name': 'Yeo Valley Organic Whole Milk 2L', 'product_price': '£1.80', 'product_additionals': '90p / ltr'}, {'shop': 'sains', 'url': 'https://www.sainsburys.co.uk/shop/gb/groceries/product/details/milk-fresh-milk/yeo-valley-organic-whole-milk-2l', 'product_name': 'Yeo Valley Organic Whole Milk 2L', 'product_price': '£1.80', 'product_additionals': '90p / ltr'}, {'shop': 'asda', 'url': 'https://groceries.asda.com/product/1558656', 'product_name': 'Yorkie Milk Chocolate Biscuit Bar 7 Pack', 'product_price': '£1.00', 'product_additionals': '(58.3p/100g)'}, {'shop': 'tesco', 'url': 'https://www.tesco.com/groceries/en-GB/products/263538128', 'product_name': 'Yorkie Milk Chocolate Biscuits 7 Pack 171.5G', 'product_price': '£ 1.00', 'product_additionals': '£0.58/100g'}, {'shop': 'sains', 'url': 'https://www.sainsburys.co.uk/shop/gb/groceries/product/details/easter-giant/yorkie-milk-chocolate-collection-giant-easter-egg-336g', 'product_name': 'Yorkie Milk Chocolate Collection Giant Easter Egg 336g', 'product_price': '£5.00', 'product_additionals': '£1.49 / 100g'}, {'shop': 'tesco', 'url': 'https://www.tesco.com/groceries/en-GB/products/286616442', 'product_name': 'Yorkie Milk Multi Pack 138G', 'product_price': '£ 1.00', 'product_additionals': '£0.72/100g'}, {'shop': 'asda', 'url': 'https://groceries.asda.com/product/910001590670', 'product_name': 'Yorkie Original Milk Chocolate Bar', 'product_price': '£0.55', 'product_additionals': '(£1.20/100g)'}, {'shop': 'asda', 'url': 'https://groceries.asda.com/product/1000006616995', 'product_name': "Zaad Cow's Milk Cheese", 'product_price': '£2.79', 'product_additionals': '(£7.97/kg)'}, {'shop': 'asda', 'url': 'https://groceries.asda.com/product/910002157230', 'product_name': 'Zott Milk & Chocolate Dessert', 'product_price': '£1.89', 'product_additionals': '(47.2p/100g)'}]


x[{'shop': 'tesco', 'url': 'https://www.tesco.com/groceries/en-GB/products/300472638', 'product_name': "Ms Molly's 18 Milk Chocolate Digestive Bars", 'product_price': '£ 1.20', 'product_additionals': '£0.07/each'}, {'shop': 'tesco', 'url': 'https://www.tesco.com/groceries/en-GB/products/302959106', 'product_name': 'Cadbury Dairy Milk 16 Flapjack Bites', 'product_price': '£ 1.80', 'product_additionals': '£0.11/each'}, {'shop': 'tesco', 'url': 'https://www.tesco.com/groceries/en-GB/products/268395167', 'product_name': 'Tesco Mini Milk Chocolate Cookie Bites 20 Pack', 'product_price': '£ 1.80', 'product_additionals': '£0.09/each'}, {'shop': 'tesco', 'url': 'https://www.tesco.com/groceries/en-GB/products/307760959', 'product_name': 'Cadbury Dairy Milk 15 Brownie Bites', 'product_price': '£ 1.80', 'product_additionals': '£0.12/each'}, {'shop': 'tesco', 'url': 'https://www.tesco.com/groceries/en-GB/products/302959066', 'product_name': 'Cadbury Dairy Milk Caramel 16 Mini Cookies', 'product_price': '£ 1.80', 'product_additionals': '£0.11/each'}, {'shop': 'tesco', 'url': 'https://www.tesco.com/groceries/en-GB/products/302959089', 'product_name': 'Cadbury Dairy Milk Caramel 16 Flapjack Bites', 'product_price': '£ 1.80', 'product_additionals': '£0.11/each'}, {'shop': 'tesco', 'url': 'https://www.tesco.com/groceries/en-GB/products/274445780', 'product_name': 'Tassimo Milk Pods 16 Servings', 'product_price': '£ 3.50', 'product_additionals': '£0.22/each'}, {'shop': 'tesco', 'url': 'https://www.tesco.com/groceries/en-GB/products/302959129', 'product_name': 'Cadbury Dairy 15 Milk Cornflake Cluster Bites', 'product_price': '£ 1.80', 'product_additionals': '£0.12/each'}, {'shop': 'tesco', 'url': 'https://www.tesco.com/groceries/en-GB/products/276131923', 'product_name': 'Milk Chocolate Cookie 5 Pack', 'product_price': '£ 1.00', 'product_additionals': '£0.20/each'}, {'shop': 'tesco', 'url': 'https://www.tesco.com/groceries/en-GB/products/283816938', 'product_name': 'Lansinoh Breastmilk Storage Bags X25', 'product_price': '£ 5.50', 'product_additionals': '£0.22/each'}, {'shop': 'tesco', 'url': 'https://www.tesco.com/groceries/en-GB/products/265169066', 'product_name': 'Brioche Pasquier Milk Brioche Rolls 8Pk', 'product_price': '£ 1.50', 'product_additionals': '£0.19/each'}, {'shop': 'tesco', 'url': 'https://www.tesco.com/groceries/en-GB/products/295848830', 'product_name': 'Cadbury Mini Rolls Milk Chocolate 10 Pack', 'product_price': '£ 2.60', 'product_additionals': '£0.26/each'}, {'shop': 'tesco', 'url': 'https://www.tesco.com/groceries/en-GB/products/303730231', 'product_name': 'Cadbury Dairy Milk Caramel Slice 6 Pack', 'product_price': '£ 1.90', 'product_additionals': '£0.32/each'}, {'shop': 'tesco', 'url': 'https://www.tesco.com/groceries/en-GB/products/286749264', 'product_name': "Bioglan Biotic Balance Chocball Milk 30'S", 'product_price': '£ 9.50', 'product_additionals': '£0.32/each'}, {'shop': 'tesco', 'url': 'https://www.tesco.com/groceries/en-GB/products/303730219', 'product_name': 'Cadbury Dairy Milk Chocolate Slice 6 Pack', 'product_price': '£ 1.90', 'product_additionals': '£0.32/each'}, {'shop': 'tesco', 'url': 'https://www.tesco.com/groceries/en-GB/products/257245057', 'product_name': 'Milkybar White Chocolate Buttons Bag', 'product_price': '£ 0.60', 'product_additionals': '£0.60/each'}, {'shop': 'asda', 'url': 'https://groceries.asda.com/product/910001113198', 'product_name': 'ASDA Milk Chocolate Loaf Cake', 'product_price': '£1.00', 'product_additionals': '(£1.00/each)'}, {'shop': 'tesco', 'url': 'https://www.tesco.com/groceries/en-GB/products/278398500', 'product_name': 'Aquafresh Milk Teeth Tooth Brush', 'product_price': '£ 1.75', 'product_additionals': '£1.75/each'}, {'shop': 'tesco', 'url': 'https://www.tesco.com/groceries/en-GB/products/301253902', 'product_name': 'Fred & Flo Milk Powder Dispenser', 'product_price': '£ 2.00', 'product_additionals': '£2.00/each'}, {'shop': 'asda', 'url': 'https://groceries.asda.com/product/910001142882', 'product_name': 'Aquafresh Milk Teeth 0-2 Yrs Soft Toothbrush', 'product_price': '£1.75', 'product_additionals': '(£1.75/each)'}, {'shop': 'asda', 'url': 'https://groceries.asda.com/product/1000229362672', 'product_name': 'George Home Bambi Milk Jug', 'product_price': '£4.00', 'product_additionals': '(£4.00/each)'}, {'shop': 'asda', 'url': 'https://groceries.asda.com/product/1000148283995', 'product_name': 'George Home White Porcelain Milk Jug', 'product_price': '£3.00', 'product_additionals': '(£3.00/each)'}, {'shop': 'asda', 'url': 'https://groceries.asda.com/product/1000229362723', 'product_name': 'George Home Multi Bloom Milk Jug', 'product_price': '£3.50', 'product_additionals': '(£3.50/each)'}, {'shop': 'tesco', 'url': 'https://www.tesco.com/groceries/en-GB/products/257278528', 'product_name': 'Tommee Tippee Closer To Nature Milk Feed Bibs X2', 'product_price': '£ 5.00', 'product_additionals': '£2.50/each'}, {'shop': 'asda', 'url': 'https://groceries.asda.com/product/910002491240', 'product_name': 'Tommee Tippee Closer to Nature 2 Milk Feeding Bibs 0m+', 'product_price': '£4.80', 'product_additionals': '(£2.40/each)'}, {'shop': 'asda', 'url': 'https://groceries.asda.com/product/1000142866330', 'product_name': 'Edge Strawberry Milkshake E-Liquid 12mg', 'product_price': '£2.50', 'product_additionals': '(£2.50/each)'}, {'shop': 'asda', 'url': 'https://groceries.asda.com/product/1000142866394', 'product_name': 'Edge Strawberry Milkshake E-Liquid 18mg', 'product_price': '£2.50', 'product_additionals': '(£2.50/each)'}, {'shop': 'asda', 'url': 'https://groceries.asda.com/product/1000194416645', 'product_name': 'Polar Gear Squishy Novelty Milk Carton', 'product_price': '£3.00', 'product_additionals': '(£3.00/each)'}, {'shop': 'asda', 'url': 'https://groceries.asda.com/product/1000011829210', 'product_name': 'George Home Non-stick Aluminium Milk Pan', 'product_price': '£4.00', 'product_additionals': '(£4.00/each)'}, {'shop': 'asda', 'url': 'https://groceries.asda.com/product/1000215691505', 'product_name': 'Garnier Nutri Bomb Milky Sheet Mask Coconut & Hyaluronic Acid', 'product_price': '£2.95', 'product_additionals': '(£2.95/each)'}, {'shop': 'asda', 'url': 'https://groceries.asda.com/product/1000215691406', 'product_name': 'Garnier Nutri Bomb Milky Face Sheet Mask Almond Milk & Hyaluronic Acid', 'product_price': '£2.95', 'product_additionals': '(£2.95/each)'}, {'shop': 'asda', 'url': 'https://groceries.asda.com/product/65015835', 'product_name': 'Tommee Tippee 6 Milk Powder Dispensers 0m+', 'product_price': '£5.19', 'product_additionals': '(£5.19/each)'}, {'shop': 'asda', 'url': 'https://groceries.asda.com/product/910001084218', 'product_name': 'Balconi Mix Milk', 'product_price': '£1.00', 'product_additionals': '(10.0p/each)'}, {'shop': 'asda', 'url': 'https://groceries.asda.com/product/910001568439', 'product_name': 'ASDA Milk Thistle Film Coated Tablets', 'product_price': '£4.00', 'product_additionals': '(6.7p/each)'}, {'shop': 'asda', 'url': 'https://groceries.asda.com/product/910003218409', 'product_name': 'ASDA Milk Chocolate Mini Rolls', 'product_price': '£0.95', 'product_additionals': '(9.5p/each)'}, {'shop': 'asda', 'url': 'https://groceries.asda.com/product/1000211461140', 'product_name': 'Milky Way Shooting Star Cake', 'product_price': '£12.00', 'product_additionals': '(£12.00/each)'}, {'shop': 'asda', 'url': 'https://groceries.asda.com/product/1000086367403', 'product_name': 'Cadbury Dairy Milk Mini Cookies', 'product_price': '£2.00', 'product_additionals': '(12.5p/each)'}, {'shop': 'asda', 'url': 'https://groceries.asda.com/product/1000086367359', 'product_name': 'Cadbury Dairy Milk Flapjack Bites', 'product_price': '£2.00', 'product_additionals': '(12.5p/each)'}, {'shop': 'asda', 'url': 'https://groceries.asda.com/product/1000170163549', 'product_name': 'Thorntons Milk Chocolate Fudge Brownie Bites', 'product_price': '£1.00', 'product_additionals': '(10.0p/each)'}, {'shop': 'asda', 'url': 'https://groceries.asda.com/product/1000222400298', 'product_name': 'George Home Black Milk Frother', 'product_price': '£20.00', 'product_additionals': '(£20.00/each)'}, {'shop': 'asda', 'url': 'https://groceries.asda.com/product/1000170163602', 'product_name': 'Thorntons Milk Chocolate Caramel Shortcake Bites', 'product_price': '£1.00', 'product_additionals': '(10.0p/each)'}, {'shop': 'asda', 'url': 'https://groceries.asda.com/product/1000088561791', 'product_name': 'Cadbury Dairy Milk Cornflake Cluster Bites', 'product_price': '£1.80', 'product_additionals': '(12.0p/each)'}, {'shop': 'asda', 'url': 'https://groceries.asda.com/product/1000177860948', 'product_name': 'Thorntons Milk Chocolate Festive Spiced Toffee Bites', 'product_price': '£1.00', 'product_additionals': '(10.0p/each)'}, {'shop': 'asda', 'url': 'https://groceries.asda.com/product/1000056262057', 'product_name': "ASDA Baker's Selection 20 Mini Milk Choc Chip Cookies", 'product_price': '£2.00', 'product_additionals': '(10.0p/each)'}, {'shop': 'asda', 'url': 'https://groceries.asda.com/product/910001143825', 'product_name': 'Milky Way Cake Bars', 'product_price': '£2.50', 'product_additionals': '(25.0p/each)'}, {'shop': 'asda', 'url': 'https://groceries.asda.com/product/1000188692389', 'product_name': 'Kingsmill Double Choc Buttermilk Pancakes', 'product_price': '£0.70', 'product_additionals': '(17.5p/each)'}, {'shop': 'asda', 'url': 'https://groceries.asda.com/product/1000177860894', 'product_name': 'Thorntons Milk Chocolate Festive Caramel Shortcake Bites', 'product_price': '£1.00', 'product_additionals': '(10.0p/each)'}, {'shop': 'asda', 'url': 'https://groceries.asda.com/product/1000015061126', 'product_name': 'Cadbury 5 Milk Chocolate Cake Bars', 'product_price': '£0.80', 'product_additionals': '(16.0p/each)'}, {'shop': 'asda', 'url': 'https://groceries.asda.com/product/1000188692440', 'product_name': 'Kingsmill Blueberry Cheesecake Buttermilk Pancakes', 'product_price': '£0.70', 'product_additionals': '(17.5p/each)'}, {'shop': 'asda', 'url': 'https://groceries.asda.com/product/1000009131506', 'product_name': 'ASDA Maternity 25 Breast Milk Storage Bags', 'product_price': '£4.00', 'product_additionals': '(16.0p/each)'}, {'shop': 'asda', 'url': 'https://groceries.asda.com/product/910003066665', 'product_name': "McVitie's Hobnobs 5 Flapjacks Topped with Milk Chocolate", 'product_price': '£0.69', 'product_additionals': '(13.8p/each)'}, {'shop': 'asda', 'url': 'https://groceries.asda.com/product/25620', 'product_name': "ASDA Baker's Selection Milk Chocolate Cookies", 'product_price': '£0.99', 'product_additionals': '(19.8p/each)'}, {'shop': 'asda', 'url': 'https://groceries.asda.com/product/910002946246', 'product_name': "ASDA Baker's Selection Milk Chocolate Pancakes", 'product_price': '£1.00', 'product_additionals': '(20.0p/each)'}, {'shop': 'asda', 'url': 'https://groceries.asda.com/product/910003066648', 'product_name': "McVitie's Digestives 5 Caramel Millionaire Slices with Milk Chocolate", 'product_price': '£1.00', 'product_additionals': '(20.0p/each)'}, {'shop': 'asda', 'url': 'https://groceries.asda.com/product/1000141932513', 'product_name': 'Cadbury Dairy Milk Cake Slices', 'product_price': '£2.00', 'product_additionals': '(33.3p/each)'}, {'shop': 'asda', 'url': 'https://groceries.asda.com/product/910003066374', 'product_name': "McVitie's 5 Digestive Slices Topped with Milk Chocolate", 'product_price': '£1.00', 'product_additionals': '(20.0p/each)'}, {'shop': 'asda', 'url': 'https://groceries.asda.com/product/1000001821680', 'product_name': 'ASDA Extra Special 4 Buttermilk Pancakes', 'product_price': '£1.45', 'product_additionals': '(36.2p/each)'}, {'shop': 'asda', 'url': 'https://groceries.asda.com/product/1000141932442', 'product_name': 'Cadbury Dairy Milk Caramel Cake Slices', 'product_price': '£2.25', 'product_additionals': '(37.5p/each)'}, {'shop': 'asda', 'url': 'https://groceries.asda.com/product/1000000581197', 'product_name': 'HRI Milk Thistle Tablets Standardised Fruit Extract 300mg ', 'product_price': '£10.00', 'product_additionals': '(33.3p/each)'}, {'shop': 'asda', 'url': 'https://groceries.asda.com/product/910001507912', 'product_name': 'Cadbury Milk Chocolate Sticky Puds', 'product_price': '£1.67', 'product_additionals': '(83.5p/each)'}, {'shop': 'tesco', 'url': 'https://www.tesco.com/groceries/en-GB/products/289767548', 'product_name': 'Yazoo Vanilla Milk 400Ml', 'product_price': '£ 1.00', 'product_additionals': '£0.02/10ml'}, {'shop': 'tesco', 'url': 'https://www.tesco.com/groceries/en-GB/products/251328672', 'product_name': 'Yazoo Banana Milkshake 1 Litre Bottle', 'product_price': '£ 1.50', 'product_additionals': '£0.15/100ml'}, {'shop': 'tesco', 'url': 'https://www.tesco.com/groceries/en-GB/products/302064214', 'product_name': 'Tesco Banana Flavour Milk 330Ml', 'product_price': '£ 0.60', 'product_additionals': '£0.18/100ml'}, {'shop': 'tesco', 'url': 'https://www.tesco.com/groceries/en-GB/products/257524758', 'product_name': 'Yazoo Chocolate Milkshake 1 Litre Bottle', 'product_price': '£ 1.50', 'product_additionals': '£0.15/100ml'}, {'shop': 'tesco', 'url': 'https://www.tesco.com/groceries/en-GB/products/258836704', 'product_name': 'Yazoo Strawberry Milkshake 1 Litre Bottle', 'product_price': '£ 1.50', 'product_additionals': '£0.15/100ml'}, {'shop': 'tesco', 'url': 'https://www.tesco.com/groceries/en-GB/products/302064237', 'product_name': 'Tesco Chocolate Flavour Milk 330Ml', 'product_price': '£ 0.60', 'product_additionals': '£0.18/100ml'}, {'shop': 'tesco', 'url': 'https://www.tesco.com/groceries/en-GB/products/307158067', 'product_name': 'Yazoo Choc-Hazelicious Flavoured Milk Drink 1L', 'product_price': '£ 1.50', 'product_additionals': '£0.15/100ml'}, {'shop': 'tesco', 'url': 'https://www.tesco.com/groceries/en-GB/products/297794371', 'product_name': 'Frijj Chocolate Milkshake 400Ml', 'product_price': '£ 1.00', 'product_additionals': '£0.25/100ml'}, {'shop': 'tesco', 'url': 'https://www.tesco.com/groceries/en-GB/products/268040017', 'product_name': 'Tesco 8 Milk Chocolate Ices 560Ml Price Marked', 'product_price': '£ 1.00', 'product_additionals': '£0.18/100ml'}, {'shop': 'tesco', 'url': 'https://www.tesco.com/groceries/en-GB/products/297763713', 'product_name': 'Yazoo No Added Sugar Chocolate Milkshake4x200ml', 'product_price': '£ 1.60', 'product_additionals': '£0.20/100ml'}, {'shop': 'tesco', 'url': 'https://www.tesco.com/groceries/en-GB/products/302872853', 'product_name': "Ms. Molly's Milk Lollies 8X35ml", 'product_price': '£ 0.85', 'product_additionals': '£0.30/100ml'}, {'shop': 'tesco', 'url': 'https://www.tesco.com/groceries/en-GB/products/305256138', 'product_name': 'Sma Little Steps First Infant Milk 200Ml', 'product_price': '£ 0.65', 'product_additionals': '£0.32/100ml'}, {'shop': 'tesco', 'url': 'https://www.tesco.com/groceries/en-GB/products/251690108', 'product_name': 'Palmolive Milk & Honey Liquid Handwash 300Ml', 'product_price': '£ 0.90', 'product_additionals': '£0.30/100ml'}, {'shop': 'tesco', 'url': 'https://www.tesco.com/groceries/en-GB/products/305831811', 'product_name': 'Tesco Milk For Kittens 200Ml', 'product_price': '£ 0.70', 'product_additionals': '£0.35/100ml'}, {'shop': 'tesco', 'url': 'https://www.tesco.com/groceries/en-GB/products/307365173', 'product_name': 'Yazoo Choc-Hazelicious Flavoured Milk 400Ml', 'product_price': '£ 1.00', 'product_additionals': '£0.25/100ml'}, {'shop': 'tesco', 'url': 'https://www.tesco.com/groceries/en-GB/products/290369673', 'product_name': 'Yazoo Chilled Banana Flavour Milkshake 400Ml', 'product_price': '£ 1.00', 'product_additionals': '£0.25/100ml'}, {'shop': 'tesco', 'url': 'https://www.tesco.com/groceries/en-GB/products/302300689', 'product_name': 'Shaken Udder Chocolush Milk Shake 750Ml', 'product_price': '£ 2.10', 'product_additionals': '£0.28/100ml'}, {'shop': 'tesco', 'url': 'https://www.tesco.com/groceries/en-GB/products/303067941', 'product_name': 'Tesco Milk Chocolate Ice Cream 3X110ml', 'product_price': '£ 1.00', 'product_additionals': '£0.30/100ml'}, {'shop': 'tesco', 'url': 'https://www.tesco.com/groceries/en-GB/products/290369696', 'product_name': 'Yazoo Chilled Chocolate Flavoured Milkshake 400Ml', 'product_price': '£ 1.00', 'product_additionals': '£0.25/100ml'}, {'shop': 'tesco', 'url': 'https://www.tesco.com/groceries/en-GB/products/305833930', 'product_name': 'Tesco Milk For Milk For Cats 200Ml', 'product_price': '£ 0.70', 'product_additionals': '£0.35/100ml'}, {'shop': 'tesco', 'url': 'https://www.tesco.com/groceries/en-GB/products/290369713', 'product_name': 'Yazoo Chilled Strawberry Flavoured Milkshake 400Ml', 'product_price': '£ 1.00', 'product_additionals': '£0.25/100ml'}, {'shop': 'tesco', 'url': 'https://www.tesco.com/groceries/en-GB/products/266548751', 'product_name': 'Palmolive Naturals Milk & Honey Shower Cream 750Ml', 'product_price': '£ 2.80', 'product_additionals': '£0.37/100ml'}, {'shop': 'tesco', 'url': 'https://www.tesco.com/groceries/en-GB/products/289668352', 'product_name': 'Slimfast Cafe Latte Milkshake 6X325ml', 'product_price': '£ 9.50', 'product_additionals': '£0.49/100ml'}, {'shop': 'tesco', 'url': 'https://www.tesco.com/groceries/en-GB/products/268891449', 'product_name': 'Shaken Udder Chocolush Milkshake 330Ml', 'product_price': '£ 1.35', 'product_additionals': '£0.41/100ml'}, {'shop': 'tesco', 'url': 'https://www.tesco.com/groceries/en-GB/products/289663291', 'product_name': 'Slim-Fast Multipack Milkshakesberry 1X6x325ml', 'product_price': '£ 9.50', 'product_additionals': '£0.49/100ml'}, {'shop': 'tesco', 'url': 'https://www.tesco.com/groceries/en-GB/products/278975404', 'product_name': 'Aptamil 1 First Milk 200Ml Ready To Feed Liquid', 'product_price': '£ 0.95', 'product_additionals': '£0.48/100ml'}, {'shop': 'tesco', 'url': 'https://www.tesco.com/groceries/en-GB/products/304794343', 'product_name': 'Crusha Milkshake Mix Cookies & Cream 500Ml', 'product_price': '£ 2.00', 'product_additionals': '£0.40/100ml'}, {'shop': 'tesco', 'url': 'https://www.tesco.com/groceries/en-GB/products/291368966', 'product_name': 'Aptamil Profutura First Infant Milk 200Ml', 'product_price': '£ 1.10', 'product_additionals': '£0.55/100ml'}, {'shop': 'tesco', 'url': 'https://www.tesco.com/groceries/en-GB/products/251354317', 'product_name': 'Yakult Fermented Milk Drink 7X65ml', 'product_price': '£ 3.00', 'product_additionals': '£0.66/100ml'}, {'shop': 'tesco', 'url': 'https://www.tesco.com/groceries/en-GB/products/279845143', 'product_name': 'For Goodness Shakes Recovery Milk Chocolate 475Ml', 'product_price': '£ 1.70', 'product_additionals': '£0.36/100ml'}, {'shop': 'tesco', 'url': 'https://www.tesco.com/groceries/en-GB/products/268890865', 'product_name': 'Shaken Udder Vanilla-Licious Milkshake 330Ml', 'product_price': '£ 1.35', 'product_additionals': '£0.41/100ml'}, {'shop': 'tesco', 'url': 'https://www.tesco.com/groceries/en-GB/products/293754713', 'product_name': 'Mars Chocolate Flavoured Milk Drink No Added Sugar 400Ml', 'product_price': '£ 1.35', 'product_additionals': '£0.34/100ml'}, {'shop': 'tesco', 'url': 'https://www.tesco.com/groceries/en-GB/products/305964757', 'product_name': 'Collective Kefir Mango Cultured Milk Drink 500Ml', 'product_price': '£ 2.00', 'product_additionals': '£0.40/100ml'}, {'shop': 'tesco', 'url': 'https://www.tesco.com/groceries/en-GB/products/256028662', 'product_name': 'Mini Milk Ice Cream Lollies 12 X 35Ml', 'product_price': '£ 2.20', 'product_additionals': '£0.52/100ml'}, {'shop': 'tesco', 'url': 'https://www.tesco.com/groceries/en-GB/products/253530336', 'product_name': 'Yakult Light Milk Drink 7X65ml', 'product_price': '£ 3.00', 'product_additionals': '£0.66/100ml'}, {'shop': 'tesco', 'url': 'https://www.tesco.com/groceries/en-GB/products/274025223', 'product_name': 'E45 Junior Foaming Bath Milk 500Ml', 'product_price': '£ 4.00', 'product_additionals': '£0.80/100ml'}, {'shop': 'tesco', 'url': 'https://www.tesco.com/groceries/en-GB/products/293795422', 'product_name': 'Cadbury Dairy Milk Stick 4X100ml', 'product_price': '£ 2.75', 'product_additionals': '£0.69/100ml'}, {'shop': 'tesco', 'url': 'https://www.tesco.com/groceries/en-GB/products/298817338', 'product_name': 'Garnier Ultimate Blends Coconut Milk Shampoo Dry Hair 360Ml', 'product_price': '£ 1.99', 'product_additionals': '£0.55/100ml'}, {'shop': 'tesco', 'url': 'https://www.tesco.com/groceries/en-GB/products/302134564', 'product_name': 'Garnier Ultimate Blends Almond Milk Normal Hair Shampoo 360Ml', 'product_price': '£ 1.99', 'product_additionals': '£0.55/100ml'}, {'shop': 'tesco', 'url': 'https://www.tesco.com/groceries/en-GB/products/282692727', 'product_name': 'Cadbury Dairy Milk Buttons Ice Cream Cones 4 X 100Ml', 'product_price': '£ 1.90', 'product_additionals': '£0.48/100ml'}, {'shop': 'tesco', 'url': 'https://www.tesco.com/groceries/en-GB/products/298817413', 'product_name': 'Garnier Ultimate Blends Oat Milk Sensitive Scalp Shampoo 360Ml', 'product_price': '£ 1.99', 'product_additionals': '£0.55/100ml'}, {'shop': 'tesco', 'url': 'https://www.tesco.com/groceries/en-GB/products/298817350', 'product_name': 'Garnier Ultimate Blends Coconut Milk Conditioner Dry Hair 360Ml', 'product_price': '£ 1.99', 'product_additionals': '£0.55/100ml'}, {'shop': 'tesco', 'url': 'https://www.tesco.com/groceries/en-GB/products/302134587', 'product_name': 'Garnier Ultimate Blends Almond Milk Normal Hair Conditioner 360Ml', 'product_price': '£ 1.99', 'product_additionals': '£0.55/100ml'}, {'shop': 'tesco', 'url': 'https://www.tesco.com/groceries/en-GB/products/298817436', 'product_name': 'Garnier Ultimate Blends Oat Milk Sensitive Scalp Conditioner 360Ml', 'product_price': '£ 1.99', 'product_additionals': '£0.55/100ml'}, {'shop': 'tesco', 'url': 'https://www.tesco.com/groceries/en-GB/products/285963725', 'product_name': 'Collagen+ Beauty Milk 200Ml', 'product_price': '£ 2.00', 'product_additionals': '£1.00/100ml'}, {'shop': 'tesco', 'url': 'https://www.tesco.com/groceries/en-GB/products/308079366', 'product_name': 'Ufit High Protein Milkshake Banana Flavoured 500Ml', 'product_price': '£ 3.00', 'product_additionals': '£0.60/100ml'}, {'shop': 'tesco', 'url': 'https://www.tesco.com/groceries/en-GB/products/306504230', 'product_name': 'Ufit High Protein Milkshake Drink Strawberry 330Ml', 'product_price': '£ 2.00', 'product_additionals': '£0.61/100ml'}, {'shop': 'tesco', 'url': 'https://www.tesco.com/groceries/en-GB/products/302218379', 'product_name': 'Nivea Body Essential Smooth Milk 400Ml', 'product_price': '£ 4.50', 'product_additionals': '£1.13/100ml'}, {'shop': 'asda', 'url': 'https://groceries.asda.com/product/1000005550468', 'product_name': 'Camelicious Long Life Whole Camel Milk', 'product_price': '£2.75', 'product_additionals': '(£1.17/100ml)'}, {'shop': 'tesco', 'url': 'https://www.tesco.com/groceries/en-GB/products/308115508', 'product_name': 'Ufit High Protein Milkshake White Chocolate Flavoured 330Ml', 'product_price': '£ 2.00', 'product_additionals': '£0.61/100ml'}, {'shop': 'asda', 'url': 'https://groceries.asda.com/product/1000106117557', 'product_name': 'Garnier Micellar Milky Cleansing Water', 'product_price': '£4.00', 'product_additionals': '(£1.00/100ml)'}, {'shop': 'asda', 'url': 'https://groceries.asda.com/product/1849120', 'product_name': "L'Oreal Age Perfect Cleansing Milk", 'product_price': '£2.50', 'product_additionals': '(£1.25/100ml)'}, {'shop': 'asda', 'url': 'https://groceries.asda.com/product/910001485971', 'product_name': 'OGX Nourishing Coconut Milk Shampoo', 'product_price': '£5.00', 'product_additionals': '(£1.30/100ml)'}, {'shop': 'tesco', 'url': 'https://www.tesco.com/groceries/en-GB/products/305944827', 'product_name': 'Nestle Milky Bar White Chocolate Ice Cream 6X50ml', 'product_price': '£ 3.00', 'product_additionals': '£1.00/100ml'}, {'shop': 'asda', 'url': 'https://groceries.asda.com/product/910001485375', 'product_name': 'OGX Nourishing Coconut Milk Conditioner', 'product_price': '£5.00', 'product_additionals': '(£1.30/100ml)'}, {'shop': 'tesco', 'url': 'https://www.tesco.com/groceries/en-GB/products/303889439', 'product_name': 'Imperial Leather Foamburst Rice Milk Jasmine200ml', 'product_price': '£ 2.90', 'product_additionals': '£1.45/100ml'}, {'shop': 'tesco', 'url': 'https://www.tesco.com/groceries/en-GB/products/299038498', 'product_name': 'Herbal Essences Bio Renew Rice Milk Shampoo 400Ml', 'product_price': '£ 4.50', 'product_additionals': '£1.13/100ml'}, {'shop': 'asda', 'url': 'https://groceries.asda.com/product/1000144744829', 'product_name': 'Herbal Essences bio:renew Hair Mask Coconut Milk', 'product_price': '£3.00', 'product_additionals': '(£1.20/100ml)'}, {'shop': 'tesco', 'url': 'https://www.tesco.com/groceries/en-GB/products/297334860', 'product_name': 'Herbal Essences Bio. Renew Coconut Milk Shampoo 400Ml', 'product_price': '£ 4.50', 'product_additionals': '£1.13/100ml'}, {'shop': 'asda', 'url': 'https://groceries.asda.com/product/910001790607', 'product_name': 'Milk of Magnesia Liquid', 'product_price': '£5.00', 'product_additionals': '(£2.50/100ml)'}, {'shop': 'tesco', 'url': 'https://www.tesco.com/groceries/en-GB/products/297334726', 'product_name': 'Herbal Essences Bio. Renew Coconut Milk Conditioner 400Ml', 'product_price': '£ 4.50', 'product_additionals': '£1.13/100ml'}, {'shop': 'asda', 'url': 'https://groceries.asda.com/product/1000108780467', 'product_name': 'Imperial Leather Foamburst Moisturising Luxury Gel to Foam Body Wash Jasmine & Rice Milk', 'product_price': '£2.00', 'product_additionals': '(£1.00/100ml)'}, {'shop': 'asda', 'url': 'https://groceries.asda.com/product/1000022626828', 'product_name': 'Maui Moisture Nourish & Moisture + Coconut Milk Shampoo', 'product_price': '£4.50', 'product_additionals': '(£1.17/100ml)'}, {'shop': 'tesco', 'url': 'https://www.tesco.com/groceries/en-GB/products/259454394', 'product_name': 'Ogx Coconut Milk Conditioner 385Ml', 'product_price': '£ 7.00', 'product_additionals': '£1.82/100ml'}, {'shop': 'asda', 'url': 'https://groceries.asda.com/product/1000204197692', 'product_name': 'Herbal Essences Bio:renew Shampoo Coconut Milk Hydrate', 'product_price': '£4.00', 'product_additionals': '(£1.60/100ml)'}, {'shop': 'tesco', 'url': 'https://www.tesco.com/groceries/en-GB/products/299039382', 'product_name': 'Herbal Essences Biological Renew Rice Milk Conditioner 400Ml', 'product_price': '£ 4.50', 'product_additionals': '£1.13/100ml'}, {'shop': 'asda', 'url': 'https://groceries.asda.com/product/1000022626818', 'product_name': 'Maui Moisture Nourish & Moisture + Coconut Milk Conditioner', 'product_price': '£4.50', 'product_additionals': '(£1.17/100ml)'}, {'shop': 'tesco', 'url': 'https://www.tesco.com/groceries/en-GB/products/281947400', 'product_name': 'Soft And Gentle Jasmine&Coco Milk Deodorant Rollon 50Ml', 'product_price': '£ 0.89', 'product_additionals': '£1.78/100ml'}, {'shop': 'tesco', 'url': 'https://www.tesco.com/groceries/en-GB/products/287594156', 'product_name': 'Ambre Solaire Milk Spf 50 Vitamin C 200Ml', 'product_price': '£ 5.00', 'product_additionals': '£2.50/100ml'}, {'shop': 'asda', 'url': 'https://groceries.asda.com/product/910001067005', 'product_name': 'Aquafresh Milk Teeth 0-2 Yrs Toothpaste', 'product_price': '£1.00', 'product_additionals': '(£2.00/100ml)'}, {'shop': 'asda', 'url': 'https://groceries.asda.com/product/1000112907040', 'product_name': "L'Oreal Paris Fine Flowers Cleansing Milk", 'product_price': '£3.95', 'product_additionals': '(£1.98/100ml)'}, {'shop': 'tesco', 'url': 'https://www.tesco.com/groceries/en-GB/products/272473795', 'product_name': 'Garnier Body 7Days Shea Hand Milk 100Ml', 'product_price': '£ 2.25', 'product_additionals': '£2.25/100ml'}, {'shop': 'tesco', 'url': 'https://www.tesco.com/groceries/en-GB/products/262709654', 'product_name': 'Aquafresh Milk Teeth Toothpaste 50Ml', 'product_price': '£ 1.25', 'product_additionals': '£2.50/100ml'}, {'shop': 'tesco', 'url': 'https://www.tesco.com/groceries/en-GB/products/305037939', 'product_name': 'Olay Cleanse Make Up Face Cleansing Milk 200Ml', 'product_price': '£ 4.00', 'product_additionals': '£2.00/100ml'}, {'shop': 'tesco', 'url': 'https://www.tesco.com/groceries/en-GB/products/299250332', 'product_name': 'Maui Moisture Coconut Milk Shampoo 385Ml', 'product_price': '£ 8.99', 'product_additionals': '£2.34/100ml'}, {'shop': 'asda', 'url': 'https://groceries.asda.com/product/43333959', 'product_name': 'Ambre Solaire Aftersun Skin Soother Hydrating Milk', 'product_price': '£11.00', 'product_additionals': '(£2.75/100ml)'}, {'shop': 'asda', 'url': 'https://groceries.asda.com/product/1000212268834', 'product_name': 'SMA PRO First Infant Milk From Birth 6 x 70 ml Starter Pack', 'product_price': '£7.45', 'product_additionals': '(£1.77/100ml)'}, {'shop': 'tesco', 'url': 'https://www.tesco.com/groceries/en-GB/products/299250240', 'product_name': 'Maui Moisture Coconut Milk Conditioner 385Ml', 'product_price': '£ 8.99', 'product_additionals': '£2.34/100ml'}, {'shop': 'tesco', 'url': 'https://www.tesco.com/groceries/en-GB/products/252223333', 'product_name': "L'oreal Paris Age Perfect Cleansing Milk 200Ml", 'product_price': '£ 5.00', 'product_additionals': '£2.50/100ml'}, {'shop': 'asda', 'url': 'https://groceries.asda.com/product/1000204197594', 'product_name': 'Herbal Essences bio:renew Hair Conditioner Coconut Milk Hydrate', 'product_price': '£4.00', 'product_additionals': '(£2.00/100ml)'}, {'shop': 'tesco', 'url': 'https://www.tesco.com/groceries/en-GB/products/298107990', 'product_name': 'Bondi Sands Gradual Tanning Milk 375Ml', 'product_price': '£ 12.00', 'product_additionals': '£3.20/100ml'}, {'shop': 'tesco', 'url': 'https://www.tesco.com/groceries/en-GB/products/305045215', 'product_name': 'Nivea Naturally Good Organic Green Tea Milky Face Cleanser 200Ml', 'product_price': '£ 4.00', 'product_additionals': '£2.00/100ml'}, {'shop': 'asda', 'url': 'https://groceries.asda.com/product/1000168286620', 'product_name': 'Bondi Sands Everyday Gradual Tanning Milk', 'product_price': '£11.99', 'product_additionals': '(£3.20/100ml)'}, {'shop': 'tesco', 'url': 'https://www.tesco.com/groceries/en-GB/products/302226467', 'product_name': 'Pantene Gold Leave In Detangling Milk 225Ml', 'product_price': '£ 8.00', 'product_additionals': '£3.56/100ml'}, {'shop': 'tesco', 'url': 'https://www.tesco.com/groceries/en-GB/products/299250390', 'product_name': 'Maui Moisture Coconut Oil Curl Milk 236Ml', 'product_price': '£ 8.99', 'product_additionals': '£3.81/100ml'}, {'shop': 'asda', 'url': 'https://groceries.asda.com/product/1000136352517', 'product_name': 'So...? Twilight Kiss Perfume Mist Vanilla Fudge Milkshake', 'product_price': '£6.00', 'product_additionals': '(£4.29/100ml)'}, {'shop': 'asda', 'url': 'https://groceries.asda.com/product/1000152808223', 'product_name': 'Lowicz Natural Buttermilk', 'product_price': '£1.05', 'product_additionals': '(10.5p/100ml)'}, {'shop': 'asda', 'url': 'https://groceries.asda.com/product/910001461430', 'product_name': 'Laciate Junior UHT Milk', 'product_price': '£0.95', 'product_additionals': '(9.5p/100ml)'}, {'shop': 'asda', 'url': 'https://groceries.asda.com/product/3184189', 'product_name': 'Veet Normal Skin Lotus Milk & Jasmine Fragrance Hair Removal Cream', 'product_price': '£5.00', 'product_additionals': '(£5.00/100ml)'}, {'shop': 'asda', 'url': 'https://groceries.asda.com/product/910000395716', 'product_name': 'Island Sun Coconut Milk', 'product_price': '£0.59', 'product_additionals': '(14.8p/100ml)'}, {'shop': 'asda', 'url': 'https://groceries.asda.com/product/1000234566986', 'product_name': 'Summer Pride Coconut Milk', 'product_price': '£0.79', 'product_additionals': '(19.8p/100ml)'}, {'shop': 'asda', 'url': 'https://groceries.asda.com/product/910002380756', 'product_name': 'Caribbean Choice Coconut Milk', 'product_price': '£0.63', 'product_additionals': '(15.8p/100ml)'}, {'shop': 'asda', 'url': 'https://groceries.asda.com/product/1000015538441', 'product_name': 'Yazoo No Added Sugar Banana Milk', 'product_price': '£2.00', 'product_additionals': '(16.7p/100ml)'}, {'shop': 'asda', 'url': 'https://groceries.asda.com/product/1000015538600', 'product_name': 'Yazoo No Added Sugar Chocolate Milk', 'product_price': '£2.00', 'product_additionals': '(16.7p/100ml)'}, {'shop': 'asda', 'url': 'https://groceries.asda.com/product/1000203039125', 'product_name': 'Palmolive Milk Shower Gel', 'product_price': '£1.50', 'product_additionals': '(30.0p/100ml)'}, {'shop': 'asda', 'url': 'https://groceries.asda.com/product/910000420790', 'product_name': 'Amoy Coconut Milk', 'product_price': '£1.79', 'product_additionals': '(44.8p/100ml)'}, {'shop': 'asda', 'url': 'https://groceries.asda.com/product/1000140068981', 'product_name': "Dunn's River Coconut Milk", 'product_price': '£1.00', 'product_additionals': '(25.0p/100ml)'}, {'shop': 'asda', 'url': 'https://groceries.asda.com/product/1000049687364', 'product_name': 'Tropical Sun Premium Coconut Milk', 'product_price': '£0.45', 'product_additionals': '(27.3p/100ml)'}, {'shop': 'asda', 'url': 'https://groceries.asda.com/product/1000000984240', 'product_name': 'FRijj Banana Flavour Milkshake', 'product_price': '£1.00', 'product_additionals': '(25.0p/100ml)'}, {'shop': 'asda', 'url': 'https://groceries.asda.com/product/1000015538112', 'product_name': 'Yazoo Kids No Added Sugar Strawberry Milk Drink', 'product_price': '£2.00', 'product_additionals': '(16.7p/100ml)'}, {'shop': 'asda', 'url': 'https://groceries.asda.com/product/910002933933', 'product_name': 'Laciate Vanilla Flavoured UHT Milk', 'product_price': '£0.50', 'product_additionals': '(25.0p/100ml)'}, {'shop': 'asda', 'url': 'https://groceries.asda.com/product/910000026713', 'product_name': 'Palmolive Naturals Milk & Honey Handwash', 'product_price': '£0.90', 'product_additionals': '(30.0p/100ml)'}, {'shop': 'asda', 'url': 'https://groceries.asda.com/product/910002933503', 'product_name': 'Laciate Chocolate Flavoured UHT Milk', 'product_price': '£0.50', 'product_additionals': '(25.0p/100ml)'}, {'shop': 'asda', 'url': 'https://groceries.asda.com/product/910000026669', 'product_name': 'Palmolive Naturals Almond & Milk Handwash', 'product_price': '£0.90', 'product_additionals': '(30.0p/100ml)'}, {'shop': 'asda', 'url': 'https://groceries.asda.com/product/1000000984061', 'product_name': 'FRijj Fudge Brownie Flavour Milkshake', 'product_price': '£1.00', 'product_additionals': '(25.0p/100ml)'}, {'shop': 'asda', 'url': 'https://groceries.asda.com/product/910002933764', 'product_name': 'Laciate Strawberry Flavoured UHT Milk', 'product_price': '£0.50', 'product_additionals': '(25.0p/100ml)'}, {'shop': 'asda', 'url': 'https://groceries.asda.com/product/1000109264280', 'product_name': 'Palmolive Naturals Milk & Honey Shower Gel', 'product_price': '£1.50', 'product_additionals': '(30.0p/100ml)'}, {'shop': 'asda', 'url': 'https://groceries.asda.com/product/1000142866375', 'product_name': 'Edge Strawberry Milkshake E-Liquid 6mg', 'product_price': '£2.50', 'product_additionals': '(£25.00/100ml)'}, {'shop': 'asda', 'url': 'https://groceries.asda.com/product/910002365219', 'product_name': 'ASDA Smoky Buttermilk Ranch Dressing', 'product_price': '£0.89', 'product_additionals': '(35.6p/100ml)'}, {'shop': 'asda', 'url': 'https://groceries.asda.com/product/1000244431906', 'product_name': 'Collection Lasting Perfection Foundation, Buttermilk Sh10', 'product_price': '£6.48', 'product_additionals': '(£2.40/10ml)'}, {'shop': 'asda', 'url': 'https://groceries.asda.com/product/910000420686', 'product_name': 'Amoy Coconut Milk Reduced Fat', 'product_price': '£1.79', 'product_additionals': '(44.8p/100ml)'}, {'shop': 'asda', 'url': 'https://groceries.asda.com/product/910000431575', 'product_name': 'Palmolive Naturals Milk & Honey Shower Gel', 'product_price': '£2.50', 'product_additionals': '(33.3p/100ml)'}, {'shop': 'asda', 'url': 'https://groceries.asda.com/product/910000782116', 'product_name': 'Palmolive Naturals Milk & Honey Shower Gel', 'product_price': '£0.90', 'product_additionals': '(36.0p/100ml)'}, {'shop': 'asda', 'url': 'https://groceries.asda.com/product/910002995497', 'product_name': 'Crusha No Added Sugar Chocolate Flavour Milkshake Mix', 'product_price': '£2.00', 'product_additionals': '(27.0p/100ml)'}, {'shop': 'asda', 'url': 'https://groceries.asda.com/product/910002436132', 'product_name': 'Arla Protein Tropical Milkshake', 'product_price': '£1.00', 'product_additionals': '(44.4p/100ml)'}, {'shop': 'asda', 'url': 'https://groceries.asda.com/product/24544845', 'product_name': 'Crusha No Added Sugar Strawberry Flavour Milkshake Mix', 'product_price': '£2.00', 'product_additionals': '(27.0p/100ml)'}, {'shop': 'asda', 'url': 'https://groceries.asda.com/product/922100', 'product_name': 'Yakult Fermented Milk Light', 'product_price': '£3.10', 'product_additionals': '(68.1p/100ml)'}, {'shop': 'asda', 'url': 'https://groceries.asda.com/product/1000158056045', 'product_name': 'Dove Purely Pampering Milk & Coconut Body Wash', 'product_price': '£0.98', 'product_additionals': '(43.6p/100ml)'}, {'shop': 'asda', 'url': 'https://groceries.asda.com/product/910000782587', 'product_name': 'Palmolive Naturals Sensitive Skin Milk Proteins Shower Gel', 'product_price': '£0.90', 'product_additionals': '(36.0p/100ml)'}, {'shop': 'asda', 'url': 'https://groceries.asda.com/product/910001743535', 'product_name': 'FUEL10K High Protein Banana Breakfast Milk Drink', 'product_price': '£1.30', 'product_additionals': '(39.4p/100ml)'}, {'shop': 'asda', 'url': 'https://groceries.asda.com/product/910001267477', 'product_name': 'FUEL10K High Protein Vanilla Breakfast Milk Drink', 'product_price': '£1.30', 'product_additionals': '(39.4p/100ml)'}, {'shop': 'asda', 'url': 'https://groceries.asda.com/product/910000950313', 'product_name': 'FUEL10K High Protein Chocolate Breakfast Milk Drink', 'product_price': '£1.30', 'product_additionals': '(39.4p/100ml)'}, {'shop': 'asda', 'url': 'https://groceries.asda.com/product/910002435505', 'product_name': 'Arla Protein Raspberry & Strawberry Milkshake', 'product_price': '£1.00', 'product_additionals': '(44.4p/100ml)'}, {'shop': 'asda', 'url': 'https://groceries.asda.com/product/910000951046', 'product_name': 'FUEL10K High Protein Strawberry Breakfast Milk Drink', 'product_price': '£1.30', 'product_additionals': '(39.4p/100ml)'}, {'shop': 'asda', 'url': 'https://groceries.asda.com/product/1000012734455', 'product_name': 'Garnier Ultimate Blends Coconut Milk Dry Hair Shampoo', 'product_price': '£1.98', 'product_additionals': '(55.0p/100ml)'}, {'shop': 'asda', 'url': 'https://groceries.asda.com/product/1000012734757', 'product_name': 'Garnier Ultimate Blends Oat Milk Sensitive Scalp Shampoo', 'product_price': '£1.98', 'product_additionals': '(55.0p/100ml)'}, {'shop': 'asda', 'url': 'https://groceries.asda.com/product/1000012734882', 'product_name': 'Garnier Ultimate Blends Coconut Milk Dry Hair Conditioner', 'product_price': '£1.98', 'product_additionals': '(55.0p/100ml)'}, {'shop': 'asda', 'url': 'https://groceries.asda.com/product/1000012734993', 'product_name': 'Garnier Ultimate Blends Oat Milk Sensitive Scalp Conditioner', 'product_price': '£1.98', 'product_additionals': '(55.0p/100ml)'}, {'shop': 'asda', 'url': 'https://groceries.asda.com/product/1000106846708', 'product_name': 'Garnier Ultimate Blends Almond Milk & Agave Sap Normal Hair Shampoo', 'product_price': '£1.98', 'product_additionals': '(55.0p/100ml)'}, {'shop': 'asda', 'url': 'https://groceries.asda.com/product/1000106846628', 'product_name': 'Garnier Ultimate Blends Almond Milk & Agave Sap Normal Hair Conditioner', 'product_price': '£1.98', 'product_additionals': '(55.0p/100ml)'}, {'shop': 'asda', 'url': 'https://groceries.asda.com/product/910003159941', 'product_name': 'Herbal Essences bio:renew Shampoo Coconut Milk Hydrate', 'product_price': '£3.00', 'product_additionals': '(75.0p/100ml)'}, {'shop': 'asda', 'url': 'https://groceries.asda.com/product/33045', 'product_name': 'Mini Milk 12 Vanilla Strawberry & Chocolate Ice Cream Lollies', 'product_price': '£2.17', 'product_additionals': '(51.7p/100ml)'}, {'shop': 'asda', 'url': 'https://groceries.asda.com/product/910001297523', 'product_name': 'Soft & Gentle 48hr Protection Jasmine & Coco Milk Anti-Perspirant Deodorant', 'product_price': '£0.95', 'product_additionals': '(63.3p/100ml)'}, {'shop': 'asda', 'url': 'https://groceries.asda.com/product/1000006805563', 'product_name': 'Herbal Essences bio:renew Shampoo Passion Flower & Rice Milk Nourish', 'product_price': '£3.00', 'product_additionals': '(75.0p/100ml)'}, {'shop': 'asda', 'url': 'https://groceries.asda.com/product/1000112906987', 'product_name': 'Garnier Intensive 7 Days Coconut Milk Body Lotion Dry Rough Skin', 'product_price': '£2.50', 'product_additionals': '(62.5p/100ml)'}, {'shop': 'asda', 'url': 'https://groceries.asda.com/product/910003160158', 'product_name': 'Herbal Essences bio:renew Hair Conditioner Coconut Milk', 'product_price': '£3.00', 'product_additionals': '(75.0p/100ml)'}, {'shop': 'asda', 'url': 'https://groceries.asda.com/product/910003053234', 'product_name': 'Garnier Natural Rose Water Cleansing Milk Sensitive Skin', 'product_price': '£1.75', 'product_additionals': '(87.5p/100ml)'}, {'shop': 'asda', 'url': 'https://groceries.asda.com/product/1000006804899', 'product_name': 'Herbal Essences bio:renew Hair Conditioner Passion Flower & Rice Milk Nourish', 'product_price': '£3.00', 'product_additionals': '(75.0p/100ml)'}, {'shop': 'asda', 'url': 'https://groceries.asda.com/product/910001456277', 'product_name': 'KTC Coconut Milk', 'product_price': '£0.59', 'product_additionals': '(£1.48/kg)'}, {'shop': 'tesco', 'url': 'https://www.tesco.com/groceries/en-GB/products/281381884', 'product_name': 'Lancashire Farm Whole Milk Yogurt 1Kg', 'product_price': '£ 1.50', 'product_additionals': '£1.50/kg'}, {'shop': 'tesco', 'url': 'https://www.tesco.com/groceries/en-GB/products/256909870', 'product_name': 'Tesco Evaporated Milk 410G', 'product_price': '£ 0.65', 'product_additionals': '£1.59/kg'}, {'shop': 'tesco', 'url': 'https://www.tesco.com/groceries/en-GB/products/256909887', 'product_name': 'Tesco Low Fat Evaporated Semi Skimmed Milk 410G', 'product_price': '£ 0.65', 'product_additionals': '£1.59/kg'}, {'shop': 'tesco', 'url': 'https://www.tesco.com/groceries/en-GB/products/288716611', 'product_name': 'Tesco Condensed Milk 397G', 'product_price': '£ 1.05', 'product_additionals': '£2.65/kg'}, {'shop': 'tesco', 'url': 'https://www.tesco.com/groceries/en-GB/products/255220251', 'product_name': 'Tesco Malted Milk Biscuits 200G', 'product_price': '£ 0.45', 'product_additionals': '£0.22/100g'}, {'shop': 'tesco', 'url': 'https://www.tesco.com/groceries/en-GB/products/254924572', 'product_name': 'Tesco Milk Chocolate Digestive 300G', 'product_price': '£ 0.60', 'product_additionals': '£0.20/100g'}, {'shop': 'tesco', 'url': 'https://www.tesco.com/groceries/en-GB/products/256909311', 'product_name': 'Tesco Evaporated Milk 170G', 'product_price': '£ 0.50', 'product_additionals': '£2.95/kg'}, {'shop': 'tesco', 'url': 'https://www.tesco.com/groceries/en-GB/products/252395497', 'product_name': 'Carnation Light Evaporated Milk 410G', 'product_price': '£ 1.00', 'product_additionals': '£2.44/kg'}, {'shop': 'tesco', 'url': 'https://www.tesco.com/groceries/en-GB/products/254942734', 'product_name': 'Warburtons Milk Roll Sliced White Bread 400G', 'product_price': '£ 0.90', 'product_additionals': '£0.22/100g'}, {'shop': 'tesco', 'url': 'https://www.tesco.com/groceries/en-GB/products/254902477', 'product_name': 'Carnation Evaporated Milk 410G-14.5 Oz Can', 'product_price': '£ 1.00', 'product_additionals': '£2.44/kg'}, {'shop': 'tesco', 'url': 'https://www.tesco.com/groceries/en-GB/products/254913717', 'product_name': 'Tesco Milk Chocolate Cake Covering 300G', 'product_price': '£ 0.80', 'product_additionals': '£0.27/100g'}, {'shop': 'asda', 'url': 'https://groceries.asda.com/product/910001456445', 'product_name': 'Island Sun Sweetened Condensed Milk', 'product_price': '£1.20', 'product_additionals': '(£3.02/kg)'}, {'shop': 'tesco', 'url': 'https://www.tesco.com/groceries/en-GB/products/288090094', 'product_name': 'Go Cat Kitten Chicken & Carrot & Milk 825G', 'product_price': '£ 2.25', 'product_additionals': '£2.73/kg'}, {'shop': 'tesco', 'url': 'https://www.tesco.com/groceries/en-GB/products/256909294', 'product_name': 'Tesco Light Choices Evaporated Semi Skimmed Milk 170G', 'product_price': '£ 0.50', 'product_additionals': '£2.95/kg'}, {'shop': 'tesco', 'url': 'https://www.tesco.com/groceries/en-GB/products/258049553', 'product_name': 'Carnation Light Condensed Milk 405G', 'product_price': '£ 1.39', 'product_additionals': '£3.44/kg'}, {'shop': 'tesco', 'url': 'https://www.tesco.com/groceries/en-GB/products/300792887', 'product_name': 'Tesco Milk Chocolate Peanut 200G', 'product_price': '£ 0.75', 'product_additionals': '£0.38/100g'}, {'shop': 'tesco', 'url': 'https://www.tesco.com/groceries/en-GB/products/302379297', 'product_name': 'Barratt Milkteeth 190G', 'product_price': '£ 1.00', 'product_additionals': '£0.53/100g'}, {'shop': 'tesco', 'url': 'https://www.tesco.com/groceries/en-GB/products/270965130', 'product_name': 'Tesco Milk Bottles 75G', 'product_price': '£ 0.40', 'product_additionals': '£0.53/100g'}, {'shop': 'tesco', 'url': 'https://www.tesco.com/groceries/en-GB/products/254902431', 'product_name': 'Carnation Evaporated Milk 170G', 'product_price': '£ 0.70', 'product_additionals': '£4.12/kg'}, {'shop': 'tesco', 'url': 'https://www.tesco.com/groceries/en-GB/products/300792956', 'product_name': 'Tesco Milk Chocolate Raisins 200G', 'product_price': '£ 0.75', 'product_additionals': '£0.38/100g'}, {'shop': 'tesco', 'url': 'https://www.tesco.com/groceries/en-GB/products/300917239', 'product_name': "Mcvitie's Milk Chocolate Hobnobs 2X318g", 'product_price': '£ 2.10', 'product_additionals': '£0.33/100g'}, {'shop': 'tesco', 'url': 'https://www.tesco.com/groceries/en-GB/products/292975954', 'product_name': 'Tesco Pillows With Milk Chocolate Filling 375G', 'product_price': '£ 1.10', 'product_additionals': '£0.29/100g'}, {'shop': 'tesco', 'url': 'https://www.tesco.com/groceries/en-GB/products/258050084', 'product_name': 'Carnation Sweetened Condensed Milk 397G', 'product_price': '£ 1.39', 'product_additionals': '£3.51/kg'}, {'shop': 'tesco', 'url': 'https://www.tesco.com/groceries/en-GB/products/266045712', 'product_name': 'Tesco Chocolate Malted Milk Biscuits 250G', 'product_price': '£ 0.85', 'product_additionals': '£0.34/100g'}, {'shop': 'asda', 'url': 'https://groceries.asda.com/product/910001455940', 'product_name': 'Tropical Sun 100% Natural Coconut Milk', 'product_price': '£1.50', 'product_additionals': '(£3.75/kg)'}, {'shop': 'tesco', 'url': 'https://www.tesco.com/groceries/en-GB/products/307740610', 'product_name': 'Haribo Supermix Fruit Milk & Sweet Foam Gums 175G', 'product_price': '£ 0.79', 'product_additionals': '£0.45/100g'}, {'shop': 'tesco', 'url': 'https://www.tesco.com/groceries/en-GB/products/267377676', 'product_name': 'Tesco Instant Dried Skimmed Milk 340G', 'product_price': '£ 2.00', 'product_additionals': '£5.89/kg'}, {'shop': 'tesco', 'url': 'https://www.tesco.com/groceries/en-GB/products/300917199', 'product_name': "Mcvitie's Milk Chocolate Digestive Twin Pack 2X316g", 'product_price': '£ 2.10', 'product_additionals': '£0.33/100g'}, {'shop': 'tesco', 'url': 'https://www.tesco.com/groceries/en-GB/products/300228255', 'product_name': 'Galaxy Milk 110G', 'product_price': '£ 1.00', 'product_additionals': '£0.91/100g'}, {'shop': 'tesco', 'url': 'https://www.tesco.com/groceries/en-GB/products/289043126', 'product_name': 'Milkybar Mousse 4 X 55G', 'product_price': '£ 1.50', 'product_additionals': '£0.68/100g'}, {'shop': 'tesco', 'url': 'https://www.tesco.com/groceries/en-GB/products/275049199', 'product_name': 'Tesco Banana Milkshake Bottle 80G', 'product_price': '£ 0.40', 'product_additionals': '£0.50/100g'}, {'shop': 'tesco', 'url': 'https://www.tesco.com/groceries/en-GB/products/300917154', 'product_name': "Mcvitie's Milk Chocolate Digestives 433G", 'product_price': '£ 1.89', 'product_additionals': '£0.44/100g'}, {'shop': 'tesco', 'url': 'https://www.tesco.com/groceries/en-GB/products/260378143', 'product_name': 'St Helens Farm Natural Goats Milk Yogurt 450G', 'product_price': '£ 2.40', 'product_additionals': '£0.53/100g'}, {'shop': 'tesco', 'url': 'https://www.tesco.com/groceries/en-GB/products/308114947', 'product_name': 'Andros Caramel Dessert With Almond Milk 2 X 120G', 'product_price': '£ 1.20', 'product_additionals': '£5.00/kg'}, {'shop': 'tesco', 'url': 'https://www.tesco.com/groceries/en-GB/products/258520070', 'product_name': 'Tesco Milk Cooking Chocolate 150G', 'product_price': '£ 0.80', 'product_additionals': '£0.53/100g'}, {'shop': 'tesco', 'url': 'https://www.tesco.com/groceries/en-GB/products/308104078', 'product_name': 'Andros Chocolate Dessert With Almond Milk 2 X 120G', 'product_price': '£ 1.20', 'product_additionals': '£5.00/kg'}, {'shop': 'tesco', 'url': 'https://www.tesco.com/groceries/en-GB/products/259595923', 'product_name': 'Tesco Milk Chocolate Buttons 70G', 'product_price': '£ 0.40', 'product_additionals': '£0.57/100g'}, {'shop': 'tesco', 'url': 'https://www.tesco.com/groceries/en-GB/products/280036005', 'product_name': 'Galaxy Milk 4 Pack 168 G', 'product_price': '£ 1.25', 'product_additionals': '£0.74/100g'}, {'shop': 'asda', 'url': 'https://groceries.asda.com/product/1000006616995', 'product_name': "Zaad Cow's Milk Cheese", 'product_price': '£2.79', 'product_additionals': '(£7.97/kg)'}, {'shop': 'tesco', 'url': 'https://www.tesco.com/groceries/en-GB/products/292991721', 'product_name': 'Jimjams Milk Chocolate Spread 350G', 'product_price': '£ 2.60', 'product_additionals': '£0.74/100g'}, {'shop': 'tesco', 'url': 'https://www.tesco.com/groceries/en-GB/products/300917252', 'product_name': 'Mcvities Milk Chocolate Digestive 266G', 'product_price': '£ 1.35', 'product_additionals': '£0.51/100g'}, {'shop': 'tesco', 'url': 'https://www.tesco.com/groceries/en-GB/products/289687746', 'product_name': 'Betty Crocker Milk Chocolate Icing 400G', 'product_price': '£ 2.00', 'product_additionals': '£0.50/100g'}, {'shop': 'tesco', 'url': 'https://www.tesco.com/groceries/en-GB/products/299669027', 'product_name': "Kellogg's Krave Milk Chocolate Cereal 850G", 'product_price': '£ 4.00', 'product_additionals': '£0.47/100g'}, {'shop': 'tesco', 'url': 'https://www.tesco.com/groceries/en-GB/products/286616442', 'product_name': 'Yorkie Milk Multi Pack 138G', 'product_price': '£ 1.00', 'product_additionals': '£0.72/100g'}, {'shop': 'tesco', 'url': 'https://www.tesco.com/groceries/en-GB/products/292573934', 'product_name': 'Kit Kat Milk Chocolate 4 Pack 166G', 'product_price': '£ 1.00', 'product_additionals': '£0.60/100g'}, {'shop': 'tesco', 'url': 'https://www.tesco.com/groceries/en-GB/products/289880422', 'product_name': 'Nestle Lion Milk Multipack 4 X 42G', 'product_price': '£ 1.00', 'product_additionals': '£0.60/100g'}, {'shop': 'tesco', 'url': 'https://www.tesco.com/groceries/en-GB/products/276884964', 'product_name': 'Muller Light Chocolate Fix Milk Chocolate 4 Pack 400G', 'product_price': '£ 1.60', 'product_additionals': '£0.40/100g'}, {'shop': 'tesco', 'url': 'https://www.tesco.com/groceries/en-GB/products/277531004', 'product_name': 'Milkyway 6 Pack 129G', 'product_price': '£ 1.25', 'product_additionals': '£0.97/100g'}, {'shop': 'tesco', 'url': 'https://www.tesco.com/groceries/en-GB/products/307332650', 'product_name': 'Carnation Vegan Condensed Milk Alternative 370G', 'product_price': '£ 1.70', 'product_additionals': '£4.60/kg'}, {'shop': 'tesco', 'url': 'https://www.tesco.com/groceries/en-GB/products/301613460', 'product_name': 'Cadbury Dairy Milk 10 Pack 293G', 'product_price': '£ 2.00', 'product_additionals': '£0.68/100g'}, {'shop': 'tesco', 'url': 'https://www.tesco.com/groceries/en-GB/products/300399656', 'product_name': 'E.Wedel Krowka Milky Fudge 250G', 'product_price': '£ 1.70', 'product_additionals': '£0.68/100g'}, {'shop': 'tesco', 'url': 'https://www.tesco.com/groceries/en-GB/products/307340945', 'product_name': 'Tescomilk Chocolate Eggs 75G', 'product_price': '£ 0.75', 'product_additionals': '£1.00/100g'}, {'shop': 'tesco', 'url': 'https://www.tesco.com/groceries/en-GB/products/284117451', 'product_name': 'Cadbury Dairy Milk 110G', 'product_price': '£ 0.98', 'product_additionals': '£0.89/100g'}, {'shop': 'tesco', 'url': 'https://www.tesco.com/groceries/en-GB/products/255404760', 'product_name': 'Mcvities Light Milk Chocolate Digestives 300G', 'product_price': '£ 1.50', 'product_additionals': '£0.50/100g'}, {'shop': 'tesco', 'url': 'https://www.tesco.com/groceries/en-GB/products/303674366', 'product_name': 'Muller Corner Yogurt Milk Chocolate Digestives 130G', 'product_price': '£ 0.60', 'product_additionals': '£0.46/100g'}, {'shop': 'tesco', 'url': 'https://www.tesco.com/groceries/en-GB/products/264396691', 'product_name': 'Mikado Milk 75G', 'product_price': '£ 1.00', 'product_additionals': '£1.34/100g'}, {'shop': 'tesco', 'url': 'https://www.tesco.com/groceries/en-GB/products/300227059', 'product_name': 'Milkybar Pouch Bag 103G', 'product_price': '£ 0.99', 'product_additionals': '£0.96/100g'}, {'shop': 'tesco', 'url': 'https://www.tesco.com/groceries/en-GB/products/255762801', 'product_name': 'Tesco Milk Chocolate Biscuit Break 8 Pack 172G', 'product_price': '£ 0.89', 'product_additionals': '£0.52/100g'}, {'shop': 'tesco', 'url': 'https://www.tesco.com/groceries/en-GB/products/297544535', 'product_name': 'Belvita Milk & Cereal Biscuits 12 Pack 540G', 'product_price': '£ 3.00', 'product_additionals': '£0.56/100g'}, {'shop': 'tesco', 'url': 'https://www.tesco.com/groceries/en-GB/products/255526609', 'product_name': 'Tunnocks Milk Chocolate Caramel Wafer 240G', 'product_price': '£ 1.39', 'product_additionals': '£0.58/100g'}, {'shop': 'tesco', 'url': 'https://www.tesco.com/groceries/en-GB/products/308103753', 'product_name': 'Smarties Milk Chocolate Easter Egg 119G', 'product_price': '£ 1.00', 'product_additionals': '£0.84/100g'}, {'shop': 'tesco', 'url': 'https://www.tesco.com/groceries/en-GB/products/254923832', 'product_name': 'Tunnocks Milk Chocolate Teacakes 6X24g', 'product_price': '£ 0.95', 'product_additionals': '£0.66/100g'}, {'shop': 'tesco', 'url': 'https://www.tesco.com/groceries/en-GB/products/305977517', 'product_name': 'Cadbury Darkmilk Giant Buttons 105G', 'product_price': '£ 1.00', 'product_additionals': '£0.95/100g'}, {'shop': 'tesco', 'url': 'https://www.tesco.com/groceries/en-GB/products/263538128', 'product_name': 'Yorkie Milk Chocolate Biscuits 7 Pack 171.5G', 'product_price': '£ 1.00', 'product_additionals': '£0.58/100g'}, {'shop': 'tesco', 'url': 'https://www.tesco.com/groceries/en-GB/products/278244694', 'product_name': 'Tesco Milk Chocolate Chips 100G', 'product_price': '£ 0.80', 'product_additionals': '£0.80/100g'}, {'shop': 'tesco', 'url': 'https://www.tesco.com/groceries/en-GB/products/305971593', 'product_name': 'Tesco Buttermilk Chicken Mini Fillets 305G', 'product_price': '£ 2.50', 'product_additionals': '£8.20/kg'}, {'shop': 'tesco', 'url': 'https://www.tesco.com/groceries/en-GB/products/295790856', 'product_name': 'Milkybar Milk Slices 4X26g', 'product_price': '£ 1.00', 'product_additionals': '£0.96/100g'}, {'shop': 'tesco', 'url': 'https://www.tesco.com/groceries/en-GB/products/301011521', 'product_name': 'Special K Milk Chocolate Bars 5X27g', 'product_price': '£ 1.00', 'product_additionals': '£0.74/100g'}, {'shop': 'tesco', 'url': 'https://www.tesco.com/groceries/en-GB/products/289205552', 'product_name': 'Mcvities Penguin Milk Chocolate Biscuit 8 Pack 196.8G', 'product_price': '£ 1.00', 'product_additionals': '£0.51/100g'}, {'shop': 'tesco', 'url': 'https://www.tesco.com/groceries/en-GB/products/300795348', 'product_name': 'Galaxy Milk Chocolate 360G', 'product_price': '£ 3.50', 'product_additionals': '£0.97/100g'}, {'shop': 'tesco', 'url': 'https://www.tesco.com/groceries/en-GB/products/300226999', 'product_name': 'Milkybar Big Share Bag 212G', 'product_price': '£ 2.00', 'product_additionals': '£0.94/100g'}, {'shop': 'tesco', 'url': 'https://www.tesco.com/groceries/en-GB/products/265046131', 'product_name': 'Nestle Aero Milk 4 Pack 108G', 'product_price': '£ 1.00', 'product_additionals': '£0.93/100g'}, {'shop': 'tesco', 'url': 'https://www.tesco.com/groceries/en-GB/products/308110109', 'product_name': 'Rolo Milk Chocolate Easter Egg 128G', 'product_price': '£ 1.00', 'product_additionals': '£0.78/100g'}, {'shop': 'tesco', 'url': 'https://www.tesco.com/groceries/en-GB/products/268549827', 'product_name': 'Galaxy Milk Chocolate Bar 200G', 'product_price': '£ 1.80', 'product_additionals': '£0.90/100g'}, {'shop': 'tesco', 'url': 'https://www.tesco.com/groceries/en-GB/products/261356853', 'product_name': 'Tesco Milk Chocolate Butter Biscuits 125G', 'product_price': '£ 0.85', 'product_additionals': '£0.68/100g'}, {'shop': 'tesco', 'url': 'https://www.tesco.com/groceries/en-GB/products/308101790', 'product_name': 'Cadbury Darkmilk Chocolate Layered Dessert 2Pack 180G', 'product_price': '£ 1.30', 'product_additionals': '£0.72/100g'}, {'shop': 'tesco', 'url': 'https://www.tesco.com/groceries/en-GB/products/305782851', 'product_name': 'Sma Pro Gum Milk Powder Can 800G', 'product_price': '£ 9.15', 'product_additionals': '£11.44/kg'}, {'shop': 'tesco', 'url': 'https://www.tesco.com/groceries/en-GB/products/292215288', 'product_name': 'Cadbury Dairy Milk Boost Chocolate Barsx4 160G', 'product_price': '£ 1.00', 'product_additionals': '£0.62/100g'}, {'shop': 'tesco', 'url': 'https://www.tesco.com/groceries/en-GB/products/266258950', 'product_name': 'Nestle Nido Instant Full Cream Milk Powder 900G', 'product_price': '£ 7.50', 'product_additionals': '£0.83/100g'}, {'shop': 'tesco', 'url': 'https://www.tesco.com/groceries/en-GB/products/301012899', 'product_name': 'Tesco 6 Chocolate & Milk Crispy Bars 126G', 'product_price': '£ 0.89', 'product_additionals': '£0.71/100g'}, {'shop': 'tesco', 'url': 'https://www.tesco.com/groceries/en-GB/products/293368289', 'product_name': 'Toblerone Milk 360G', 'product_price': '£ 5.00', 'product_additionals': '£1.39/100g'}, {'shop': 'asda', 'url': 'https://groceries.asda.com/product/910002751801', 'product_name': 'Tassimo 16 Creamer from Milk Pods', 'product_price': '£3.99', 'product_additionals': '(£1.16/100g)'}, {'shop': 'tesco', 'url': 'https://www.tesco.com/groceries/en-GB/products/305554465', 'product_name': 'Smarties Milk Chocolate Mini Eggs Giant Bag 240G', 'product_price': '£ 2.00', 'product_additionals': '£0.83/100g'}, {'shop': 'tesco', 'url': 'https://www.tesco.com/groceries/en-GB/products/286581530', 'product_name': 'Cadbury Milk Chocolate Puddings 2X95g', 'product_price': '£ 1.50', 'product_additionals': '£7.90/kg'}, {'shop': 'tesco', 'url': 'https://www.tesco.com/groceries/en-GB/products/292573715', 'product_name': 'Kit Kat Milk Chocolate Bar 4 Finger 41.5G X 8 Pack', 'product_price': '£ 2.00', 'product_additionals': '£0.60/100g'}, {'shop': 'tesco', 'url': 'https://www.tesco.com/groceries/en-GB/products/306657532', 'product_name': 'Mcvities Vib Classic Caramel Milk Chocolate Digestive 250G', 'product_price': '£ 1.75', 'product_additionals': '£0.70/100g'}, {'shop': 'tesco', 'url': 'https://www.tesco.com/groceries/en-GB/products/301578079', 'product_name': 'Milka Bubbly Milk&White 95G', 'product_price': '£ 1.00', 'product_additionals': '£1.06/100g'}, {'shop': 'tesco', 'url': 'https://www.tesco.com/groceries/en-GB/products/305782747', 'product_name': 'Sma Pro Follow-On Milk 6Mth+ 800G', 'product_price': '£ 9.50', 'product_additionals': '£11.88/kg'}, {'shop': 'tesco', 'url': 'https://www.tesco.com/groceries/en-GB/products/272708450', 'product_name': 'Breakaway Milk Chocolate Biscuit 8 Pack 152.8G', 'product_price': '£ 1.00', 'product_additionals': '£0.66/100g'}, {'shop': 'tesco', 'url': 'https://www.tesco.com/groceries/en-GB/products/292743872', 'product_name': 'Kit Kat 2 Finger Milk Chocolate 21 Pack 434.7G', 'product_price': '£ 2.89', 'product_additionals': '£0.66/100g'}, {'shop': 'tesco', 'url': 'https://www.tesco.com/groceries/en-GB/products/306647089', 'product_name': 'Mcvities Vib Hazelnut Caramel Milk Chocolate Digestives 250G', 'product_price': '£ 1.75', 'product_additionals': '£0.70/100g'}, {'shop': 'tesco', 'url': 'https://www.tesco.com/groceries/en-GB/products/303717812', 'product_name': 'Nestle Yorkie Milk Chunks 100G', 'product_price': '£ 0.99', 'product_additionals': '£0.99/100g'}, {'shop': 'asda', 'url': 'https://groceries.asda.com/product/910003081775', 'product_name': 'Munchies Milk Chocolate Tube', 'product_price': '£0.55', 'product_additionals': '(£1.06/100g)'}, {'shop': 'tesco', 'url': 'https://www.tesco.com/groceries/en-GB/products/275027686', 'product_name': 'Cadbury Dairy Milk Chocolate Bar 360G', 'product_price': '£ 3.00', 'product_additionals': '£0.83/100g'}, {'shop': 'asda', 'url': 'https://groceries.asda.com/product/1000088318822', 'product_name': 'ASDA Giant Gold Coin Milk', 'product_price': '£0.59', 'product_additionals': '(£1.18/100g)'}, {'shop': 'tesco', 'url': 'https://www.tesco.com/groceries/en-GB/products/297544790', 'product_name': 'Belvita Milk & Cereal Biscuits 225G', 'product_price': '£ 1.99', 'product_additionals': '£0.88/100g'}, {'shop': 'tesco', 'url': 'https://www.tesco.com/groceries/en-GB/products/285383766', 'product_name': 'Cadbury Dairy Milk Giant Buttons 119G', 'product_price': '£ 1.00', 'product_additionals': '£0.84/100g'}, {'shop': 'tesco', 'url': 'https://www.tesco.com/groceries/en-GB/products/303215179', 'product_name': 'Sma Little Steps Follow On Milk 6Mth+ 800G', 'product_price': '£ 8.00', 'product_additionals': '£10.00/kg'}, {'shop': 'asda', 'url': 'https://groceries.asda.com/product/1000249319157', 'product_name': 'Dr. Oetker Milk Chocolate', 'product_price': '£1.79', 'product_additionals': '(£1.19/100g)'}, {'shop': 'tesco', 'url': 'https://www.tesco.com/groceries/en-GB/products/275565630', 'product_name': 'Cadbury Dairy Milk 45G', 'product_price': '£ 0.60', 'product_additionals': '£1.34/100g'}, {'shop': 'tesco', 'url': 'https://www.tesco.com/groceries/en-GB/products/301282631', 'product_name': 'Sma Organic First Milk 800G', 'product_price': '£ 12.00', 'product_additionals': '£15.00/kg'}, {'shop': 'tesco', 'url': 'https://www.tesco.com/groceries/en-GB/products/300228105', 'product_name': 'Aero Bubbles Milk Pouch Bag 102G', 'product_price': '£ 0.99', 'product_additionals': '£0.97/100g'}, {'shop': 'tesco', 'url': 'https://www.tesco.com/groceries/en-GB/products/258412209', 'product_name': 'Bounty Milk Chocolate Bar 57G', 'product_price': '£ 0.60', 'product_additionals': '£1.06/100g'}, {'shop': 'tesco', 'url': 'https://www.tesco.com/groceries/en-GB/products/306665659', 'product_name': 'Mcvities Vib Blood Orange Caramel & Milk Chocolate Biscuit 250G', 'product_price': '£ 1.75', 'product_additionals': '£0.70/100g'}, {'shop': 'tesco', 'url': 'https://www.tesco.com/groceries/en-GB/products/305434469', 'product_name': 'Cadbury Chocolate Milkshake Powder Mix 280G', 'product_price': '£ 2.09', 'product_additionals': '£0.75/100g'}, {'shop': 'tesco', 'url': 'https://www.tesco.com/groceries/en-GB/products/292215265', 'product_name': 'Cadbury Dairy Milk Caramel Chocolate Barsx4 148G', 'product_price': '£ 1.00', 'product_additionals': '£0.68/100g'}, {'shop': 'asda', 'url': 'https://groceries.asda.com/product/910001193129', 'product_name': 'Galaxy Smooth Milk Chocolate Bar', 'product_price': '£0.55', 'product_additionals': '(£1.31/100g)'}, {'shop': 'tesco', 'url': 'https://www.tesco.com/groceries/en-GB/products/307737200', 'product_name': 'Tesco Milk Chocolate Viennese Fingers 130G', 'product_price': '£ 1.00', 'product_additionals': '£0.77/100g'}, {'shop': 'asda', 'url': 'https://groceries.asda.com/product/1000235769319', 'product_name': 'Dairy Box Milk Chocolate Box', 'product_price': '£4.00', 'product_additionals': '(£1.11/100g)'}, {'shop': 'tesco', 'url': 'https://www.tesco.com/groceries/en-GB/products/268767576', 'product_name': 'Nestle Milkybar Dessert 2X70g', 'product_price': '£ 1.50', 'product_additionals': '£1.08/100g'}, {'shop': 'asda', 'url': 'https://groceries.asda.com/product/1000107571940', 'product_name': 'Nestle Animal Bar Milk Chocolate', 'product_price': '£0.25', 'product_additionals': '(£1.32/100g)'}, {'shop': 'tesco', 'url': 'https://www.tesco.com/groceries/en-GB/products/307762238', 'product_name': 'Milkybar Mini Eggs White Chocolate 240G', 'product_price': '£ 2.00', 'product_additionals': '£0.83/100g'}, {'shop': 'tesco', 'url': 'https://www.tesco.com/groceries/en-GB/products/307364796', 'product_name': 'Tesco Milk Chocolate Bunnies 75G', 'product_price': '£ 0.75', 'product_additionals': '£1.00/100g'}, {'shop': 'tesco', 'url': 'https://www.tesco.com/groceries/en-GB/products/278274664', 'product_name': 'Tesco Milk Chocolate Chunks 100G', 'product_price': '£ 1.00', 'product_additionals': '£1.00/100g'}, {'shop': 'tesco', 'url': 'https://www.tesco.com/groceries/en-GB/products/265946742', 'product_name': 'Mars Milk Chocolate Easter Egg & Chocolate 141G', 'product_price': '£ 1.00', 'product_additionals': '£0.71/100g'}, {'shop': 'tesco', 'url': 'https://www.tesco.com/groceries/en-GB/products/303215156', 'product_name': 'Sma Little Steps First Milk 1 From Birth 800G', 'product_price': '£ 8.00', 'product_additionals': '£10.00/kg'}, {'shop': 'asda', 'url': 'https://groceries.asda.com/product/43638001', 'product_name': 'Toblerone Milk Chocolate Bar', 'product_price': '£1.15', 'product_additionals': '(£1.15/100g)'}, {'shop': 'tesco', 'url': 'https://www.tesco.com/groceries/en-GB/products/273968548', 'product_name': 'Cadbury Dairy Milk Chocolate Bar 200G', 'product_price': '£ 1.80', 'product_additionals': '£0.90/100g'}, {'shop': 'tesco', 'url': 'https://www.tesco.com/groceries/en-GB/products/306656562', 'product_name': "Fox's Milk Chocolate Cookies 180G", 'product_price': '£ 1.80', 'product_additionals': '£1.00/100g'}, {'shop': 'asda', 'url': 'https://groceries.asda.com/product/910001437133', 'product_name': 'Grace Coconut Milk Powder', 'product_price': '£0.64', 'product_additionals': '(£1.28/100g)'}, {'shop': 'tesco', 'url': 'https://www.tesco.com/groceries/en-GB/products/307166184', 'product_name': 'Kit Kat 2 Finger Milk Chocolate 14 Bar Pack 289.8G', 'product_price': '£ 2.00', 'product_additionals': '£0.69/100g'}, {'shop': 'tesco', 'url': 'https://www.tesco.com/groceries/en-GB/products/301359962', 'product_name': 'Aptamil Hungry Milk Powder 800G', 'product_price': '£ 11.35', 'product_additionals': '£1.42/100g'}, {'shop': 'tesco', 'url': 'https://www.tesco.com/groceries/en-GB/products/307142379', 'product_name': 'Cadbury Dark Milk Multipack 4Pack 112G', 'product_price': '£ 1.00', 'product_additionals': '£0.89/100g'}, {'shop': 'tesco', 'url': 'https://www.tesco.com/groceries/en-GB/products/290595440', 'product_name': 'Tesco Easter Milk Chocolate Bunny 100G', 'product_price': '£ 0.89', 'product_additionals': '£0.89/100g'}, {'shop': 'tesco', 'url': 'https://www.tesco.com/groceries/en-GB/products/303153509', 'product_name': 'Birds Eye Buttermilk Chicken Strips 350G', 'product_price': '£ 4.00', 'product_additionals': '£11.43/kg'}, {'shop': 'tesco', 'url': 'https://www.tesco.com/groceries/en-GB/products/305875160', 'product_name': 'Nestle Smarties Buttons Milk Chocolate 90G', 'product_price': '£ 0.99', 'product_additionals': '£1.10/100g'}, {'shop': 'tesco', 'url': 'https://www.tesco.com/groceries/en-GB/products/301359841', 'product_name': 'Cow & Gate Hungry Milk Powder 800G', 'product_price': '£ 8.00', 'product_additionals': '£1.00/100g'}, {'shop': 'tesco', 'url': 'https://www.tesco.com/groceries/en-GB/products/305973297', 'product_name': 'Tesco Rice Cakes Milk Chocolate 105G', 'product_price': '£ 1.00', 'product_additionals': '£9.53/kg'}, {'shop': 'tesco', 'url': 'https://www.tesco.com/groceries/en-GB/products/271614896', 'product_name': 'Cadbury Dairy Milk Freddo 6 Bars 108G', 'product_price': '£ 1.00', 'product_additionals': '£0.93/100g'}, {'shop': 'tesco', 'url': 'https://www.tesco.com/groceries/en-GB/products/307347863', 'product_name': 'Tesco Milk & White Egg Hunt 475G', 'product_price': '£ 5.00', 'product_additionals': '£1.06/100g'}, {'shop': 'tesco', 'url': 'https://www.tesco.com/groceries/en-GB/products/308079464', 'product_name': 'Kit Kat Chunky Milk Chocolate Easter Egg 129G', 'product_price': '£ 1.00', 'product_additionals': '£0.78/100g'}, {'shop': 'tesco', 'url': 'https://www.tesco.com/groceries/en-GB/products/260148289', 'product_name': 'Nestle Nido Instant Full Cream Milk Powder 400G', 'product_price': '£ 4.00', 'product_additionals': '£1.00/100g'}, {'shop': 'tesco', 'url': 'https://www.tesco.com/groceries/en-GB/products/305554281', 'product_name': 'Smarties Milk Chocolate Mini Eggs 80G', 'product_price': '£ 1.00', 'product_additionals': '£1.25/100g'}, {'shop': 'tesco', 'url': 'https://www.tesco.com/groceries/en-GB/products/301359887', 'product_name': 'Cow & Gate Comfort Milk Powder 800G', 'product_price': '£ 10.50', 'product_additionals': '£1.32/100g'}, {'shop': 'tesco', 'url': 'https://www.tesco.com/groceries/en-GB/products/304797271', 'product_name': 'Cadbury Flake Milk Chocolate Dessert 85G', 'product_price': '£ 0.75', 'product_additionals': '£0.88/100g'}, {'shop': 'asda', 'url': 'https://groceries.asda.com/product/1000193654276', 'product_name': 'Smarties Milk Chocolate Buttons Sharing Bag', 'product_price': '£0.99', 'product_additionals': '(£1.10/100g)'}, {'shop': 'asda', 'url': 'https://groceries.asda.com/product/1000242609326', 'product_name': 'Aero Milk Chocolate Sharing Bar', 'product_price': '£1.00', 'product_additionals': '(£1.11/100g)'}, {'shop': 'tesco', 'url': 'https://www.tesco.com/groceries/en-GB/products/301359789', 'product_name': 'Cow & Gate 1 First Milk Powder 800G', 'product_price': '£ 8.00', 'product_additionals': '£1.00/100g'}, {'shop': 'asda', 'url': 'https://groceries.asda.com/product/910000419798', 'product_name': 'Galaxy Smooth Milk Chocolate More to Share Block', 'product_price': '£2.00', 'product_additionals': '(£1.00/100g)'}, {'shop': 'tesco', 'url': 'https://www.tesco.com/groceries/en-GB/products/307747879', 'product_name': 'Aero Bubbles Milk Chocolate Easter Egg 121G', 'product_price': '£ 1.00', 'product_additionals': '£0.83/100g'}, {'shop': 'tesco', 'url': 'https://www.tesco.com/groceries/en-GB/products/286633239', 'product_name': 'Nestle Yorkie Milk Bar 46G', 'product_price': '£ 0.60', 'product_additionals': '£1.31/100g'}, {'shop': 'tesco', 'url': 'https://www.tesco.com/groceries/en-GB/products/306648094', 'product_name': 'M&M Crunchy Caramel Milk Chocolate 165G', 'product_price': '£ 2.00', 'product_additionals': '£1.22/100g'}, {'shop': 'tesco', 'url': 'https://www.tesco.com/groceries/en-GB/products/306929712', 'product_name': 'Cadbury Bitsa Wispa Milk Chocolates 222G', 'product_price': '£ 2.00', 'product_additionals': '£0.90/100g'}, {'shop': 'tesco', 'url': 'https://www.tesco.com/groceries/en-GB/products/258492318', 'product_name': 'Ovaltine Original Add Milk 300G', 'product_price': '£ 3.40', 'product_additionals': '£1.14/100g'}, {'shop': 'tesco', 'url': 'https://www.tesco.com/groceries/en-GB/products/266285519', 'product_name': 'Hipp Combiotic 12 Month Growing Up Milk 600G', 'product_price': '£ 6.65', 'product_additionals': '£11.09/kg'}, {'shop': 'tesco', 'url': 'https://www.tesco.com/groceries/en-GB/products/272097278', 'product_name': 'Milkybar White Chocolate 4 Pack 100G', 'product_price': '£ 1.00', 'product_additionals': '£1.00/100g'}, {'shop': 'asda', 'url': 'https://groceries.asda.com/product/1000107814008', 'product_name': 'Cadbury Darkmilk Chocolate Bar', 'product_price': '£0.55', 'product_additionals': '(£1.57/100g)'}, {'shop': 'tesco', 'url': 'https://www.tesco.com/groceries/en-GB/products/275523317', 'product_name': 'Cadbury Dairy Milk Caramel Chocolate Bar 120G', 'product_price': '£ 0.98', 'product_additionals': '£0.82/100g'}, {'shop': 'tesco', 'url': 'https://www.tesco.com/groceries/en-GB/products/268739735', 'product_name': 'Aptamil Growing Up Milk 2+ Years 800G', 'product_price': '£ 10.50', 'product_additionals': '£13.13/kg'}, {'shop': 'asda', 'url': 'https://groceries.asda.com/product/1000118028743', 'product_name': 'Philadelphia Milka Soft Cheese', 'product_price': '£1.80', 'product_additionals': '(£12.00/kg)'}, {'shop': 'asda', 'url': 'https://groceries.asda.com/product/910001087913', 'product_name': 'Milky Way Twin Chocolate Bar', 'product_price': '£0.55', 'product_additionals': '(£1.28/100g)'}, {'shop': 'tesco', 'url': 'https://www.tesco.com/groceries/en-GB/products/252040802', 'product_name': "Kellogg's Rice Krispies Cereal Milk Bars 6X20g", 'product_price': '£ 0.99', 'product_additionals': '£0.82/100g'}, {'shop': 'asda', 'url': 'https://groceries.asda.com/product/1000246258482', 'product_name': 'Cadbury Fudge Milk Chocolate Bar', 'product_price': '£0.25', 'product_additionals': '(£1.14/100g)'}, {'shop': 'asda', 'url': 'https://groceries.asda.com/product/1000194797272', 'product_name': "Terry's Chocolate Orange Milk Bar", 'product_price': '£1.00', 'product_additionals': '(£1.11/100g)'}, {'shop': 'asda', 'url': 'https://groceries.asda.com/product/1000107814029', 'product_name': 'Cadbury Dark Milk Chocolate Bar', 'product_price': '£1.00', 'product_additionals': '(£1.18/100g)'}, {'shop': 'tesco', 'url': 'https://www.tesco.com/groceries/en-GB/products/307361298', 'product_name': 'Sma Pro Extra Hungry Infant Milk 800G', 'product_price': '£ 10.75', 'product_additionals': '£13.44/kg'}, {'shop': 'tesco', 'url': 'https://www.tesco.com/groceries/en-GB/products/264315195', 'product_name': 'Cadbury Dairy Milk Buttons Medium Easter Egg 128G', 'product_price': '£ 1.00', 'product_additionals': '£0.78/100g'}, {'shop': 'tesco', 'url': 'https://www.tesco.com/groceries/en-GB/products/279935019', 'product_name': 'Galaxy Milk Chocolate 42G', 'product_price': '£ 0.60', 'product_additionals': '£1.43/100g'}, {'shop': 'tesco', 'url': 'https://www.tesco.com/groceries/en-GB/products/301359949', 'product_name': 'Aptamil Growing Up Milk Powder 1+ 800G', 'product_price': '£ 10.50', 'product_additionals': '£1.32/100g'}, {'shop': 'tesco', 'url': 'https://www.tesco.com/groceries/en-GB/products/304380717', 'product_name': 'Tesco Finest Belgian Milk Chocolate Cookies 210G', 'product_price': '£ 1.69', 'product_additionals': '£0.80/100g'}, {'shop': 'asda', 'url': 'https://groceries.asda.com/product/1000249319261', 'product_name': 'Dr. Oetker Milk Chocolate Drops', 'product_price': '£1.79', 'product_additionals': '(£1.19/100g)'}, {'shop': 'asda', 'url': 'https://groceries.asda.com/product/910000409509', 'product_name': 'Dr. Oetker 35% Milk Chocolate Bar', 'product_price': '£1.69', 'product_additionals': '(£1.13/100g)'}, {'shop': 'tesco', 'url': 'https://www.tesco.com/groceries/en-GB/products/275523231', 'product_name': 'Cadbury Dairy Milk Whole Nut Chocolate Bar 120G', 'product_price': '£ 0.98', 'product_additionals': '£0.82/100g'}, {'shop': 'tesco', 'url': 'https://www.tesco.com/groceries/en-GB/products/297549518', 'product_name': 'Tesco Milk Chocolate Biscuit Selection 450G', 'product_price': '£ 4.00', 'product_additionals': '£0.89/100g'}, {'shop': 'tesco', 'url': 'https://www.tesco.com/groceries/en-GB/products/291159338', 'product_name': 'Cadbury Dairy Milk Duo 65G (P)', 'product_price': '£ 0.80', 'product_additionals': '£12.31/kg'}, {'shop': 'tesco', 'url': 'https://www.tesco.com/groceries/en-GB/products/257510953', 'product_name': 'Bahlsen Milk Choco Leibniz 125G', 'product_price': '£ 1.49', 'product_additionals': '£1.20/100g'}, {'shop': 'tesco', 'url': 'https://www.tesco.com/groceries/en-GB/products/262109356', 'product_name': 'E.Wedel Milk Chocolate With Strawberry 100G', 'product_price': '£ 0.90', 'product_additionals': '£0.90/100g'}, {'shop': 'asda', 'url': 'https://groceries.asda.com/product/1000113394458', 'product_name': "McVitie's Choc Gems Milk Chocolate Topped Biscuits", 'product_price': '£1.00', 'product_additionals': '(£1.05/100g)'}, {'shop': 'tesco', 'url': 'https://www.tesco.com/groceries/en-GB/products/302276643', 'product_name': "M&M's Milk Chocolate Block 165G", 'product_price': '£ 2.00', 'product_additionals': '£1.22/100g'}, {'shop': 'tesco', 'url': 'https://www.tesco.com/groceries/en-GB/products/301359806', 'product_name': 'Cow & Gate 2 Follow On Milk Powder 800G', 'product_price': '£ 8.00', 'product_additionals': '£1.00/100g'}, {'shop': 'tesco', 'url': 'https://www.tesco.com/groceries/en-GB/products/305732122', 'product_name': 'Cow & Gate First Infant Milk 1.2Kg Big Pack', 'product_price': '£ 11.00', 'product_additionals': '£9.17/kg'}, {'shop': 'tesco', 'url': 'https://www.tesco.com/groceries/en-GB/products/305733576', 'product_name': 'Cow & Gate Follow On Milk 6-12 Months 1.2Kg', 'product_price': '£ 11.00', 'product_additionals': '£9.17/kg'}, {'shop': 'tesco', 'url': 'https://www.tesco.com/groceries/en-GB/products/304786474', 'product_name': 'Cadbury Dairy Milk Chocolate Daim Dessert 85G', 'product_price': '£ 0.75', 'product_additionals': '£0.88/100g'}, {'shop': 'tesco', 'url': 'https://www.tesco.com/groceries/en-GB/products/257679200', 'product_name': 'Kinder Bueno Milk & Hazelnut 4 Pack 172G', 'product_price': '£ 1.69', 'product_additionals': '£0.98/100g'}, {'shop': 'tesco', 'url': 'https://www.tesco.com/groceries/en-GB/products/301359927', 'product_name': 'Aptamil 2 Follow On Milk Powder 800G', 'product_price': '£ 11.50', 'product_additionals': '£14.38/kg'}, {'shop': 'tesco', 'url': 'https://www.tesco.com/groceries/en-GB/products/302142554', 'product_name': 'Dr Oetker Jumbo Milk Chocolate Chips 125G', 'product_price': '£ 1.60', 'product_additionals': '£1.28/100g'}, {'shop': 'tesco', 'url': 'https://www.tesco.com/groceries/en-GB/products/266240596', 'product_name': 'Hipp Organic Infant Milk 800G', 'product_price': '£ 10.50', 'product_additionals': '£13.13/kg'}, {'shop': 'tesco', 'url': 'https://www.tesco.com/groceries/en-GB/products/306939406', 'product_name': 'Cadbury Dairy Milk Orange Giant Buttons 110G', 'product_price': '£ 1.00', 'product_additionals': '£0.91/100g'}, {'shop': 'asda', 'url': 'https://groceries.asda.com/product/910000813175', 'product_name': 'Cadbury Dairy Milk Chocolate Bar', 'product_price': '£0.55', 'product_additionals': '(£1.22/100g)'}, {'shop': 'tesco', 'url': 'https://www.tesco.com/groceries/en-GB/products/308473014', 'product_name': 'Milkybar Cookies And Cream Bites 90G', 'product_price': '£ 0.99', 'product_additionals': '£1.10/100g'}, {'shop': 'tesco', 'url': 'https://www.tesco.com/groceries/en-GB/products/304403220', 'product_name': 'Philadelphia Milka Cheese 150G', 'product_price': '£ 1.95', 'product_additionals': '£13.00/kg'}, {'shop': 'tesco', 'url': 'https://www.tesco.com/groceries/en-GB/products/265947303', 'product_name': 'Maltesers Milk Chocolate Easter Egg & Chocolate 127G', 'product_price': '£ 1.00', 'product_additionals': '£0.79/100g'}, {'shop': 'tesco', 'url': 'https://www.tesco.com/groceries/en-GB/products/301065629', 'product_name': 'Cadbury Dark Milk 85G', 'product_price': '£ 1.50', 'product_additionals': '£1.77/100g'}, {'shop': 'tesco', 'url': 'https://www.tesco.com/groceries/en-GB/products/284775667', 'product_name': 'Cadbury Dairy Milk Buttons 6 Pack', 'product_price': '£ 1.00', 'product_additionals': '£1.20/100g'}, {'shop': 'tesco', 'url': 'https://www.tesco.com/groceries/en-GB/products/258510053', 'product_name': 'Nestle Cerelac 6Mnth Wheat&Milk Cereal 400G', 'product_price': '£ 3.80', 'product_additionals': '£0.95/100g'}, {'shop': 'asda', 'url': 'https://groceries.asda.com/product/910002052877', 'product_name': 'Cadbury Milk Tray Chocolate Box', 'product_price': '£1.00', 'product_additionals': '(£1.28/100g)'}, {'shop': 'asda', 'url': 'https://groceries.asda.com/product/910000813019', 'product_name': 'Cadbury Dairy Milk Caramel Bar', 'product_price': '£0.60', 'product_additionals': '(£1.33/100g)'}, {'shop': 'tesco', 'url': 'https://www.tesco.com/groceries/en-GB/products/305781649', 'product_name': 'Sma Pro First Infant Milk From Birth 800G', 'product_price': '£ 10.75', 'product_additionals': '£13.44/kg'}, {'shop': 'asda', 'url': 'https://groceries.asda.com/product/910001590670', 'product_name': 'Yorkie Original Milk Chocolate Bar', 'product_price': '£0.55', 'product_additionals': '(£1.20/100g)'}, {'shop': 'tesco', 'url': 'https://www.tesco.com/groceries/en-GB/products/307147005', 'product_name': 'Cadbury Milk Chocolate Giant Buttons Share Bag 240G', 'product_price': '£ 2.00', 'product_additionals': '£0.83/100g'}, {'shop': 'tesco', 'url': 'https://www.tesco.com/groceries/en-GB/products/266239437', 'product_name': 'Hipp Organic Follow-On Milk 800G', 'product_price': '£ 10.15', 'product_additionals': '£12.69/kg'}, {'shop': 'tesco', 'url': 'https://www.tesco.com/groceries/en-GB/products/304799113', 'product_name': 'Cadbury Dairy Milk Chocolate Buttons Dessert 85G', 'product_price': '£ 0.75', 'product_additionals': '£0.88/100g'}, {'shop': 'tesco', 'url': 'https://www.tesco.com/groceries/en-GB/products/292215294', 'product_name': 'Cadbury Dairy Milk Twirl Chocolate Bars X11 236.5G', 'product_price': '£ 2.00', 'product_additionals': '£0.85/100g'}, {'shop': 'tesco', 'url': 'https://www.tesco.com/groceries/en-GB/products/304787299', 'product_name': 'Cadbury Dairy Milk Pot Of Joy Caramel Dessert 4Pack 260G', 'product_price': '£ 2.00', 'product_additionals': '£0.77/100g'}, {'shop': 'tesco', 'url': 'https://www.tesco.com/groceries/en-GB/products/282553602', 'product_name': 'Milky Way Fun Size 14 Pack 227G', 'product_price': '£ 3.00', 'product_additionals': '£1.33/100g'}, {'shop': 'tesco', 'url': 'https://www.tesco.com/groceries/en-GB/products/307337996', 'product_name': 'Cadbury Dairy Milk Fingers Biscuits 189G', 'product_price': '£ 2.00', 'product_additionals': '£1.06/100g'}, {'shop': 'tesco', 'url': 'https://www.tesco.com/groceries/en-GB/products/275565895', 'product_name': 'Cadbury Dairy Milk Caramel 45 G', 'product_price': '£ 0.60', 'product_additionals': '£1.34/100g'}, {'shop': 'tesco', 'url': 'https://www.tesco.com/groceries/en-GB/products/297556924', 'product_name': 'Kit Kat 2 Finger Milk Chocolate Biscuits 9 Pack 186.3G', 'product_price': '£ 1.50', 'product_additionals': '£0.81/100g'}, {'shop': 'tesco', 'url': 'https://www.tesco.com/groceries/en-GB/products/293226763', 'product_name': 'Bahlsen Pick Up! Minis Milk Chocolate 10.6Gx10', 'product_price': '£ 1.00', 'product_additionals': '£0.94/100g'}, {'shop': 'tesco', 'url': 'https://www.tesco.com/groceries/en-GB/products/293597030', 'product_name': 'Cadbury Dairy Milk Fruit & Nut Chocolate Bar 110G', 'product_price': '£ 0.98', 'product_additionals': '£0.89/100g'}, {'shop': 'tesco', 'url': 'https://www.tesco.com/groceries/en-GB/products/301360003', 'product_name': 'Aptamil Comfort Milk Powder 800G', 'product_price': '£ 14.00', 'product_additionals': '£1.75/100g'}, {'shop': 'asda', 'url': 'https://groceries.asda.com/product/1000008341231', 'product_name': 'Kallo Milk Chocolate Rice Cake', 'product_price': '£1.39', 'product_additionals': '(£1.39/100g)'}, {'shop': 'tesco', 'url': 'https://www.tesco.com/groceries/en-GB/products/307145128', 'product_name': 'Cadbury Dairy Milk Caramel Nibbles Big Share Bag 242G', 'product_price': '£ 2.00', 'product_additionals': '£0.83/100g'}, {'shop': 'asda', 'url': 'https://groceries.asda.com/product/1000260230892', 'product_name': 'Galaxy Smooth Milk Chocolate Large Christmas Selection Box', 'product_price': '£2.50', 'product_additionals': '(£1.02/100g)'}, {'shop': 'tesco', 'url': 'https://www.tesco.com/groceries/en-GB/products/299585016', 'product_name': 'Marvel Dried Milk Powder 278G', 'product_price': '£ 4.00', 'product_additionals': '£1.44/100g'}, {'shop': 'tesco', 'url': 'https://www.tesco.com/groceries/en-GB/products/291244675', 'product_name': 'Cadbury Dairy Milk Freddo Faces Medium Easter Egg 122G', 'product_price': '£ 1.00', 'product_additionals': '£0.82/100g'}, {'shop': 'asda', 'url': 'https://groceries.asda.com/product/1000216498425', 'product_name': 'Cadbury Dairy Milk Chocolate Chunks Tin', 'product_price': '£8.00', 'product_additionals': '(£1.11/100g)'}, {'shop': 'tesco', 'url': 'https://www.tesco.com/groceries/en-GB/products/307510042', 'product_name': 'Kit Kat 2 Fingers Wafer Milk Chocolate Hazelnut 9X20.7G', 'product_price': '£ 1.50', 'product_additionals': '£0.81/100g'}, {'shop': 'asda', 'url': 'https://groceries.asda.com/product/1000233167237', 'product_name': 'Cadbury Curly Wurly Milk Chocolate Bar', 'product_price': '£0.25', 'product_additionals': '(£1.14/100g)'}, {'shop': 'tesco', 'url': 'https://www.tesco.com/groceries/en-GB/products/290504888', 'product_name': 'Cadbury Milk Tray Boxed Chocolates 360G', 'product_price': '£ 4.00', 'product_additionals': '£1.12/100g'}, {'shop': 'tesco', 'url': 'https://www.tesco.com/groceries/en-GB/products/307276278', 'product_name': 'Milkybar White Chocolate Sharing Bar 90G', 'product_price': '£ 0.99', 'product_additionals': '£1.10/100g'}, {'shop': 'tesco', 'url': 'https://www.tesco.com/groceries/en-GB/products/304787686', 'product_name': 'Cadbury Dairy Milk Pots Of Joy Chocolate Dessert 4Pack 260G', 'product_price': '£ 2.00', 'product_additionals': '£0.77/100g'}, {'shop': 'tesco', 'url': 'https://www.tesco.com/groceries/en-GB/products/273626838', 'product_name': 'Cadbury Dairy Milk Crunchie Bit Chocolate Bar 200G', 'product_price': '£ 1.80', 'product_additionals': '£0.90/100g'}, {'shop': 'asda', 'url': 'https://groceries.asda.com/product/1000196324556', 'product_name': 'Cadbury Darkmilk Crunchy Cocoa Pieces Chocolate Bar', 'product_price': '£1.00', 'product_additionals': '(£1.18/100g)'}, {'shop': 'asda', 'url': 'https://groceries.asda.com/product/910000022507', 'product_name': 'LU Mikado Milk Chocolate Biscuits', 'product_price': '£1.00', 'product_additionals': '(£1.33/100g)'}, {'shop': 'tesco', 'url': 'https://www.tesco.com/groceries/en-GB/products/304797426', 'product_name': 'Cadbury Dairy Milk Chunks Milk Chocolate Dessert 85G', 'product_price': '£ 0.75', 'product_additionals': '£0.88/100g'}, {'shop': 'asda', 'url': 'https://groceries.asda.com/product/1000107814073', 'product_name': 'Cadbury Dark Milk Almond Chocolate Bar', 'product_price': '£1.00', 'product_additionals': '(£1.18/100g)'}, {'shop': 'tesco', 'url': 'https://www.tesco.com/groceries/en-GB/products/300228693', 'product_name': 'Tesco Finest Chunky Milk Chocolate & Hazelnut Cookies 200G', 'product_price': '£ 1.59', 'product_additionals': '£0.80/100g'}, {'shop': 'tesco', 'url': 'https://www.tesco.com/groceries/en-GB/products/308089826', 'product_name': 'Kit Kat Milk Chocolate Mini Eggs 81G', 'product_price': '£ 1.00', 'product_additionals': '£1.24/100g'}, {'shop': 'tesco', 'url': 'https://www.tesco.com/groceries/en-GB/products/265947614', 'product_name': 'Mars Milk Chocolate Egg With Mars Bar 280G', 'product_price': '£ 3.00', 'product_additionals': '£1.08/100g'}, {'shop': 'tesco', 'url': 'https://www.tesco.com/groceries/en-GB/products/268726658', 'product_name': 'Maggi Coconut Milk Powder 300G', 'product_price': '£ 4.39', 'product_additionals': '£1.47/100g'}, {'shop': 'tesco', 'url': 'https://www.tesco.com/groceries/en-GB/products/301359829', 'product_name': 'Cow & Gate 3 Growing Up Milk Powder 1+Yrs 800G', 'product_price': '£ 8.00', 'product_additionals': '£1.00/100g'}, {'shop': 'tesco', 'url': 'https://www.tesco.com/groceries/en-GB/products/301359904', 'product_name': 'Aptamil 1 First Infant Milk From Birth 800G', 'product_price': '£ 11.35', 'product_additionals': '£14.19/kg'}, {'shop': 'tesco', 'url': 'https://www.tesco.com/groceries/en-GB/products/273714423', 'product_name': 'Dr Oetker Fine Cooks Chocolate Milk 150G', 'product_price': '£ 1.70', 'product_additionals': '£1.14/100g'}, {'shop': 'tesco', 'url': 'https://www.tesco.com/groceries/en-GB/products/305554004', 'product_name': 'Aero Peppermint Milk Chocolate Large Easter Egg 252G', 'product_price': '£ 3.00', 'product_additionals': '£1.20/100g'}, {'shop': 'tesco', 'url': 'https://www.tesco.com/groceries/en-GB/products/305548346', 'product_name': 'Aero Peppemint Milk Chocolate Mini Eggs 70G', 'product_price': '£ 1.00', 'product_additionals': '£1.43/100g'}, {'shop': 'tesco', 'url': 'https://www.tesco.com/groceries/en-GB/products/306650319', 'product_name': "Fox's Half Coated Milk Chocolate Cookies 175G", 'product_price': '£ 1.80', 'product_additionals': '£1.03/100g'}, {'shop': 'asda', 'url': 'https://groceries.asda.com/product/910002437888', 'product_name': 'KitKat 4 Finger Milk Chocolate Bar', 'product_price': '£0.55', 'product_additionals': '(£1.33/100g)'}, {'shop': 'asda', 'url': 'https://groceries.asda.com/product/910001736097', 'product_name': 'Toffee Crisp Milk Chocolate Bar', 'product_price': '£0.55', 'product_additionals': '(£1.45/100g)'}, {'shop': 'tesco', 'url': 'https://www.tesco.com/groceries/en-GB/products/261592624', 'product_name': 'Milkybar Small Easter Egg 65G', 'product_price': '£ 1.00', 'product_additionals': '£1.54/100g'}, {'shop': 'tesco', 'url': 'https://www.tesco.com/groceries/en-GB/products/286690153', 'product_name': 'Nestle Nesquik Milk Slice Chocolate Flavour 4X26g', 'product_price': '£ 1.00', 'product_additionals': '£9.62/kg'}, {'shop': 'asda', 'url': 'https://groceries.asda.com/product/1000242609598', 'product_name': 'Milkybar White Chocolate Sharing Block Bar', 'product_price': '£1.00', 'product_additionals': '(£1.11/100g)'}, {'shop': 'tesco', 'url': 'https://www.tesco.com/groceries/en-GB/products/302317399', 'product_name': "M&M's Peanut Milk Chocolate Block 165G", 'product_price': '£ 2.00', 'product_additionals': '£1.22/100g'}, {'shop': 'tesco', 'url': 'https://www.tesco.com/groceries/en-GB/products/308099394', 'product_name': 'Milkbar White Chocolate Mini Eggs 80G', 'product_price': '£ 1.00', 'product_additionals': '£1.25/100g'}, {'shop': 'asda', 'url': 'https://groceries.asda.com/product/1000209051155', 'product_name': 'Milky Way Magic Stars Chocolate Pouch', 'product_price': '£1.25', 'product_additionals': '(£1.25/100g)'}, {'shop': 'tesco', 'url': 'https://www.tesco.com/groceries/en-GB/products/284384444', 'product_name': 'Cadbury Fingers Milk Chocolate 114G', 'product_price': '£ 1.50', 'product_additionals': '£1.32/100g'}, {'shop': 'tesco', 'url': 'https://www.tesco.com/groceries/en-GB/products/305983613', 'product_name': 'Barny Milk Kids Sponge Bear 5 Pack 125G', 'product_price': '£ 1.50', 'product_additionals': '£1.20/100g'}, {'shop': 'asda', 'url': 'https://groceries.asda.com/product/1000243014225', 'product_name': 'ASDA Milk Chocolate Pip the Penguin', 'product_price': '£2.00', 'product_additionals': '(£1.33/100g)'}, {'shop': 'tesco', 'url': 'https://www.tesco.com/groceries/en-GB/products/306660176', 'product_name': 'Cadbury Roundie Milk Chocolate Biscuit 180G', 'product_price': '£ 1.99', 'product_additionals': '£1.11/100g'}, {'shop': 'asda', 'url': 'https://groceries.asda.com/product/1000237573638', 'product_name': 'Milkybar White Chocolate Buttons Giant Tube', 'product_price': '£1.00', 'product_additionals': '(£1.11/100g)'}, {'shop': 'tesco', 'url': 'https://www.tesco.com/groceries/en-GB/products/273760989', 'product_name': 'Sma Comfort Infant Milk From Birth 800G', 'product_price': '£ 13.00', 'product_additionals': '£16.25/kg'}, {'shop': 'tesco', 'url': 'https://www.tesco.com/groceries/en-GB/products/301359985', 'product_name': 'Aptamil Anti Reflux Milk Powder 800G', 'product_price': '£ 14.00', 'product_additionals': '£1.75/100g'}, {'shop': 'tesco', 'url': 'https://www.tesco.com/groceries/en-GB/products/307135970', 'product_name': 'Kinder Milk Slice Milk And Honey 3 X 28G', 'product_price': '£ 1.00', 'product_additionals': '£1.20/100g'}, {'shop': 'asda', 'url': 'https://groceries.asda.com/product/1000236571485', 'product_name': 'Cadbury Dairy Milk Small Chocolate Selection Pack', 'product_price': '£0.89', 'product_additionals': '(£1.00/100g)'}, {'shop': 'tesco', 'url': 'https://www.tesco.com/groceries/en-GB/products/268739729', 'product_name': 'Cow & Gate 4 Growing Up Milk Powder 2+ Years 800G', 'product_price': '£ 8.00', 'product_additionals': '£10.00/kg'}, {'shop': 'tesco', 'url': 'https://www.tesco.com/groceries/en-GB/products/307362631', 'product_name': 'Cadbury Dairy Milk Daim Mini Eggs 77G', 'product_price': '£ 1.00', 'product_additionals': '£1.30/100g'}, {'shop': 'tesco', 'url': 'https://www.tesco.com/groceries/en-GB/products/307145693', 'product_name': 'Cadbury Dairy Milk Mini Eggs Eggs 77G', 'product_price': '£ 1.00', 'product_additionals': '£1.30/100g'}, {'shop': 'asda', 'url': 'https://groceries.asda.com/product/1000107813970', 'product_name': 'Smarties Mini Milk Chocolate Sweets Bag', 'product_price': '£0.25', 'product_additionals': '(£1.67/100g)'}, {'shop': 'asda', 'url': 'https://groceries.asda.com/product/910001148445', 'product_name': 'Cadbury Dairy Milk Winter Wonderland Chocolate Bar', 'product_price': '£1.00', 'product_additionals': '(£1.00/100g)'}, {'shop': 'asda', 'url': 'https://groceries.asda.com/product/1000236571459', 'product_name': 'Cadbury Dairy Milk Chocolate Chunk Giftbox Stack', 'product_price': '£1.00', 'product_additionals': '(£1.04/100g)'}, {'shop': 'asda', 'url': 'https://groceries.asda.com/product/910001440470', 'product_name': 'Milkybar White Chocolate Bar 6 Pack', 'product_price': '£1.00', 'product_additionals': '(£1.39/100g)'}, {'shop': 'asda', 'url': 'https://groceries.asda.com/product/910002053147', 'product_name': 'Cadbury Dairy Milk Tiffin', 'product_price': '£1.00', 'product_additionals': '(£1.89/100g)'}, {'shop': 'tesco', 'url': 'https://www.tesco.com/groceries/en-GB/products/304783068', 'product_name': 'Galaxy Milk Chocolate Enchanted Eggs 80G', 'product_price': '£ 1.00', 'product_additionals': '£1.25/100g'}, {'shop': 'tesco', 'url': 'https://www.tesco.com/groceries/en-GB/products/307157689', 'product_name': 'Aptamil Organic 3 Toddler Milk Formula 800G', 'product_price': '£ 12.50', 'product_additionals': '£15.63/kg'}, {'shop': 'tesco', 'url': 'https://www.tesco.com/groceries/en-GB/products/307341587', 'product_name': 'Cadbury Dairy Milk Oreo Easter Egg 233G', 'product_price': '£ 3.00', 'product_additionals': '£1.29/100g'}, {'shop': 'asda', 'url': 'https://groceries.asda.com/product/1000214684777', 'product_name': 'Cadbury Roundie Milk Chocolate Biscuits 6 Pack', 'product_price': '£1.99', 'product_additionals': '(£1.11/100g)'}, {'shop': 'tesco', 'url': 'https://www.tesco.com/groceries/en-GB/products/305554102', 'product_name': 'Kit Kat Chunky Milk Chocolate Large Egg 260G', 'product_price': '£ 3.00', 'product_additionals': '£1.16/100g'}, {'shop': 'tesco', 'url': 'https://www.tesco.com/groceries/en-GB/products/275412034', 'product_name': 'Tesco Finest Baking Chocolate Milk 100G', 'product_price': '£ 1.30', 'product_additionals': '£1.30/100g'}, {'shop': 'tesco', 'url': 'https://www.tesco.com/groceries/en-GB/products/302303474', 'product_name': "M&M's Crispy Milk Chocolate Block 150G", 'product_price': '£ 2.00', 'product_additionals': '£1.34/100g'}, {'shop': 'tesco', 'url': 'https://www.tesco.com/groceries/en-GB/products/301359864', 'product_name': 'Cow & Gate Anti Reflux Milk Powder 800G', 'product_price': '£ 10.50', 'product_additionals': '£1.32/100g'}, {'shop': 'tesco', 'url': 'https://www.tesco.com/groceries/en-GB/products/307736656', 'product_name': 'Cadbury Dairy Milk Oreo Mini Eggs 72G', 'product_price': '£ 1.00', 'product_additionals': '£1.39/100g'}, {'shop': 'tesco', 'url': 'https://www.tesco.com/groceries/en-GB/products/272478801', 'product_name': 'Cadbury Dairy Milk Buttons Bag 40G', 'product_price': '£ 0.60', 'product_additionals': '£1.50/100g'}, {'shop': 'asda', 'url': 'https://groceries.asda.com/product/1000236571491', 'product_name': 'Cadbury Dairy Milk Little Chocolate Robins Bag', 'product_price': '£1.00', 'product_additionals': '(£1.14/100g)'}, {'shop': 'tesco', 'url': 'https://www.tesco.com/groceries/en-GB/products/292215311', 'product_name': 'Cadbury Dairy Milk Flake Chocolate Bars X9 180G', 'product_price': '£ 2.00', 'product_additionals': '£1.12/100g'}, {'shop': 'asda', 'url': 'https://groceries.asda.com/product/910001155954', 'product_name': 'Dr. Oetker Milk Chocolate Chunks', 'product_price': '£1.59', 'product_additionals': '(£1.59/100g)'}, {'shop': 'tesco', 'url': 'https://www.tesco.com/groceries/en-GB/products/305527901', 'product_name': 'Sma Anti Reflux Infant Milk From Birth 800G', 'product_price': '£ 13.00', 'product_additionals': '£16.25/kg'}, {'shop': 'tesco', 'url': 'https://www.tesco.com/groceries/en-GB/products/277926684', 'product_name': 'E.Wedel Milk Chocolate With Blueberry & Wild Strawberry 100G', 'product_price': '£ 0.90', 'product_additionals': '£0.90/100g'}, {'shop': 'tesco', 'url': 'https://www.tesco.com/groceries/en-GB/products/291369239', 'product_name': 'Aptamil Profutura Follow On Milk 800G', 'product_price': '£ 15.00', 'product_additionals': '£1.88/100g'}, {'shop': 'tesco', 'url': 'https://www.tesco.com/groceries/en-GB/products/268380680', 'product_name': 'Menier Milk Chocolate Patissier 100G', 'product_price': '£ 1.45', 'product_additionals': '£1.45/100g'}, {'shop': 'asda', 'url': 'https://groceries.asda.com/product/13852635', 'product_name': 'Kinder Bueno Milk & Hazelnuts Multipack 4 Pack', 'product_price': '£2.00', 'product_additionals': '(£1.16/100g)'}, {'shop': 'tesco', 'url': 'https://www.tesco.com/groceries/en-GB/products/307155979', 'product_name': 'Aptamil Organic 2 Follow On Baby Milk 800G', 'product_price': '£ 13.50', 'product_additionals': '£16.88/kg'}, {'shop': 'tesco', 'url': 'https://www.tesco.com/groceries/en-GB/products/307164537', 'product_name': 'Dairy Box Milk Chocolate Classic Collection 360G', 'product_price': '£ 4.00', 'product_additionals': '£1.12/100g'}, {'shop': 'tesco', 'url': 'https://www.tesco.com/groceries/en-GB/products/305547825', 'product_name': 'Aero Milk Chocolate Mini Eggs Bag 70G', 'product_price': '£ 1.00', 'product_additionals': '£1.43/100g'}, {'shop': 'asda', 'url': 'https://groceries.asda.com/product/910001769916', 'product_name': 'Bahlsen Choco Leibniz Milk Chocolate Biscuits', 'product_price': '£1.50', 'product_additionals': '(£1.20/100g)'}, {'shop': 'asda', 'url': 'https://groceries.asda.com/product/1000236571342', 'product_name': 'Cadbury Dairy Milk Freddo Chocolate Selection Box', 'product_price': '£1.50', 'product_additionals': '(£1.11/100g)'}, {'shop': 'asda', 'url': 'https://groceries.asda.com/product/1000107814079', 'product_name': 'Cadbury Dark Milk Salted Caramel Chocolate Bar', 'product_price': '£1.00', 'product_additionals': '(£1.18/100g)'}, {'shop': 'tesco', 'url': 'https://www.tesco.com/groceries/en-GB/products/291369297', 'product_name': 'Aptamil Profutura Milk Growing Up 800G', 'product_price': '£ 15.00', 'product_additionals': '£1.88/100g'}, {'shop': 'asda', 'url': 'https://groceries.asda.com/product/1000110960435', 'product_name': 'Milkybar Mix Ups White and Milk Chocolate Sharing Bag', 'product_price': '£0.99', 'product_additionals': '(£1.04/100g)'}, {'shop': 'asda', 'url': 'https://groceries.asda.com/product/910000460007', 'product_name': 'Lindt Lindor Milk Chocolate Bar', 'product_price': '£1.70', 'product_additionals': '(£1.70/100g)'}, {'shop': 'tesco', 'url': 'https://www.tesco.com/groceries/en-GB/products/271650783', 'product_name': 'Cadbury Fair Trade Dairy Milk Little Bar 21G', 'product_price': '£ 0.26', 'product_additionals': '£1.24/100g'}, {'shop': 'tesco', 'url': 'https://www.tesco.com/groceries/en-GB/products/305554119', 'product_name': 'Kit Kat Bunny Milk Chocolate Large Egg 238G', 'product_price': '£ 3.00', 'product_additionals': '£1.27/100g'}, {'shop': 'asda', 'url': 'https://groceries.asda.com/product/910003106423', 'product_name': 'Cadbury Dairy Milk Freddo Chocolate Bar', 'product_price': '£0.25', 'product_additionals': '(£1.39/100g)'}, {'shop': 'asda', 'url': 'https://groceries.asda.com/product/910002112470', 'product_name': 'Cadbury Dairy Milk Little Chocolate Bar', 'product_price': '£0.25', 'product_additionals': '(£1.39/100g)'}, {'shop': 'tesco', 'url': 'https://www.tesco.com/groceries/en-GB/products/282073821', 'product_name': 'Cadbury Dairy Milk Chocolate Easter Hoppy Bunny Bar 100G', 'product_price': '£ 1.00', 'product_additionals': '£1.00/100g'}, {'shop': 'tesco', 'url': 'https://www.tesco.com/groceries/en-GB/products/292286433', 'product_name': 'Cadbury Dairy Milk Wispa Bar 36G', 'product_price': '£ 0.60', 'product_additionals': '£1.67/100g'}, {'shop': 'tesco', 'url': 'https://www.tesco.com/groceries/en-GB/products/303836642', 'product_name': 'Cadbury Dark Milk Chocolate 35G', 'product_price': '£ 0.60', 'product_additionals': '£1.72/100g'}, {'shop': 'asda', 'url': 'https://groceries.asda.com/product/910002053589', 'product_name': 'Cadbury Dairy Milk Mint Crisp', 'product_price': '£1.00', 'product_additionals': '(£1.85/100g)'}, {'shop': 'asda', 'url': 'https://groceries.asda.com/product/910001431762', 'product_name': 'Lindt Lindor Milk Chocolate', 'product_price': '£0.75', 'product_additionals': '(£1.97/100g)'}, {'shop': 'tesco', 'url': 'https://www.tesco.com/groceries/en-GB/products/263070686', 'product_name': 'Cadbury Dairy Milk Egg Heads Easter Egg 77G', 'product_price': '£ 1.00', 'product_additionals': '£1.30/100g'}, {'shop': 'asda', 'url': 'https://groceries.asda.com/product/1000166634779', 'product_name': "Kellogg's Krave Milk Chocolate Snack Bag", 'product_price': '£1.25', 'product_additionals': '(£1.39/100g)'}, {'shop': 'tesco', 'url': 'https://www.tesco.com/groceries/en-GB/products/305548185', 'product_name': 'Smarties Milk Cho Incredible Easter Egg 470G', 'product_price': '£ 8.00', 'product_additionals': '£1.71/100g'}, {'shop': 'tesco', 'url': 'https://www.tesco.com/groceries/en-GB/products/271249493', 'product_name': 'Green & Black Milk Cooks Bar 150G', 'product_price': '£ 2.50', 'product_additionals': '£1.67/100g'}, {'shop': 'asda', 'url': 'https://groceries.asda.com/product/910000464579', 'product_name': 'Lindt Lindor Milk Chocolate Carton', 'product_price': '£5.50', 'product_additionals': '(£1.63/100g)'}, {'shop': 'tesco', 'url': 'https://www.tesco.com/groceries/en-GB/products/291369101', 'product_name': 'Aptamil Profutura First Infant Milk 800G', 'product_price': '£ 15.00', 'product_additionals': '£1.88/100g'}, {'shop': 'asda', 'url': 'https://groceries.asda.com/product/1000236571317', 'product_name': 'Cadbury Dairy Milk Chocolate Chunk Giftbox Stack', 'product_price': '£3.00', 'product_additionals': '(£1.20/100g)'}, {'shop': 'tesco', 'url': 'https://www.tesco.com/groceries/en-GB/products/303215110', 'product_name': 'Sma Advanced Follow-On-Milk 6 Months+ 800G', 'product_price': '£ 14.50', 'product_additionals': '£18.13/kg'}, {'shop': 'tesco', 'url': 'https://www.tesco.com/groceries/en-GB/products/306927207', 'product_name': 'Cadbury Milk Chocolate Orange Fingers 114G', 'product_price': '£ 1.55', 'product_additionals': '£1.36/100g'}, {'shop': 'asda', 'url': 'https://groceries.asda.com/product/1000236571375', 'product_name': 'Cadbury Dairy Milk Daim Little Chocolate Robins Bag', 'product_price': '£1.00', 'product_additionals': '(£1.14/100g)'}, {'shop': 'tesco', 'url': 'https://www.tesco.com/groceries/en-GB/products/304389823', 'product_name': 'Bounty Milk Chocolate Egg With 3 Fun Size Bars 263G', 'product_price': '£ 3.00', 'product_additionals': '£1.15/100g'}, {'shop': 'tesco', 'url': 'https://www.tesco.com/groceries/en-GB/products/307147702', 'product_name': 'Aptamil Organic 1 First Baby Milk Formula 800G', 'product_price': '£ 13.50', 'product_additionals': '£16.88/kg'}, {'shop': 'tesco', 'url': 'https://www.tesco.com/groceries/en-GB/products/271189367', 'product_name': 'Dr Oetker Milk Chocolate Chunks 100G', 'product_price': '£ 1.60', 'product_additionals': '£1.60/100g'}, {'shop': 'tesco', 'url': 'https://www.tesco.com/groceries/en-GB/products/307510007', 'product_name': 'Kit Kat 2 Fingers Wafer Milk Chocolate Honeycomb 9X20.7G', 'product_price': '£ 1.99', 'product_additionals': '£1.07/100g'}, {'shop': 'tesco', 'url': 'https://www.tesco.com/groceries/en-GB/products/303215133', 'product_name': 'Sma Advanced Growing Up Milk 1-3Yr 800G', 'product_price': '£ 16.00', 'product_additionals': '£20.00/kg'}, {'shop': 'asda', 'url': 'https://groceries.asda.com/product/910002053038', 'product_name': 'Cadbury Dairy Milk Golden Crisp', 'product_price': '£1.00', 'product_additionals': '(£1.85/100g)'}, {'shop': 'tesco', 'url': 'https://www.tesco.com/groceries/en-GB/products/306709570', 'product_name': 'Nestle Milkybar Kid Bar 12G', 'product_price': '£ 0.25', 'product_additionals': '£2.09/100g'}, {'shop': 'tesco', 'url': 'https://www.tesco.com/groceries/en-GB/products/293749766', 'product_name': "Terry's Chocolate Orange Milk Chocolate Box 157G", 'product_price': '£ 1.95', 'product_additionals': '£1.25/100g'}, {'shop': 'asda', 'url': 'https://groceries.asda.com/product/910002987974', 'product_name': 'Storck Knoppers Milk and Nut Wafers', 'product_price': '£1.25', 'product_additionals': '(£1.67/100g)'}, {'shop': 'tesco', 'url': 'https://www.tesco.com/groceries/en-GB/products/292573531', 'product_name': 'Kit Kat 4 Finger Milk Chocolate Bar 41.5G', 'product_price': '£ 0.60', 'product_additionals': '£1.45/100g'}, {'shop': 'asda', 'url': 'https://groceries.asda.com/product/1000001956353', 'product_name': 'Cadbury Dairy Milk Freddo Caramel Chocolate Bar', 'product_price': '£0.25', 'product_additionals': '(£1.28/100g)'}, {'shop': 'tesco', 'url': 'https://www.tesco.com/groceries/en-GB/products/308082684', 'product_name': 'Kit Kat 6 Mini Milk Chocolate Bunny 66G', 'product_price': '£ 1.00', 'product_additionals': '£1.52/100g'}, {'shop': 'asda', 'url': 'https://groceries.asda.com/product/1000236571472', 'product_name': 'KitKat Santa Milk Chocolate Sharing Bag', 'product_price': '£1.00', 'product_additionals': '(£1.52/100g)'}, {'shop': 'tesco', 'url': 'https://www.tesco.com/groceries/en-GB/products/307961204', 'product_name': 'Smarties Buttons Milk Chocolate Easter Egg 290G', 'product_price': '£ 5.00', 'product_additionals': '£1.73/100g'}, {'shop': 'tesco', 'url': 'https://www.tesco.com/groceries/en-GB/products/289705902', 'product_name': "Nature's Store Free From Milk Chocolate Rice Cakes 100G", 'product_price': '£ 1.50', 'product_additionals': '£1.50/100g'}, {'shop': 'tesco', 'url': 'https://www.tesco.com/groceries/en-GB/products/307352833', 'product_name': 'Cadbury Dairy Milk Easter Egg 286G', 'product_price': '£ 5.00', 'product_additionals': '£1.75/100g'}, {'shop': 'asda', 'url': 'https://groceries.asda.com/product/485334', 'product_name': 'Lindt Lindor Milk Chocolate Carton', 'product_price': '£3.50', 'product_additionals': '(£1.75/100g)'}, {'shop': 'asda', 'url': 'https://groceries.asda.com/product/910002489803', 'product_name': 'Cadbury Dairy Milk with Oreo Chocolate Bar', 'product_price': '£0.60', 'product_additionals': '(£1.46/100g)'}, {'shop': 'asda', 'url': 'https://groceries.asda.com/product/1000150185969', 'product_name': 'Smarties Milk Chocolate Christmas Penguin', 'product_price': '£1.00', 'product_additionals': '(£1.99/100g)'}, {'shop': 'asda', 'url': 'https://groceries.asda.com/product/910003082301', 'product_name': 'Kinder Bueno White Milk and Hazelnuts 2 Pack', 'product_price': '£0.55', 'product_additionals': '(£1.41/100g)'}, {'shop': 'tesco', 'url': 'https://www.tesco.com/groceries/en-GB/products/268370997', 'product_name': 'Lindt Lindor Milk Chocolate Bar 100G', 'product_price': '£ 1.70', 'product_additionals': '£1.70/100g'}, {'shop': 'asda', 'url': 'https://groceries.asda.com/product/1000207689245', 'product_name': 'Kinder Milk Chocolate & Hazelnut Schoko-Bons', 'product_price': '£1.00', 'product_additionals': '(£1.43/100g)'}, {'shop': 'tesco', 'url': 'https://www.tesco.com/groceries/en-GB/products/307339019', 'product_name': 'Cadbury Dairy Milk Egg & Spoon Oreo 128G', 'product_price': '£ 2.00', 'product_additionals': '£1.57/100g'}, {'shop': 'asda', 'url': 'https://groceries.asda.com/product/910001484465', 'product_name': 'Cadbury Dairy Milk Freddo Faces Chocolate Tube', 'product_price': '£1.00', 'product_additionals': '(£1.39/100g)'}, {'shop': 'tesco', 'url': 'https://www.tesco.com/groceries/en-GB/products/302290660', 'product_name': 'Oreo Crunchy Bites Milk Chocolate Biscuits 110G', 'product_price': '£ 1.50', 'product_additionals': '£1.37/100g'}, {'shop': 'tesco', 'url': 'https://www.tesco.com/groceries/en-GB/products/258202199', 'product_name': 'Lindt Hazelnut Milk Chocolate Bar 150G', 'product_price': '£ 2.50', 'product_additionals': '£1.67/100g'}, {'shop': 'asda', 'url': 'https://groceries.asda.com/product/910000265081', 'product_name': 'Kinder Bueno Milk and Hazelnuts Single Bar 2 finger', 'product_price': '£0.55', 'product_additionals': '(£1.28/100g)'}, {'shop': 'tesco', 'url': 'https://www.tesco.com/groceries/en-GB/products/303670831', 'product_name': 'Cadbury Dark Milk Salted Caramel 85G', 'product_price': '£ 1.50', 'product_additionals': '£1.77/100g'}, {'shop': 'asda', 'url': 'https://groceries.asda.com/product/1000150186073', 'product_name': 'Smarties Milk Chocolate Christmas Penguin', 'product_price': '£2.00', 'product_additionals': '(£2.13/100g)'}, {'shop': 'tesco', 'url': 'https://www.tesco.com/groceries/en-GB/products/307353262', 'product_name': 'Cadbury Dairy Milk Easter Egg Marvellous Creations 246G', 'product_price': '£ 3.00', 'product_additionals': '£1.22/100g'}, {'shop': 'asda', 'url': 'https://groceries.asda.com/product/1000003092998', 'product_name': 'Cadbury Dairy Milk Chocolate Advent Calendar', 'product_price': '£3.00', 'product_additionals': '(£1.50/100g)'}, {'shop': 'asda', 'url': 'https://groceries.asda.com/product/910000464535', 'product_name': 'Lindt Milk Chocolate Santa Claus', 'product_price': '£2.50', 'product_additionals': '(£2.00/100g)'}, {'shop': 'tesco', 'url': 'https://www.tesco.com/groceries/en-GB/products/302291267', 'product_name': 'Cadbury Dairy Milk 30% Less Sugar 85G', 'product_price': '£ 1.50', 'product_additionals': '£1.77/100g'}, {'shop': 'tesco', 'url': 'https://www.tesco.com/groceries/en-GB/products/306497283', 'product_name': 'Flipz Milk Chocolate Coated Pretzels 90G', 'product_price': '£ 1.50', 'product_additionals': '£1.67/100g'}, {'shop': 'tesco', 'url': 'https://www.tesco.com/groceries/en-GB/products/305248183', 'product_name': "Ella's Kitchen Dairy Free Coconut Milk Pear & Fig Porridge 100G", 'product_price': '£ 1.10', 'product_additionals': '£1.10/100g'}, {'shop': 'tesco', 'url': 'https://www.tesco.com/groceries/en-GB/products/297057651', 'product_name': 'Lindt Lindor Milk Chocolate 4X25g', 'product_price': '£ 2.00', 'product_additionals': '£2.00/100g'}, {'shop': 'asda', 'url': 'https://groceries.asda.com/product/1000018796226', 'product_name': 'Cadbury Highlights Milk Hot Chocolate', 'product_price': '£3.99', 'product_additionals': '(£1.81/100g)'}, {'shop': 'tesco', 'url': 'https://www.tesco.com/groceries/en-GB/products/264282026', 'product_name': 'Malteaster Bunny Milk Chocolate Bar 29G', 'product_price': '£ 0.50', 'product_additionals': '£1.73/100g'}, {'shop': 'asda', 'url': 'https://groceries.asda.com/product/1000136120506', 'product_name': 'ASDA Extra Special 40% Cocoa Solids Milk Cooking Chocolate', 'product_price': '£1.20', 'product_additionals': '(£1.20/100g)'}, {'shop': 'tesco', 'url': 'https://www.tesco.com/groceries/en-GB/products/304414558', 'product_name': 'Thorntons Milk Chocolate Unicorn Egg 151G', 'product_price': '£ 2.50', 'product_additionals': '£1.66/100g'}, {'shop': 'asda', 'url': 'https://groceries.asda.com/product/1000111446600', 'product_name': 'Milkybar White Chocolate Kid Bar', 'product_price': '£0.25', 'product_additionals': '(£2.08/100g)'}, {'shop': 'asda', 'url': 'https://groceries.asda.com/product/910000464862', 'product_name': 'Lindt Milk Chocolate Teddy', 'product_price': '£2.50', 'product_additionals': '(£2.50/100g)'}, {'shop': 'asda', 'url': 'https://groceries.asda.com/product/1000072843061', 'product_name': 'Lindt Milk Chocolate Teddy', 'product_price': '£2.50', 'product_additionals': '(£2.50/100g)'}, {'shop': 'asda', 'url': 'https://groceries.asda.com/product/910000887223', 'product_name': 'Dr. Moo Quick Chocolate Milk Magic Sipper', 'product_price': '£1.00', 'product_additionals': '(£1.67/100g)'}, {'shop': 'tesco', 'url': 'https://www.tesco.com/groceries/en-GB/products/307151495', 'product_name': 'Lindt Lindor Milk Chocolate Eggs 80G', 'product_price': '£ 1.50', 'product_additionals': '£1.88/100g'}, {'shop': 'tesco', 'url': 'https://www.tesco.com/groceries/en-GB/products/304788973', 'product_name': 'Thorntons Milk Chocolate Dinosaur Egg 151G', 'product_price': '£ 2.50', 'product_additionals': '£1.66/100g'}, {'shop': 'asda', 'url': 'https://groceries.asda.com/product/910000886985', 'product_name': 'Dr. Moo Quick Strawberry Milk Magic Sipper', 'product_price': '£1.00', 'product_additionals': '(£1.67/100g)'}, {'shop': 'asda', 'url': 'https://groceries.asda.com/product/1000129611142', 'product_name': 'ASDA Milk Chocolate & Salted Caramel Rice Cakes', 'product_price': '£1.59', 'product_additionals': '(£1.51/100g)'}, {'shop': 'tesco', 'url': 'https://www.tesco.com/groceries/en-GB/products/305554367', 'product_name': 'Quality Street Milk Chocolate Giant Egg 311G', 'product_price': '£ 5.00', 'product_additionals': '£1.61/100g'}, {'shop': 'tesco', 'url': 'https://www.tesco.com/groceries/en-GB/products/297738842', 'product_name': 'Lindt Lindor Milk Mint 200G', 'product_price': '£ 5.00', 'product_additionals': '£2.50/100g'}, {'shop': 'tesco', 'url': 'https://www.tesco.com/groceries/en-GB/products/295065362', 'product_name': 'Thorntons Milk Chocolate Bunny 200G', 'product_price': '£ 4.00', 'product_additionals': '£2.00/100g'}, {'shop': 'asda', 'url': 'https://groceries.asda.com/product/1000236571380', 'product_name': 'Cadbury Dairy Milk Jingly Bells Hazelnut Creme Chocolate Bag', 'product_price': '£1.00', 'product_additionals': '(£1.22/100g)'}, {'shop': 'asda', 'url': 'https://groceries.asda.com/product/1000073094536', 'product_name': 'Galaxy Smooth Milk Chocolate Christmas Advent Calendar', 'product_price': '£2.00', 'product_additionals': '(£1.82/100g)'}, {'shop': 'tesco', 'url': 'https://www.tesco.com/groceries/en-GB/products/287230737', 'product_name': 'Celebrations Large Milk Chocolate Easter Egg & Chocolates 248G', 'product_price': '£ 3.00', 'product_additionals': '£1.21/100g'}, {'shop': 'tesco', 'url': 'https://www.tesco.com/groceries/en-GB/products/304791640', 'product_name': 'Lindt Gold Bunny Milk Chocolate 200G', 'product_price': '£ 4.00', 'product_additionals': '£2.00/100g'}, {'shop': 'tesco', 'url': 'https://www.tesco.com/groceries/en-GB/products/251095266', 'product_name': 'Lindt Gold Bunny Milk Chocolate 200G', 'product_price': '£ 4.00', 'product_additionals': '£2.00/100g'}, {'shop': 'asda', 'url': 'https://groceries.asda.com/product/1000158294551', 'product_name': 'Cadbury Dairy Milk 30% Less Sugar Chocolate Bar', 'product_price': '£0.55', 'product_additionals': '(£1.57/100g)'}, {'shop': 'asda', 'url': 'https://groceries.asda.com/product/910002819623', 'product_name': 'Cadbury Dairy Milk Chocolate Advent Calendar', 'product_price': '£1.50', 'product_additionals': '(£1.67/100g)'}, {'shop': 'tesco', 'url': 'https://www.tesco.com/groceries/en-GB/products/302932397', 'product_name': 'Tesco Slim Milk Chocolate Crunch Meal Replacement Bars 4X60g', 'product_price': '£ 4.00', 'product_additionals': '£1.67/100g'}, {'shop': 'tesco', 'url': 'https://www.tesco.com/groceries/en-GB/products/307343245', 'product_name': 'Cadbury Dairy Milk Caramel Easter Egg 286G', 'product_price': '£ 5.00', 'product_additionals': '£1.75/100g'}, {'shop': 'tesco', 'url': 'https://www.tesco.com/groceries/en-GB/products/277746822', 'product_name': 'Cadbury Dairy Milk Marvellous Creations Jelly Candy Bar 47G', 'product_price': '£ 0.60', 'product_additionals': '£1.28/100g'}, {'shop': 'tesco', 'url': 'https://www.tesco.com/groceries/en-GB/products/305548029', 'product_name': 'Smarties Bunny Milk Chocolate Hollow Figure 94G', 'product_price': '£ 2.00', 'product_additionals': '£2.13/100g'}, {'shop': 'asda', 'url': 'https://groceries.asda.com/product/1000107572027', 'product_name': 'Lindt Les Grandes Milk Chocolate Hazelnut Bar', 'product_price': '£2.50', 'product_additionals': '(£1.67/100g)'}, {'shop': 'asda', 'url': 'https://groceries.asda.com/product/910002593462', 'product_name': 'Lindt Lindor Milk Chocolate Truffles in a Bowl', 'product_price': '£9.00', 'product_additionals': '(£1.64/100g)'}, {'shop': 'tesco', 'url': 'https://www.tesco.com/groceries/en-GB/products/266526691', 'product_name': 'Ferrero Kinder Milk Slice 28G', 'product_price': '£ 0.70', 'product_additionals': '£2.50/100g'}, {'shop': 'asda', 'url': 'https://groceries.asda.com/product/1000236571458', 'product_name': 'Nestle Dairy Box Christmas Collection Milk Chocolate Assortment Box', 'product_price': '£6.00', 'product_additionals': '(£1.55/100g)'}, {'shop': 'asda', 'url': 'https://groceries.asda.com/product/910003081538', 'product_name': 'Lindt Lindor Orange Milk Chocolate Bar', 'product_price': '£0.75', 'product_additionals': '(£1.97/100g)'}, {'shop': 'tesco', 'url': 'https://www.tesco.com/groceries/en-GB/products/307136116', 'product_name': 'Cadbury Dairy Milk Fruit & Nut Easter Egg 302G', 'product_price': '£ 5.00', 'product_additionals': '£1.66/100g'}, {'shop': 'asda', 'url': 'https://groceries.asda.com/product/1000107814044', 'product_name': 'Milkybar White Chocolate Buttons Bag', 'product_price': '£0.25', 'product_additionals': '(£2.08/100g)'}, {'shop': 'tesco', 'url': 'https://www.tesco.com/groceries/en-GB/products/301603040', 'product_name': 'Stock Knoppers Milk And Nut Wafers 75G', 'product_price': '£ 1.50', 'product_additionals': '£0.20/10g'}, {'shop': 'asda', 'url': 'https://groceries.asda.com/product/1000235368566', 'product_name': 'Lindt Lindor Milk Chocolate Mini Truffles', 'product_price': '£1.50', 'product_additionals': '(£1.88/100g)'}, {'shop': 'tesco', 'url': 'https://www.tesco.com/groceries/en-GB/products/307140986', 'product_name': 'Lindt Lindor Mint Milk Chocolate Eggs 80G', 'product_price': '£ 1.50', 'product_additionals': '£1.88/100g'}, {'shop': 'tesco', 'url': 'https://www.tesco.com/groceries/en-GB/products/304788276', 'product_name': 'Galaxy Milk Chocolate Egg & Enchanted Milk Chocolate Eggs 234G', 'product_price': '£ 3.00', 'product_additionals': '£1.29/100g'}, {'shop': 'asda', 'url': 'https://groceries.asda.com/product/1000236571372', 'product_name': 'Cadbury Dairy Milk Chocolate Chunks Advent Calendar', 'product_price': '£4.00', 'product_additionals': '(£1.55/100g)'}, {'shop': 'asda', 'url': 'https://groceries.asda.com/product/1000070571716', 'product_name': 'ASDA Extra Special Salted Butterscotch Milk Chocolate Bar', 'product_price': '£1.40', 'product_additionals': '(£1.40/100g)'}, {'shop': 'tesco', 'url': 'https://www.tesco.com/groceries/en-GB/products/251277783', 'product_name': 'Lindt Excellence Extra Creamy Milk Chocolate Bar 100G', 'product_price': '£ 2.00', 'product_additionals': '£2.00/100g'}, {'shop': 'asda', 'url': 'https://groceries.asda.com/product/1000150186042', 'product_name': 'Smarties Milk Chocolate Christmas Penguin Multipack', 'product_price': '£1.50', 'product_additionals': '(£2.08/100g)'}, {'shop': 'asda', 'url': 'https://groceries.asda.com/product/450730', 'product_name': 'Milkybar Medium White Chocolate Bar', 'product_price': '£0.55', 'product_additionals': '(£2.20/100g)'}, {'shop': 'asda', 'url': 'https://groceries.asda.com/product/1000000987071', 'product_name': 'Lindt Lindor Milk Chocolate Bars 4 Pack', 'product_price': '£2.00', 'product_additionals': '(£2.00/100g)'}, {'shop': 'asda', 'url': 'https://groceries.asda.com/product/1000044365860', 'product_name': 'Lindt Lindor Milk Orange Chocolate Bars', 'product_price': '£2.00', 'product_additionals': '(£2.00/100g)'}, {'shop': 'tesco', 'url': 'https://www.tesco.com/groceries/en-GB/products/252476845', 'product_name': 'Kallo Organic Milk Chocolate Thin Rice Cakes 90G', 'product_price': '£ 1.49', 'product_additionals': '£1.66/100g'}, {'shop': 'tesco', 'url': 'https://www.tesco.com/groceries/en-GB/products/295375571', 'product_name': 'Cake Decor Choco Writer Milk Chocolate 80G', 'product_price': '£ 1.50', 'product_additionals': '£1.88/100g'}, {'shop': 'tesco', 'url': 'https://www.tesco.com/groceries/en-GB/products/308101951', 'product_name': 'Milkybar White Chocolate Bunny 44G', 'product_price': '£ 1.00', 'product_additionals': '£2.28/100g'}, {'shop': 'tesco', 'url': 'https://www.tesco.com/groceries/en-GB/products/308088568', 'product_name': 'Milkybar White Chocolate Bunny 88G', 'product_price': '£ 2.00', 'product_additionals': '£2.28/100g'}, {'shop': 'tesco', 'url': 'https://www.tesco.com/groceries/en-GB/products/307755558', 'product_name': 'Lindt Mini Milk Chocolate Eggs 177G', 'product_price': '£ 4.00', 'product_additionals': '£2.26/100g'}, {'shop': 'tesco', 'url': 'https://www.tesco.com/groceries/en-GB/products/307961066', 'product_name': 'Smarties Milk Chocolate Easter Egg Hunt 8 Pack 140G', 'product_price': '£ 3.00', 'product_additionals': '£2.15/100g'}, {'shop': 'tesco', 'url': 'https://www.tesco.com/groceries/en-GB/products/285692803', 'product_name': 'Cadbury Dairy Milk Buttons Treat Size Buttons 170G', 'product_price': '£ 2.79', 'product_additionals': '£1.65/100g'}, {'shop': 'tesco', 'url': 'https://www.tesco.com/groceries/en-GB/products/287221040', 'product_name': 'Nestle Yorkie Milk Chocolate Easter Egg & Chocolate 336G', 'product_price': '£ 5.00', 'product_additionals': '£1.49/100g'}, {'shop': 'asda', 'url': 'https://groceries.asda.com/product/910000464913', 'product_name': 'Cadbury Milk Chocolate Tree Decorations 9 Pack', 'product_price': '£1.50', 'product_additionals': '(£1.79/100g)'}, {'shop': 'asda', 'url': 'https://groceries.asda.com/product/1000235368486', 'product_name': 'Lindt Lindor Milk Selection Box', 'product_price': '£6.00', 'product_additionals': '(£2.56/100g)'}, {'shop': 'asda', 'url': 'https://groceries.asda.com/product/1000159964014', 'product_name': 'Thorntons Milk Chocolate Cheeky Elf Model', 'product_price': '£4.00', 'product_additionals': '(£2.00/100g)'}, {'shop': 'tesco', 'url': 'https://www.tesco.com/groceries/en-GB/products/279946951', 'product_name': 'Schmerlings Rosemarie Milk Chocolate 100G', 'product_price': '£ 2.69', 'product_additionals': '£0.27/10g'}, {'shop': 'asda', 'url': 'https://groceries.asda.com/product/1000235368534', 'product_name': 'Kinnerton Paw Patrol Clock & Milk Chocolate Treats', 'product_price': '£1.00', 'product_additionals': '(£1.69/100g)'}, {'shop': 'asda', 'url': 'https://groceries.asda.com/product/1000157579330', 'product_name': "Reese's 2 Milk ChocolateKing Size Peanut Butter Trees", 'product_price': '£1.00', 'product_additionals': '(£1.61/100g)'}, {'shop': 'asda', 'url': 'https://groceries.asda.com/product/1000210856879', 'product_name': 'Costa Dolce Gusto Compatible Signature Blend Latte 8 Milk & 8 Coffee Pods', 'product_price': '£4.50', 'product_additionals': '(£1.59/100g)'}, {'shop': 'tesco', 'url': 'https://www.tesco.com/groceries/en-GB/products/281879774', 'product_name': 'Mars Galaxy Milk Chocolate Ripple Easter Egg 286G', 'product_price': '£ 5.00', 'product_additionals': '£1.75/100g'}, {'shop': 'asda', 'url': 'https://groceries.asda.com/product/1000235368514', 'product_name': 'Kinnerton Barbie Vet Set with Milk Chocolate Treats', 'product_price': '£1.00', 'product_additionals': '(£1.69/100g)'}, {'shop': 'tesco', 'url': 'https://www.tesco.com/groceries/en-GB/products/272366605', 'product_name': 'Malteaster Minnie Bunnies Milk Chocolate Pouch 58G', 'product_price': '£ 1.00', 'product_additionals': '£1.73/100g'}, {'shop': 'asda', 'url': 'https://groceries.asda.com/product/1000161871363', 'product_name': 'ASDA Extra Special Milk Chocolate Honeycomb', 'product_price': '£2.00', 'product_additionals': '(£2.00/100g)'}, {'shop': 'tesco', 'url': 'https://www.tesco.com/groceries/en-GB/products/306816609', 'product_name': 'Gu Milk Chocolate Mousse & Ganache 2X70g', 'product_price': '£ 3.00', 'product_additionals': '£2.15/100g'}, {'shop': 'asda', 'url': 'https://groceries.asda.com/product/910000464636', 'product_name': 'Lindt Milk Chocolate Gold Reindeer', 'product_price': '£2.50', 'product_additionals': '(£2.50/100g)'}, {'shop': 'asda', 'url': 'https://groceries.asda.com/product/910000465511', 'product_name': 'Milkybar White Chocolate Christmas Advent Calendar', 'product_price': '£1.50', 'product_additionals': '(£1.76/100g)'}, {'shop': 'tesco', 'url': 'https://www.tesco.com/groceries/en-GB/products/307140433', 'product_name': 'Maltesers Mint Buttons & Milk Chocolate Egg 274G', 'product_price': '£ 5.00', 'product_additionals': '£1.83/100g'}, {'shop': 'asda', 'url': 'https://groceries.asda.com/product/1000112907115', 'product_name': 'Mallow & Marsh Vanilla Marshmallows Coated in Milk Chocolate', 'product_price': '£2.00', 'product_additionals': '(£2.00/100g)'}, {'shop': 'asda', 'url': 'https://groceries.asda.com/product/1000236571331', 'product_name': 'KitKat Santa Milk Chocolate Advent Calendar', 'product_price': '£4.00', 'product_additionals': '(£2.05/100g)'}, {'shop': 'tesco', 'url': 'https://www.tesco.com/groceries/en-GB/products/265923654', 'product_name': 'Cadbury Dairy Milk Extra Large Easter Egg 515G', 'product_price': '£ 10.00', 'product_additionals': '£1.95/100g'}, {'shop': 'asda', 'url': 'https://groceries.asda.com/product/1000049939218', 'product_name': 'Balin Milk Chocolate with Whole Pistachios', 'product_price': '£1.70', 'product_additionals': '(£2.12/100g)'}, {'shop': 'asda', 'url': 'https://groceries.asda.com/product/1000002934342', 'product_name': 'Kinder Happy Hippo Milk Chocolate and Hazelnut Biscuits Multipack 5 Pack', 'product_price': '£1.35', 'product_additionals': '(£1.31/100g)'}, {'shop': 'asda', 'url': 'https://groceries.asda.com/product/1000159963991', 'product_name': 'Thorntons Milk, Dark, White Classic Collection Chocolate Box', 'product_price': '£7.00', 'product_additionals': '(£1.56/100g)'}, {'shop': 'tesco', 'url': 'https://www.tesco.com/groceries/en-GB/products/261845954', 'product_name': 'Lindt Gold Bunny Milk Chocolate 100G', 'product_price': '£ 2.50', 'product_additionals': '£2.50/100g'}, {'shop': 'tesco', 'url': 'https://www.tesco.com/groceries/en-GB/products/303670290', 'product_name': 'Green & Blacks Organic Milk Chocolate 90G', 'product_price': '£ 2.00', 'product_additionals': '£2.23/100g'}, {'shop': 'asda', 'url': 'https://groceries.asda.com/product/1000234567246', 'product_name': 'Milky Way & Friends Chocolate Medium Christmas Selection Box', 'product_price': '£2.00', 'product_additionals': '(£1.57/100g)'}, {'shop': 'tesco', 'url': 'https://www.tesco.com/groceries/en-GB/products/251118878', 'product_name': 'Galaxy Milk Chocolate Indulgent Collection Easter Egg 308G', 'product_price': '£ 5.00', 'product_additionals': '£1.63/100g'}, {'shop': 'asda', 'url': 'https://groceries.asda.com/product/1000107814080', 'product_name': "Green & Black's Organic Milk Chocolate Bar", 'product_price': '£2.00', 'product_additionals': '(£2.22/100g)'}, {'shop': 'tesco', 'url': 'https://www.tesco.com/groceries/en-GB/products/281221971', 'product_name': 'Lindt Gold Bunny Milk & Hazelnut 100G', 'product_price': '£ 2.50', 'product_additionals': '£2.50/100g'}, {'shop': 'tesco', 'url': 'https://www.tesco.com/groceries/en-GB/products/304793718', 'product_name': 'Celebrations Milk Chocolate Egg With 14 Mini Chocolates 305G', 'product_price': '£ 5.00', 'product_additionals': '£1.64/100g'}, {'shop': 'asda', 'url': 'https://groceries.asda.com/product/910000562897', 'product_name': "Kellogg's Special K Milk Chocolate Delight Bars", 'product_price': '£1.99', 'product_additionals': '(£2.07/100g)'}, {'shop': 'asda', 'url': 'https://groceries.asda.com/product/1000236571462', 'product_name': 'Milkybar White Chocolate Christmas Reindeer', 'product_price': '£2.00', 'product_additionals': '(£2.27/100g)'}, {'shop': 'asda', 'url': 'https://groceries.asda.com/product/1000236571466', 'product_name': 'Milkybar White Chocolate Christmas Reindeer', 'product_price': '£1.00', 'product_additionals': '(£2.27/100g)'}, {'shop': 'asda', 'url': 'https://groceries.asda.com/product/910002999587', 'product_name': 'Kinder Cocco Milk & Coconut Sponge Cake', 'product_price': '£0.75', 'product_additionals': '(£2.50/100g)'}, {'shop': 'tesco', 'url': 'https://www.tesco.com/groceries/en-GB/products/305553938', 'product_name': 'Smarties Bunny Milk Chocolate Hollow Figure 18.5G', 'product_price': '£ 0.50', 'product_additionals': '£2.71/100g'}, {'shop': 'tesco', 'url': 'https://www.tesco.com/groceries/en-GB/products/307135479', 'product_name': 'Lindt Mini Eggs Milk Chocolate With Creamy Filling 80G', 'product_price': '£ 1.50', 'product_additionals': '£1.88/100g'}, {'shop': 'asda', 'url': 'https://groceries.asda.com/product/1000157579199', 'product_name': 'Lindt Lindor Gift Wrapped Milk Chocolates', 'product_price': '£7.00', 'product_additionals': '(£2.44/100g)'}, {'shop': 'tesco', 'url': 'https://www.tesco.com/groceries/en-GB/products/304403675', 'product_name': 'Maltesers Milk Chocolate Egg With 3 Bags Of Buttons 274G', 'product_price': '£ 5.00', 'product_additionals': '£1.83/100g'}, {'shop': 'asda', 'url': 'https://groceries.asda.com/product/1000094101717', 'product_name': 'Cadbury Milk Chocolate and Oreo Tree Decorations 14 Pack', 'product_price': '£2.50', 'product_additionals': '(£1.84/100g)'}, {'shop': 'tesco', 'url': 'https://www.tesco.com/groceries/en-GB/products/306503726', 'product_name': 'Lindt Lindor Milk Truffles 37G', 'product_price': '£ 1.20', 'product_additionals': '£3.25/100g'}, {'shop': 'tesco', 'url': 'https://www.tesco.com/groceries/en-GB/products/295065932', 'product_name': 'Cadbury Dairy Milk Chocolate Easter Hollow Bunny 50G', 'product_price': '£ 1.00', 'product_additionals': '£2.00/100g'}, {'shop': 'tesco', 'url': 'https://www.tesco.com/groceries/en-GB/products/306648883', 'product_name': 'Nannycare 1 Goat Milk Based Infant Milk 900G', 'product_price': '£ 21.00', 'product_additionals': '£23.34/kg'}, {'shop': 'tesco', 'url': 'https://www.tesco.com/groceries/en-GB/products/308093014', 'product_name': 'Milkybar White Chocolate Bunny 17G', 'product_price': '£ 0.50', 'product_additionals': '£2.95/100g'}, {'shop': 'tesco', 'url': 'https://www.tesco.com/groceries/en-GB/products/307159589', 'product_name': 'Buttermilk Dairy Free Salted Caramel Cups 100G', 'product_price': '£ 3.00', 'product_additionals': '£3.00/100g'}, {'shop': 'tesco', 'url': 'https://www.tesco.com/groceries/en-GB/products/295065955', 'product_name': 'Cadbury Dairy Milk Chocolate Easter Hollow Bunny 100G', 'product_price': '£ 2.00', 'product_additionals': '£2.00/100g'}, {'shop': 'tesco', 'url': 'https://www.tesco.com/groceries/en-GB/products/304411947', 'product_name': 'Lindt Excellence Milk Sea Salt Caramel Chocolate 100G', 'product_price': '£ 2.00', 'product_additionals': '£2.00/100g'}, {'shop': 'tesco', 'url': 'https://www.tesco.com/groceries/en-GB/products/259183944', 'product_name': 'Lindt Lindor Milk Chocolate Truffles Carton 337G', 'product_price': '£ 7.40', 'product_additionals': '£2.20/100g'}, {'shop': 'tesco', 'url': 'https://www.tesco.com/groceries/en-GB/products/307150421', 'product_name': 'Buttermilk Dairy Free Peanut Butter Crunch 100G', 'product_price': '£ 3.00', 'product_additionals': '£3.00/100g'}, {'shop': 'tesco', 'url': 'https://www.tesco.com/groceries/en-GB/products/301045279', 'product_name': 'Fibre One Milk Chocolate Popcorn Bars 4 X 21G', 'product_price': '£ 1.99', 'product_additionals': '£2.37/100g'}, {'shop': 'tesco', 'url': 'https://www.tesco.com/groceries/en-GB/products/273566384', 'product_name': 'Cadbury Highlights Milk Stickpack11g', 'product_price': '£ 0.32', 'product_additionals': '£2.91/100g'}, {'shop': 'tesco', 'url': 'https://www.tesco.com/groceries/en-GB/products/257054162', 'product_name': 'Lindt Gold Bunny Milk Chocolate 50G', 'product_price': '£ 1.50', 'product_additionals': '£3.00/100g'}, {'shop': 'tesco', 'url': 'https://www.tesco.com/groceries/en-GB/products/271765198', 'product_name': 'Kinder Milk Chocolate Easter Mini Figures 6 X 15G', 'product_price': '£ 2.00', 'product_additionals': '£2.23/100g'}, {'shop': 'asda', 'url': 'https://groceries.asda.com/product/1000208077873', 'product_name': 'Lindt Lindor Milk Chocolate Truffles Box', 'product_price': '£1.00', 'product_additionals': '(£2.70/100g)'}, {'shop': 'tesco', 'url': 'https://www.tesco.com/groceries/en-GB/products/306664172', 'product_name': 'Nannycare 2 Goat Milk Based Follow On Milk 900G', 'product_price': '£ 21.00', 'product_additionals': '£2.34/100g'}, {'shop': 'tesco', 'url': 'https://www.tesco.com/groceries/en-GB/products/302318589', 'product_name': 'Lindt Lindor Milk & White Chocolate Box 200G', 'product_price': '£ 5.00', 'product_additionals': '£2.50/100g'}, {'shop': 'tesco', 'url': 'https://www.tesco.com/groceries/en-GB/products/302273139', 'product_name': 'Lindt Milk Chocolate & Hazelnut Wafer 30G', 'product_price': '£ 0.80', 'product_additionals': '£2.67/100g'}, {'shop': 'tesco', 'url': 'https://www.tesco.com/groceries/en-GB/products/272228804', 'product_name': "Kellogg's Special K Milk Chocolate Chewy Delight 4X24g", 'product_price': '£ 1.99', 'product_additionals': '£2.08/100g'}, {'shop': 'tesco', 'url': 'https://www.tesco.com/groceries/en-GB/products/306651918', 'product_name': 'Nannycare 3 Goat Milk Based Growing Up Milk 900G', 'product_price': '£ 21.00', 'product_additionals': '£23.34/kg'}, {'shop': 'asda', 'url': 'https://groceries.asda.com/product/1000157579301', 'product_name': 'Lindt Excellence Milk 45% Cocoa Chocolate Bar', 'product_price': '£1.99', 'product_additionals': '(£2.49/100g)'}, {'shop': 'asda', 'url': 'https://groceries.asda.com/product/1000157579304', 'product_name': 'Lindt Excellence Milk 55% Cocoa Chocolate Bar', 'product_price': '£1.99', 'product_additionals': '(£2.49/100g)'}, {'shop': 'asda', 'url': 'https://groceries.asda.com/product/1000157579361', 'product_name': 'Lindt Excellence Milk 65% Cocoa Chocolate Bar', 'product_price': '£1.99', 'product_additionals': '(£2.49/100g)'}, {'shop': 'tesco', 'url': 'https://www.tesco.com/groceries/en-GB/products/292607176', 'product_name': 'Reeses Milk Chocolate Peanut Butter Cups Minis 70G', 'product_price': '£ 1.60', 'product_additionals': '£2.29/100g'}, {'shop': 'tesco', 'url': 'https://www.tesco.com/groceries/en-GB/products/306948067', 'product_name': 'Lindt Lindor Milk Mini Chocolate Pouch 90G', 'product_price': '£ 2.50', 'product_additionals': '£2.78/100g'}, {'shop': 'tesco', 'url': 'https://www.tesco.com/groceries/en-GB/products/302862387', 'product_name': 'Lindt Lindor Milk Chocolate Shell Egg 215G', 'product_price': '£ 6.00', 'product_additionals': '£2.80/100g'}, {'shop': 'tesco', 'url': 'https://www.tesco.com/groceries/en-GB/products/250265770', 'product_name': 'Lindt Lindor Milk Chocolate Truffles Carton 200G', 'product_price': '£ 5.00', 'product_additionals': '£2.50/100g'}, {'shop': 'tesco', 'url': 'https://www.tesco.com/groceries/en-GB/products/302295999', 'product_name': 'Thorntons Classic Collection Of Milk, Dark & White Chocolate 449G', 'product_price': '£ 8.50', 'product_additionals': '£1.90/100g'}, {'shop': 'tesco', 'url': 'https://www.tesco.com/groceries/en-GB/products/302284587', 'product_name': 'Lindt Excellence 55% Milk Chocolate Cocoa Bar 80G', 'product_price': '£ 2.00', 'product_additionals': '£2.50/100g'}, {'shop': 'tesco', 'url': 'https://www.tesco.com/groceries/en-GB/products/302300327', 'product_name': 'Lindt Excellence 65% Milk Chocolate Cocoa Bar 80G', 'product_price': '£ 2.00', 'product_additionals': '£2.50/100g'}, {'shop': 'asda', 'url': 'https://groceries.asda.com/product/910002078031', 'product_name': 'Lindt Lindor Orange Milk Chocolate Truffles with a Smooth Melting Filling', 'product_price': '£3.50', 'product_additionals': '(£1.75/100g)'}, {'shop': 'asda', 'url': 'https://groceries.asda.com/product/1000169694818', 'product_name': 'Kinnerton Peppa Pig Milk Chocolate Advent Calendar', 'product_price': '£1.00', 'product_additionals': '(£2.50/100g)'}, {'shop': 'tesco', 'url': 'https://www.tesco.com/groceries/en-GB/products/307361528', 'product_name': 'Cadbury Dairy Milk Ultimate Chopped Nut Easter Egg 518G', 'product_price': '£ 12.00', 'product_additionals': '£2.32/100g'}, {'shop': 'asda', 'url': 'https://groceries.asda.com/product/1000169694810', 'product_name': 'Kinnerton PAW Patrol Milk Chocolate Advent Calendar', 'product_price': '£1.00', 'product_additionals': '(£2.50/100g)'}, {'shop': 'asda', 'url': 'https://groceries.asda.com/product/1000062381281', 'product_name': 'Fibre One 90 Calorie Milk Chocolate Popcorn Bars 4 Pack', 'product_price': '£2.00', 'product_additionals': '(£2.38/100g)'}, {'shop': 'asda', 'url': 'https://groceries.asda.com/product/1000217916076', 'product_name': 'GU Milk Chocolate Mousse with Ganache Desserts', 'product_price': '£2.00', 'product_additionals': '(£2.86/100g)'}, {'shop': 'tesco', 'url': 'https://www.tesco.com/groceries/en-GB/products/304399621', 'product_name': 'Lindt Gold Bunny Milk Chocolate Egg 460G', 'product_price': '£ 15.00', 'product_additionals': '£3.27/100g'}, {'shop': 'tesco', 'url': 'https://www.tesco.com/groceries/en-GB/products/307339406', 'product_name': 'Cadbury Dairy Milk Orange Giant Buttons Easter Egg 410G', 'product_price': '£ 10.00', 'product_additionals': '£2.44/100g'}, {'shop': 'tesco', 'url': 'https://www.tesco.com/groceries/en-GB/products/304794752', 'product_name': "Reese's Milk Chocolate Egg With 3 Peanut Butter Creme Eggs 232G", 'product_price': '£ 5.00', 'product_additionals': '£2.16/100g'}, {'shop': 'asda', 'url': 'https://groceries.asda.com/product/1000000982681', 'product_name': 'Thorntons Continental Milk, Dark, White Chocolate Gift Box', 'product_price': '£7.00', 'product_additionals': '(£2.46/100g)'}, {'shop': 'tesco', 'url': 'https://www.tesco.com/groceries/en-GB/products/304790854', 'product_name': 'Lindt Gold Bunny Milk Chocolate Egg 115G', 'product_price': '£ 4.00', 'product_additionals': '£3.48/100g'}, {'shop': 'tesco', 'url': 'https://www.tesco.com/groceries/en-GB/products/302862404', 'product_name': 'Lindt Lindor Assorted Milk Chocolate Shell Egg 215G', 'product_price': '£ 6.00', 'product_additionals': '£2.80/100g'}, {'shop': 'tesco', 'url': 'https://www.tesco.com/groceries/en-GB/products/304788656', 'product_name': 'Galaxy Milk Chocolate Egg Plus Enchanted Milk Chocolate Eggs 528G', 'product_price': '£ 12.00', 'product_additionals': '£2.28/100g'}, {'shop': 'tesco', 'url': 'https://www.tesco.com/groceries/en-GB/products/304782858', 'product_name': "Green & Black's Milk Chocolate Large Shell Egg 345G", 'product_price': '£ 10.00', 'product_additionals': '£2.90/100g'}, {'shop': 'tesco', 'url': 'https://www.tesco.com/groceries/en-GB/products/304799954', 'product_name': 'Galaxy Milk Chocolate Egg With Truffles 301G', 'product_price': '£ 10.00', 'product_additionals': '£3.33/100g'}, {'shop': 'tesco', 'url': 'https://www.tesco.com/groceries/en-GB/products/307355542', 'product_name': "Montezuma's Like No Udder Milk Chocolate Chocolate Alternative Organic 90G", 'product_price': '£ 2.50', 'product_additionals': '£2.78/100g'}, {'shop': 'asda', 'url': 'https://groceries.asda.com/product/1000118028700', 'product_name': 'Dairylea Snackers Cheese & Crackers with Cadbury Dairy Milk Giant Buttons', 'product_price': '£1.55', 'product_additionals': '(£21.29/kg)'}, {'shop': 'tesco', 'url': 'https://www.tesco.com/groceries/en-GB/products/307736282', 'product_name': 'Buttermilk Dairy Free Zingy Orange Egg Chocolate Bar 165G', 'product_price': '£ 6.00', 'product_additionals': '£3.64/100g'}, {'shop': 'tesco', 'url': 'https://www.tesco.com/groceries/en-GB/products/307750206', 'product_name': 'Buttermilk Dairy Free Salted Caramel Crunch Easter Egg 165G', 'product_price': '£ 6.00', 'product_additionals': '£3.64/100g'}, {'shop': 'tesco', 'url': 'https://www.tesco.com/groceries/en-GB/products/307363630', 'product_name': 'Thorntons Continental Milk Chocolate Easter Egg 257G', 'product_price': '£ 8.00', 'product_additionals': '£3.12/100g'}, {'shop': 'tesco', 'url': 'https://www.tesco.com/groceries/en-GB/products/302134817', 'product_name': 'Pro2go Peanut & Milk Chocolate Bar 60G', 'product_price': '£ 2.50', 'product_additionals': '£4.17/100g'}, {'shop': 'asda', 'url': 'https://groceries.asda.com/product/1000161871320', 'product_name': 'Thorntons Milk, Dark, White Classic Collection Gift Wrapped Chocolate Box', 'product_price': '£6.00', 'product_additionals': '(£2.29/100g)'}, {'shop': 'tesco', 'url': 'https://www.tesco.com/groceries/en-GB/products/307354537', 'product_name': 'Lindt Milk Chocolate Egg With Milk Lndor Truffles 260G', 'product_price': '£ 8.00', 'product_additionals': '£3.08/100g'}, {'shop': 'tesco', 'url': 'https://www.tesco.com/groceries/en-GB/products/304797294', 'product_name': 'Lindt Gold Bunny Milk Chocolate Egg 195G', 'product_price': '£ 8.00', 'product_additionals': '£4.11/100g'}, {'shop': 'tesco', 'url': 'https://www.tesco.com/groceries/en-GB/products/307159475', 'product_name': 'Lindt Milk Chocolate Egg With Lindor Mint Truffles 260G', 'product_price': '£ 8.00', 'product_additionals': '£3.08/100g'}, {'shop': 'tesco', 'url': 'https://www.tesco.com/groceries/en-GB/products/307341944', 'product_name': 'Lindt Milk Chocolate Egg With Milk & White Truffles 260G', 'product_price': '£ 8.00', 'product_additionals': '£3.08/100g'}, {'shop': 'tesco', 'url': 'https://www.tesco.com/groceries/en-GB/products/307137023', 'product_name': 'Lindt Milk Chocolate Egg With Salted Caramel Truffles 260G', 'product_price': '£ 8.00', 'product_additionals': '£3.08/100g'}, {'shop': 'tesco', 'url': 'https://www.tesco.com/groceries/en-GB/products/307157539', 'product_name': 'Lindt Milk Chocolate Egg With Lindor Assorted Truffles 260G', 'product_price': '£ 8.00', 'product_additionals': '£3.08/100g'}, {'shop': 'asda', 'url': 'https://groceries.asda.com/product/1000235368506', 'product_name': 'Lindt Lindor Milk Chocolate Truffles, Hearts & Square Advent Calendar', 'product_price': '£8.00', 'product_additionals': '(£2.67/100g)'}, {'shop': 'tesco', 'url': 'https://www.tesco.com/groceries/en-GB/products/264358155', 'product_name': 'Lindt Gold Milk Chocolate Easter Bunny 5 X 10G', 'product_price': '£ 2.00', 'product_additionals': '£4.00/100g'}, {'shop': 'tesco', 'url': 'https://www.tesco.com/groceries/en-GB/products/297058097', 'product_name': 'Thorntons Dark Continental Milk White Chocolates 284G', 'product_price': '£ 10.00', 'product_additionals': '£3.53/100g'}, {'shop': 'asda', 'url': 'https://groceries.asda.com/product/1000236571352', 'product_name': 'Cadbury Dairy Milk Freddo Little Treasures Chocolate Tin', 'product_price': '£3.00', 'product_additionals': '(£3.61/100g)'}, {'shop': 'asda', 'url': 'https://groceries.asda.com/product/910002075685', 'product_name': "Lindt Santa's Little Helpers Milk Chocolate 5 Pieces", 'product_price': '£2.00', 'product_additionals': '(£4.00/100g)'}, {'shop': 'asda', 'url': 'https://groceries.asda.com/product/1000001955109', 'product_name': 'Lindt Santa, Sleigh & 5 Gold Reindeer Milk Chocolates', 'product_price': '£2.00', 'product_additionals': '(£4.00/100g)'}, {'shop': 'tesco', 'url': 'https://www.tesco.com/groceries/en-GB/products/297058391', 'product_name': 'Thorntons Dark Continental Milk White Chocolates 142G', 'product_price': '£ 6.00', 'product_additionals': '£4.23/100g'}, {'shop': 'tesco', 'url': 'https://www.tesco.com/groceries/en-GB/products/307359123', 'product_name': 'Lindt Milk Chocolate Egg With Assorted Truffles 348G', 'product_price': '£ 15.00', 'product_additionals': '£4.32/100g'}, {'shop': 'asda', 'url': 'https://groceries.asda.com/product/1000235368538', 'product_name': 'Kinnerton Crayola Colour-in Mug with Milk Chocolate Bars', 'product_price': '£1.00', 'product_additionals': '(£4.17/100g)'}, {'shop': 'tesco', 'url': 'https://www.tesco.com/groceries/en-GB/products/307361315', 'product_name': 'Lindt Milk Chocolate Egg With Lindor Milk Truffles 348G', 'product_price': '£ 15.00', 'product_additionals': '£4.32/100g'}, {'shop': 'asda', 'url': 'https://groceries.asda.com/product/1000107814032', 'product_name': 'Cadbury Dairy Milk Freddo Treasures Chocolate with Toy', 'product_price': '£0.65', 'product_additionals': '(£4.51/100g)'}, {'shop': 'asda', 'url': 'https://groceries.asda.com/product/1000179027729', 'product_name': 'Lindt Teddy Milk Chocolate Teddy Tree Decorations', 'product_price': '£3.00', 'product_additionals': '(£5.00/100g)'}, {'shop': 'tesco', 'url': 'https://www.tesco.com/groceries/en-GB/products/304791824', 'product_name': 'Ferrero Collection Milk Chocolate Egg With 6 Specialities 239.8G', 'product_price': '£ 10.00', 'product_additionals': '£4.18/100g'}, {'shop': 'asda', 'url': 'https://groceries.asda.com/product/910001083519', 'product_name': 'ASDA Malted Milk', 'product_price': '£0.30', 'product_additionals': '(15.0p/100g)'}, {'shop': 'tesco', 'url': 'https://www.tesco.com/groceries/en-GB/products/307342102', 'product_name': 'Cadbury Dairy Milk Peter Rabbit Egg 72G', 'product_price': '£ 6.00', 'product_additionals': '£8.34/100g'}, {'shop': 'asda', 'url': 'https://groceries.asda.com/product/910000202645', 'product_name': 'Desi Wholemilk Natural Yogurt', 'product_price': '£0.67', 'product_additionals': '(15.8p/100g)'}, {'shop': 'asda', 'url': 'https://groceries.asda.com/product/9430945', 'product_name': 'ASDA Evaporated Semi-Skimmed Milk', 'product_price': '£0.58', 'product_additionals': '(14.1p/100g)'}, {'shop': 'tesco', 'url': 'https://www.tesco.com/groceries/en-GB/products/295409711', 'product_name': 'Kinder Chocolate Mini Milk Chocolate Bar & Lamb Toy 73G', 'product_price': '£ 5.00', 'product_additionals': '£6.85/100g'}, {'shop': 'asda', 'url': 'https://groceries.asda.com/product/1000235368434', 'product_name': 'Kinnerton Peppa Pig Hand Puppet with Milk Chocolate Treats', 'product_price': '£4.00', 'product_additionals': '(£7.55/100g)'}, {'shop': 'asda', 'url': 'https://groceries.asda.com/product/23162', 'product_name': 'ASDA Milk Chocolate Digestives', 'product_price': '£0.42', 'product_additionals': '(14.0p/100g)'}, {'shop': 'tesco', 'url': 'https://www.tesco.com/groceries/en-GB/products/307356760', 'product_name': 'Cadbury Dairy Milk Peter Rabbit Easter Egg 100G', 'product_price': '£ 10.00', 'product_additionals': '£10.00/100g'}, {'shop': 'asda', 'url': 'https://groceries.asda.com/product/1000240590377', 'product_name': 'Lebkuchen Milk Chocolate Rounds Biscuits', 'product_price': '£0.25', 'product_additionals': '(12.5p/100g)'}, {'shop': 'asda', 'url': 'https://groceries.asda.com/product/1000000473614', 'product_name': 'Lancashire Farm Wholemilk Natural Yogurt', 'product_price': '£0.80', 'product_additionals': '(17.0p/100g)'}, {'shop': 'asda', 'url': 'https://groceries.asda.com/product/1000037844241', 'product_name': 'ASDA Evaporated Milk', 'product_price': '£0.40', 'product_additionals': '(23.5p/100g)'}, {'shop': 'asda', 'url': 'https://groceries.asda.com/product/910000365333', 'product_name': 'ASDA Condensed Milk', 'product_price': '£1.05', 'product_additionals': '(26.5p/100g)'}, {'shop': 'asda', 'url': 'https://groceries.asda.com/product/1000226920920', 'product_name': 'Milkybar Desserts', 'product_price': '£1.00', 'product_additionals': '(30.3p/100g)'}, {'shop': 'asda', 'url': 'https://groceries.asda.com/product/910002383193', 'product_name': 'Island Sun Evaporated Milk', 'product_price': '£0.90', 'product_additionals': '(21.9p/100g)'}, {'shop': 'asda', 'url': 'https://groceries.asda.com/product/19432', 'product_name': 'Carnation Evaporated Milk', 'product_price': '£1.10', 'product_additionals': '(26.8p/100g)'}, {'shop': 'asda', 'url': 'https://groceries.asda.com/product/1000226920902', 'product_name': 'Milkybar Desserts', 'product_price': '£1.00', 'product_additionals': '(38.5p/100g)'}, {'shop': 'asda', 'url': 'https://groceries.asda.com/product/36473', 'product_name': 'Warburtons White Milk Roll Bread', 'product_price': '£0.95', 'product_additionals': '(23.8p/100g)'}, {'shop': 'asda', 'url': 'https://groceries.asda.com/product/1905507', 'product_name': 'Carnation Condensed Milk', 'product_price': '£1.39', 'product_additionals': '(35.0p/100g)'}, {'shop': 'asda', 'url': 'https://groceries.asda.com/product/80165777', 'product_name': 'ASDA Milk Chocolate', 'product_price': '£0.65', 'product_additionals': '(43.3p/100g)'}, {'shop': 'asda', 'url': 'https://groceries.asda.com/product/910000770545', 'product_name': 'ASDA Milk Chocolate Spread', 'product_price': '£1.37', 'product_additionals': '(34.2p/100g)'}, {'shop': 'asda', 'url': 'https://groceries.asda.com/product/1000197472297', 'product_name': 'ASDA Breakfast Biscuits Milk & Cereal 8 x 50g', 'product_price': '£0.84', 'product_additionals': '(21.0p/100g)'}, {'shop': 'asda', 'url': 'https://groceries.asda.com/product/395104', 'product_name': 'ASDA Chocolate Malted Milks', 'product_price': '£0.85', 'product_additionals': '(34.0p/100g)'}, {'shop': 'asda', 'url': 'https://groceries.asda.com/product/1000005035383', 'product_name': "McVitie's Milk Chocolate Hobnobs Twin Pack", 'product_price': '£1.50', 'product_additionals': '(23.6p/100g)'}, {'shop': 'asda', 'url': 'https://groceries.asda.com/product/910002082921', 'product_name': 'ASDA Milk Chocolate Bar', 'product_price': '£0.85', 'product_additionals': '(42.5p/100g)'}, {'shop': 'asda', 'url': 'https://groceries.asda.com/product/1000046413081', 'product_name': "McVitie's Digestives Milk Chocolate Twin Pack", 'product_price': '£1.50', 'product_additionals': '(23.7p/100g)'}, {'shop': 'asda', 'url': 'https://groceries.asda.com/product/1905509', 'product_name': 'Carnation Light Condensed Milk', 'product_price': '£1.39', 'product_additionals': '(34.3p/100g)'}, {'shop': 'asda', 'url': 'https://groceries.asda.com/product/19431', 'product_name': 'Carnation Evaporated Milk', 'product_price': '£0.70', 'product_additionals': '(41.2p/100g)'}, {'shop': 'asda', 'url': 'https://groceries.asda.com/product/32825', 'product_name': 'ASDA Smart Price Milk Chocolate Digestive Bars', 'product_price': '£1.25', 'product_additionals': '(32.9p/100g)'}, {'shop': 'asda', 'url': 'https://groceries.asda.com/product/20760', 'product_name': 'Yakult Fermented Milk', 'product_price': '£3.00', 'product_additionals': '(65.9p/100g)'}, {'shop': 'asda', 'url': 'https://groceries.asda.com/product/910002040524', 'product_name': 'Milkybar Mousses', 'product_price': '£1.40', 'product_additionals': '(63.6p/100g)'}, {'shop': 'asda', 'url': 'https://groceries.asda.com/product/1000235168241', 'product_name': "Terry's Limited Edition Milk Chocolate Orange & Cranberry Bar", 'product_price': '£0.25', 'product_additionals': '(27.8p/100g)'}, {'shop': 'asda', 'url': 'https://groceries.asda.com/product/910002235262', 'product_name': 'Cadbury Milk Chocolate Spread', 'product_price': '£3.00', 'product_additionals': '(42.9p/100g)'}, {'shop': 'asda', 'url': 'https://groceries.asda.com/product/20658', 'product_name': 'ASDA Milk Chocolate Chips', 'product_price': '£0.50', 'product_additionals': '(50.0p/100g)'}, {'shop': 'asda', 'url': 'https://groceries.asda.com/product/1000117784334', 'product_name': 'ASDA Milk Chocolate Sauce', 'product_price': '£1.50', 'product_additionals': '(50.0p/100g)'}, {'shop': 'asda', 'url': 'https://groceries.asda.com/product/1000048178951', 'product_name': "McVitie's Digestives Milk Chocolate", 'product_price': '£1.00', 'product_additionals': '(37.6p/100g)'}, {'shop': 'asda', 'url': 'https://groceries.asda.com/product/910000435379', 'product_name': 'ASDA Honey Nut Crunch with Milk Chocolate Curls', 'product_price': '£1.09', 'product_additionals': '(29.1p/100g)'}, {'shop': 'asda', 'url': 'https://groceries.asda.com/product/910002157230', 'product_name': 'Zott Milk & Chocolate Dessert', 'product_price': '£1.89', 'product_additionals': '(47.2p/100g)'}, {'shop': 'asda', 'url': 'https://groceries.asda.com/product/18232503', 'product_name': 'Nesquik Banana Milkshake Mix', 'product_price': '£1.50', 'product_additionals': '(50.0p/100g)'}, {'shop': 'asda', 'url': 'https://groceries.asda.com/product/1000007182869', 'product_name': "Kellogg's Krave Milk Chocolate", 'product_price': '£4.00', 'product_additionals': '(47.1p/100g)'}, {'shop': 'asda', 'url': 'https://groceries.asda.com/product/1000046667771', 'product_name': "Dunn's River Nurishment Original Milk Drink Vanilla Flavour", 'product_price': '£1.40', 'product_additionals': '(35.0p/100g)'}, {'shop': 'asda', 'url': 'https://groceries.asda.com/product/18232504', 'product_name': 'Nesquik Chocolate Milkshake Mix', 'product_price': '£1.50', 'product_additionals': '(50.0p/100g)'}, {'shop': 'asda', 'url': 'https://groceries.asda.com/product/910002082811', 'product_name': 'ASDA Fruit & Nut Milk Chocolate Bar', 'product_price': '£0.91', 'product_additionals': '(45.5p/100g)'}, {'shop': 'asda', 'url': 'https://groceries.asda.com/product/910002046737', 'product_name': "Dunn's River Original Banana Flavour Milk Drink", 'product_price': '£1.40', 'product_additionals': '(35.0p/100g)'}, {'shop': 'asda', 'url': 'https://groceries.asda.com/product/18232502', 'product_name': 'Nesquik Strawberry Milkshake Mix', 'product_price': '£1.50', 'product_additionals': '(50.0p/100g)'}, {'shop': 'asda', 'url': 'https://groceries.asda.com/product/1000113150656', 'product_name': 'Cadbury Chocolate Milkshake Jar', 'product_price': '£1.50', 'product_additionals': '(53.6p/100g)'}, {'shop': 'asda', 'url': 'https://groceries.asda.com/product/910002046500', 'product_name': "Dunn's River Original Vanilla Flavoured Milk Drink", 'product_price': '£1.40', 'product_additionals': '(35.0p/100g)'}, {'shop': 'asda', 'url': 'https://groceries.asda.com/product/61061636', 'product_name': 'Nido Full Cream Milk Powder', 'product_price': '£7.50', 'product_additionals': '(83.3p/100g)'}, {'shop': 'asda', 'url': 'https://groceries.asda.com/product/910001598288', 'product_name': 'ASDA Banana Flavoured Milkshake Mix', 'product_price': '£1.49', 'product_additionals': '(49.7p/100g)'}, {'shop': 'asda', 'url': 'https://groceries.asda.com/product/910002047153', 'product_name': "Dunn's River Original Chocolate Flavoured Milk Drink", 'product_price': '£1.40', 'product_additionals': '(35.0p/100g)'}, {'shop': 'asda', 'url': 'https://groceries.asda.com/product/1000052709811', 'product_name': "McVitie's Digestives Milk Chocolate", 'product_price': '£2.20', 'product_additionals': '(50.8p/100g)'}, {'shop': 'asda', 'url': 'https://groceries.asda.com/product/910002046591', 'product_name': "Dunn's River Original Strawberry Flavoured Milk Drink", 'product_price': '£1.40', 'product_additionals': '(35.0p/100g)'}, {'shop': 'asda', 'url': 'https://groceries.asda.com/product/1000205555287', 'product_name': 'ASDA Milk Chocolate Turkish Thins', 'product_price': '£1.00', 'product_additionals': '(55.6p/100g)'}, {'shop': 'asda', 'url': 'https://groceries.asda.com/product/910001079168', 'product_name': "McVitie's Hobnobs Milk Choc Biscuits", 'product_price': '£1.35', 'product_additionals': '(51.5p/100g)'}, {'shop': 'asda', 'url': 'https://groceries.asda.com/product/910001534397', 'product_name': "Fox's Viennese Milk Chocolate", 'product_price': '£0.75', 'product_additionals': '(62.5p/100g)'}, {'shop': 'asda', 'url': 'https://groceries.asda.com/product/1000178911419', 'product_name': 'Bounty Coconut Milk Chocolate Bars Multipack', 'product_price': '£1.99', 'product_additionals': '(43.6p/100g)'}, {'shop': 'asda', 'url': 'https://groceries.asda.com/product/1000072843086', 'product_name': "Terry's Chocolate Orange Milk", 'product_price': '£1.00', 'product_additionals': '(63.7p/100g)'}, {'shop': 'asda', 'url': 'https://groceries.asda.com/product/910001597412', 'product_name': 'ASDA Strawberry Flavoured Milkshake Mix', 'product_price': '£1.49', 'product_additionals': '(49.7p/100g)'}, {'shop': 'asda', 'url': 'https://groceries.asda.com/product/1000211461236', 'product_name': 'Milkybar Mixups Dessert White and Milk Chocolate Pot', 'product_price': '£1.00', 'product_additionals': '(38.5p/100g)'}, {'shop': 'asda', 'url': 'https://groceries.asda.com/product/910003043531', 'product_name': 'ASDA Extra Special Sea Salted Caramel & Milk Chocolate Granola', 'product_price': '£2.19', 'product_additionals': '(43.8p/100g)'}, {'shop': 'asda', 'url': 'https://groceries.asda.com/product/26916347', 'product_name': 'Nido Full Cream Milk Powder', 'product_price': '£3.77', 'product_additionals': '(94.2p/100g)'}, {'shop': 'asda', 'url': 'https://groceries.asda.com/product/910002976805', 'product_name': 'Milkybar Milk Slice', 'product_price': '£1.00', 'product_additionals': '(96.2p/100g)'}, {'shop': 'asda', 'url': 'https://groceries.asda.com/product/910001891811', 'product_name': 'Nesquik Milk Slices', 'product_price': '£1.00', 'product_additionals': '(96.2p/100g)'}, {'shop': 'asda', 'url': 'https://groceries.asda.com/product/910000821070', 'product_name': "Fox's Chunkie Milk Chocolate Cookies", 'product_price': '£1.00', 'product_additionals': '(55.6p/100g)'}, {'shop': 'asda', 'url': 'https://groceries.asda.com/product/1000157579228', 'product_name': 'ASDA Milk Chocolate Coins', 'product_price': '£2.00', 'product_additionals': '(76.9p/100g)'}, {'shop': 'asda', 'url': 'https://groceries.asda.com/product/1000088318843', 'product_name': 'ASDA Milk Chocolate Coins', 'product_price': '£0.59', 'product_additionals': '(78.7p/100g)'}, {'shop': 'asda', 'url': 'https://groceries.asda.com/product/1000003092302', 'product_name': 'Belvita Breakfast Biscuits Milk & Cereals 5 Pack', 'product_price': '£0.99', 'product_additionals': '(44.0p/100g)'}, {'shop': 'asda', 'url': 'https://groceries.asda.com/product/910001367831', 'product_name': 'ASDA Milk Chocolate Butter Biscuits', 'product_price': '£0.74', 'product_additionals': '(59.2p/100g)'}, {'shop': 'asda', 'url': 'https://groceries.asda.com/product/1000034704520', 'product_name': 'Smarties Milk Chocolate Sharing Bag', 'product_price': '£0.99', 'product_additionals': '(83.9p/100g)'}, {'shop': 'asda', 'url': 'https://groceries.asda.com/product/1000050944928', 'product_name': "McVitie's Hobnobs Thins Milk Chocolate", 'product_price': '£1.00', 'product_additionals': '(58.8p/100g)'}, {'shop': 'asda', 'url': 'https://groceries.asda.com/product/1000072842960', 'product_name': 'Smarties Pink Milk Chocolate Giant Tube', 'product_price': '£1.00', 'product_additionals': '(76.9p/100g)'}, {'shop': 'asda', 'url': 'https://groceries.asda.com/product/910002986391', 'product_name': "McVitie's Digestives Thins Milk Chocolate", 'product_price': '£1.00', 'product_additionals': '(55.6p/100g)'}, {'shop': 'asda', 'url': 'https://groceries.asda.com/product/1558656', 'product_name': 'Yorkie Milk Chocolate Biscuit Bar 7 Pack', 'product_price': '£1.00', 'product_additionals': '(58.3p/100g)'}, {'shop': 'asda', 'url': 'https://groceries.asda.com/product/1000210453294', 'product_name': 'Bonne Maman Chocolate Mousse with Whole Milk', 'product_price': '£1.00', 'product_additionals': '(71.4p/100g)'}, {'shop': 'asda', 'url': 'https://groceries.asda.com/product/910001805736', 'product_name': 'ASDA Milk Chocolate Buttons', 'product_price': '£0.25', 'product_additionals': '(83.3p/100g)'}, {'shop': 'asda', 'url': 'https://groceries.asda.com/product/910000272164', 'product_name': 'Kinder Milk & Honey Slice', 'product_price': '£1.25', 'product_additionals': '(89.3p/100g)'}, {'shop': 'asda', 'url': 'https://groceries.asda.com/product/1000034965894', 'product_name': 'Galaxy Smooth Milk Chocolate Block', 'product_price': '£1.00', 'product_additionals': '(90.9p/100g)'}, {'shop': 'asda', 'url': 'https://groceries.asda.com/product/910001192935', 'product_name': 'Galaxy Smooth Milk Chocolate Bars Multipack', 'product_price': '£1.25', 'product_additionals': '(74.4p/100g)'}, {'shop': 'asda', 'url': 'https://groceries.asda.com/product/1000034965816', 'product_name': 'Galaxy Smooth Milk Chocolate Large Gifting Block', 'product_price': '£2.50', 'product_additionals': '(69.4p/100g)'}, {'shop': 'asda', 'url': 'https://groceries.asda.com/product/910000396055', 'product_name': "Kellogg's Krave Milk Chocolate", 'product_price': '£2.99', 'product_additionals': '(79.7p/100g)'}, {'shop': 'asda', 'url': 'https://groceries.asda.com/product/1000122916899', 'product_name': 'ASDA Milk Chocolate Toffee Popcorn', 'product_price': '£1.00', 'product_additionals': '(71.4p/100g)'}, {'shop': 'asda', 'url': 'https://groceries.asda.com/product/910002437612', 'product_name': 'KitKat 4 Finger Milk Chocolate Bar, 4 Pack', 'product_price': '£0.98', 'product_additionals': '(59.0p/100g)'}, {'shop': 'asda', 'url': 'https://groceries.asda.com/product/23752', 'product_name': "Kellogg's Frosties Cereal & Milk Bars", 'product_price': '£1.00', 'product_additionals': '(66.7p/100g)'}, {'shop': 'asda', 'url': 'https://groceries.asda.com/product/910000522670', 'product_name': 'Smarties Milk Chocolate Sweets Tube Multipack 4 Pack', 'product_price': '£1.00', 'product_additionals': '(65.8p/100g)'}, {'shop': 'asda', 'url': 'https://groceries.asda.com/product/1000039942609', 'product_name': 'Swizzels Drumstick Squashies Original Raspberry & Milk Flavour', 'product_price': '£0.90', 'product_additionals': '(56.2p/100g)'}, {'shop': 'asda', 'url': 'https://groceries.asda.com/product/1000247072373', 'product_name': 'Cadbury Darkmilk Chocolate Bars 4 Pack', 'product_price': '£1.00', 'product_additionals': '(89.3p/100g)'}, {'shop': 'asda', 'url': 'https://groceries.asda.com/product/910001438257', 'product_name': 'Cadbury Dairy Milk Chocolate Bar 4 Pack', 'product_price': '£0.97', 'product_additionals': '(67.4p/100g)'}, {'shop': 'asda', 'url': 'https://groceries.asda.com/product/910002052812', 'product_name': 'Cadbury Milk Tray Chocolate Box', 'product_price': '£3.00', 'product_additionals': '(83.3p/100g)'}, {'shop': 'asda', 'url': 'https://groceries.asda.com/product/1000242811739', 'product_name': "McVitie's Digestives Christmas Pudding Milk Chocolate Biscuits", 'product_price': '£1.50', 'product_additionals': '(60.0p/100g)'}, {'shop': 'asda', 'url': 'https://groceries.asda.com/product/910001817488', 'product_name': 'Cadbury Dairy Milk Chocolate Bar', 'product_price': '£3.00', 'product_additionals': '(83.3p/100g)'}, {'shop': 'asda', 'url': 'https://groceries.asda.com/product/910000550514', 'product_name': 'Breakaway Milk Chocolate Biscuit Bar 8 Pack', 'product_price': '£1.00', 'product_additionals': '(65.5p/100g)'}, {'shop': 'asda', 'url': 'https://groceries.asda.com/product/1000039942723', 'product_name': "Kellogg's Special K Bar Milk Chocolate", 'product_price': '£1.00', 'product_additionals': '(74.1p/100g)'}, {'shop': 'asda', 'url': 'https://groceries.asda.com/product/910000562785', 'product_name': "Kellogg's Crunchy Nut Milk Chocolate Clusters", 'product_price': '£2.89', 'product_additionals': '(64.2p/100g)'}, {'shop': 'asda', 'url': 'https://groceries.asda.com/product/1000157579427', 'product_name': 'BIP Milk Chocolate Sprouts & Carrots', 'product_price': '£0.59', 'product_additionals': '(78.7p/100g)'}, {'shop': 'asda', 'url': 'https://groceries.asda.com/product/400814', 'product_name': 'Nesquik Chocolate Milk Slices', 'product_price': '£1.00', 'product_additionals': '(96.2p/100g)'}, {'shop': 'asda', 'url': 'https://groceries.asda.com/product/1000157579381', 'product_name': 'ASDA Milk Chocolate Hollow Santa', 'product_price': '£0.89', 'product_additionals': '(89.0p/100g)'}, {'shop': 'asda', 'url': 'https://groceries.asda.com/product/910001533680', 'product_name': "Fox's Chocolatey Milk Chocolate Rounds", 'product_price': '£1.00', 'product_additionals': '(76.9p/100g)'}, {'shop': 'asda', 'url': 'https://groceries.asda.com/product/1000232367042', 'product_name': 'KitKat 2 Finger Milk Chocolate Biscuit Bars', 'product_price': '£2.00', 'product_additionals': '(69.0p/100g)'}, {'shop': 'asda', 'url': 'https://groceries.asda.com/product/910002088827', 'product_name': 'ASDA Fun Size Milk Chocolate Bubblies 15 Pack', 'product_price': '£1.00', 'product_additionals': '(66.7p/100g)'}, {'shop': 'asda', 'url': 'https://groceries.asda.com/product/910001438778', 'product_name': 'Cadbury Dairy Milk Chocolate Bar', 'product_price': '£1.00', 'product_additionals': '(90.9p/100g)'}, {'shop': 'asda', 'url': 'https://groceries.asda.com/product/910000539461', 'product_name': 'Bounty Coconut Milk Chocolate Twin Bars Multipack 4 x 57g', 'product_price': '£1.25', 'product_additionals': '(54.8p/100g)'}, {'shop': 'asda', 'url': 'https://groceries.asda.com/product/1000197281169', 'product_name': 'Cadbury Darkmilk Giant Buttons Chocolate Bag', 'product_price': '£1.00', 'product_additionals': '(95.2p/100g)'}, {'shop': 'asda', 'url': 'https://groceries.asda.com/product/1000113394431', 'product_name': 'Galaxy Darker Milk Chocolate Block', 'product_price': '£1.00', 'product_additionals': '(90.9p/100g)'}, {'shop': 'asda', 'url': 'https://groceries.asda.com/product/1000157579344', 'product_name': 'ASDA Milk Chocolate Hollow Reindeer', 'product_price': '£0.89', 'product_additionals': '(89.0p/100g)'}, {'shop': 'asda', 'url': 'https://groceries.asda.com/product/23751', 'product_name': "Kellogg's Coco Pops Cereal & Milk Bars", 'product_price': '£1.00', 'product_additionals': '(83.3p/100g)'}, {'shop': 'asda', 'url': 'https://groceries.asda.com/product/1000242811762', 'product_name': "McVitie's Digestives Gingerbread Milk Chocolate Biscuits", 'product_price': '£1.50', 'product_additionals': '(60.0p/100g)'}, {'shop': 'asda', 'url': 'https://groceries.asda.com/product/1000157579204', 'product_name': 'BIP Milk Chocolate Snowmen & Snowballs 75g', 'product_price': '£0.59', 'product_additionals': '(78.7p/100g)'}, {'shop': 'asda', 'url': 'https://groceries.asda.com/product/1000136352523', 'product_name': 'ASDA Milk Chocolate Biscuit Selection', 'product_price': '£4.00', 'product_additionals': '(88.9p/100g)'}, {'shop': 'asda', 'url': 'https://groceries.asda.com/product/1000000462741', 'product_name': 'Alpen Cereal Bars Fruit & Nut with Milk Chocolate', 'product_price': '£1.00', 'product_additionals': '(69.0p/100g)'}, {'shop': 'asda', 'url': 'https://groceries.asda.com/product/910000878123', 'product_name': 'Cadbury Dairy Milk Caramel Chocolate Bar', 'product_price': '£1.00', 'product_additionals': '(83.3p/100g)'}, {'shop': 'asda', 'url': 'https://groceries.asda.com/product/1000228555993', 'product_name': 'Milky Way Crispy Rolls Chocolate Multipack', 'product_price': '£1.00', 'product_additionals': '(80.0p/100g)'}, {'shop': 'asda', 'url': 'https://groceries.asda.com/product/910002593443', 'product_name': 'Toblerone Milk Chocolate Large Bar', 'product_price': '£3.50', 'product_additionals': '(97.2p/100g)'}, {'shop': 'asda', 'url': 'https://groceries.asda.com/product/1000209848448', 'product_name': 'Milky Way Chocolate Bars Multipack 12 x 21.5g', 'product_price': '£1.99', 'product_additionals': '(77.1p/100g)'}, {'shop': 'asda', 'url': 'https://groceries.asda.com/product/1000137976558', 'product_name': 'Bahlsen PiCK UP! Choco & Milk Biscuit Bars 5 Pack', 'product_price': '£1.00', 'product_additionals': '(71.4p/100g)'}, {'shop': 'asda', 'url': 'https://groceries.asda.com/product/910001744184', 'product_name': 'Aero Milk Chocolate Bubbly Bar 4 Pack', 'product_price': '£1.00', 'product_additionals': '(92.6p/100g)'}, {'shop': 'asda', 'url': 'https://groceries.asda.com/product/910000813156', 'product_name': 'Cadbury Dairy Milk Whole Nut Chocolate Bar', 'product_price': '£1.00', 'product_additionals': '(83.3p/100g)'}, {'shop': 'asda', 'url': 'https://groceries.asda.com/product/910001139724', 'product_name': 'Cadbury Dairy Milk with Daim Chocolate Bar', 'product_price': '£1.00', 'product_additionals': '(83.3p/100g)'}, {'shop': 'asda', 'url': 'https://groceries.asda.com/product/493435', 'product_name': "Kellogg's Rice Krispies Cereal & Milk Bars", 'product_price': '£1.00', 'product_additionals': '(83.3p/100g)'}, {'shop': 'asda', 'url': 'https://groceries.asda.com/product/1000160202684', 'product_name': 'Cadbury Pots of Joy Dairy Milk Caramel Dessert', 'product_price': '£2.00', 'product_additionals': '(76.9p/100g)'}, {'shop': 'asda', 'url': 'https://groceries.asda.com/product/1000233167235', 'product_name': 'Cadbury Curly Wurly Milk Chocolate Bars 6 Pack', 'product_price': '£1.00', 'product_additionals': '(77.5p/100g)'}, {'shop': 'asda', 'url': 'https://groceries.asda.com/product/910002325542', 'product_name': "McVitie's Digestives Nibbles Milk Chocolate", 'product_price': '£1.00', 'product_additionals': '(83.3p/100g)'}, {'shop': 'asda', 'url': 'https://groceries.asda.com/product/910001367253', 'product_name': 'Bahlsen PiCK UP! Milk Chocolate Biscuit Bars 5 Pack', 'product_price': '£1.00', 'product_additionals': '(71.4p/100g)'}, {'shop': 'asda', 'url': 'https://groceries.asda.com/product/910000813200', 'product_name': 'Cadbury Dairy Milk Caramel Chocolate Bar', 'product_price': '£1.79', 'product_additionals': '(89.5p/100g)'}, {'shop': 'asda', 'url': 'https://groceries.asda.com/product/910000813099', 'product_name': 'Cadbury Dairy Milk Chocolate Sharing Bar', 'product_price': '£1.79', 'product_additionals': '(89.5p/100g)'}, {'shop': 'asda', 'url': 'https://groceries.asda.com/product/1000216902774', 'product_name': 'Cadbury Dairy Milk Daim Chocolate Dessert', 'product_price': '£0.75', 'product_additionals': '(88.2p/100g)'}, {'shop': 'asda', 'url': 'https://groceries.asda.com/product/1000169694811', 'product_name': 'Cadbury Dairy Milk Gingerbread Chocolate Bar', 'product_price': '£1.00', 'product_additionals': '(83.3p/100g)'}, {'shop': 'asda', 'url': 'https://groceries.asda.com/product/1000160202768', 'product_name': 'Cadbury Pots of Joy Dairy Milk Chocolate Dessert', 'product_price': '£2.00', 'product_additionals': '(76.9p/100g)'}, {'shop': 'asda', 'url': 'https://groceries.asda.com/product/910003081224', 'product_name': 'Swizzels Drumstick Squashies Mini Bags Raspberry & Milk Flavour 20 Pack', 'product_price': '£2.00', 'product_additionals': '(71.4p/100g)'}, {'shop': 'asda', 'url': 'https://groceries.asda.com/product/910000265061', 'product_name': 'Bounty Coconut Milk Chocolate Twin Bar', 'product_price': '£0.55', 'product_additionals': '(96.5p/100g)'}, {'shop': 'asda', 'url': 'https://groceries.asda.com/product/1000238377539', 'product_name': 'Cadbury Crunchie Rocks Milk Chocolate Bag', 'product_price': '£1.00', 'product_additionals': '(90.9p/100g)'}, {'shop': 'asda', 'url': 'https://groceries.asda.com/product/910000813043', 'product_name': 'Cadbury Dairy Milk Whole Nut Chocolate Bar', 'product_price': '£1.79', 'product_additionals': '(89.5p/100g)'}, {'shop': 'asda', 'url': 'https://groceries.asda.com/product/1000160202778', 'product_name': 'Cadbury Dairy Milk Chunks Chocolate Dessert', 'product_price': '£0.75', 'product_additionals': '(88.2p/100g)'}, {'shop': 'asda', 'url': 'https://groceries.asda.com/product/1000061868369', 'product_name': 'Aero Bubbles Milk Chocolate Sharing Bag', 'product_price': '£0.99', 'product_additionals': '(97.1p/100g)'}, {'shop': 'asda', 'url': 'https://groceries.asda.com/product/1000065970648', 'product_name': 'Blue Riband Original Milk Chocolate Wafer Biscuits 8 Pack', 'product_price': '£1.00', 'product_additionals': '(69.4p/100g)'}, {'shop': 'asda', 'url': 'https://groceries.asda.com/product/1000161632935', 'product_name': 'Milky Way Chocolate Fun Size Bars Multipack 14 Bars', 'product_price': '£1.75', 'product_additionals': '(77.1p/100g)'}, {'shop': 'asda', 'url': 'https://groceries.asda.com/product/910000813097', 'product_name': 'Cadbury Dairy Milk Fruit & Nut Chocolate Bar', 'product_price': '£1.79', 'product_additionals': '(89.5p/100g)'}, {'shop': 'asda', 'url': 'https://groceries.asda.com/product/1000065970685', 'product_name': 'Blue Riband Original Milk Chocolate Wafer Biscuits 16 Pack', 'product_price': '£2.00', 'product_additionals': '(69.4p/100g)'}, {'shop': 'asda', 'url': 'https://groceries.asda.com/product/910003122063', 'product_name': 'KitKat 2 Finger Milk Chocolate Biscuit Bar, 9 Pack', 'product_price': '£1.50', 'product_additionals': '(80.5p/100g)'}, {'shop': 'asda', 'url': 'https://groceries.asda.com/product/1000003092735', 'product_name': "Fox's Viennese Milk Chocolate Dipped Fingers", 'product_price': '£1.00', 'product_additionals': '(90.9p/100g)'}, {'shop': 'asda', 'url': 'https://groceries.asda.com/product/1000112663530', 'product_name': 'ASDA Extra Special Peruvian Milk Chocolate Bar', 'product_price': '£0.90', 'product_additionals': '(90.0p/100g)'}, {'shop': 'asda', 'url': 'https://groceries.asda.com/product/910002627704', 'product_name': 'Cadbury Dairy Milk Fruit and Nut Chocolate Bar', 'product_price': '£1.00', 'product_additionals': '(90.9p/100g)'}, {'shop': 'asda', 'url': 'https://groceries.asda.com/product/910001452441', 'product_name': 'Cadbury Dairy Milk Giant Buttons Chocolate Share Bag', 'product_price': '£0.98', 'product_additionals': '(82.3p/100g)'}, {'shop': 'asda', 'url': 'https://groceries.asda.com/product/910000420010', 'product_name': 'Cadbury Dairy Milk Freddo Chocolate Bar 6 Pack', 'product_price': '£1.00', 'product_additionals': '(92.6p/100g)'}, {'shop': 'asda', 'url': 'https://groceries.asda.com/product/1000157579365', 'product_name': 'BIP Milk Chocolate Christmas Puddings with Popping Candy', 'product_price': '£0.59', 'product_additionals': '(78.7p/100g)'}, {'shop': 'asda', 'url': 'https://groceries.asda.com/product/910002112474', 'product_name': 'Cadbury Dairy Milk Little Bars Chocolate 6 Pack', 'product_price': '£1.00', 'product_additionals': '(92.6p/100g)'}, {'shop': 'asda', 'url': 'https://groceries.asda.com/product/910001452094', 'product_name': 'Cadbury Dairy Milk Caramel Nibbles Chocolate Share Bag', 'product_price': '£1.00', 'product_additionals': '(83.3p/100g)'}, {'shop': 'asda', 'url': 'https://groceries.asda.com/product/1000236571488', 'product_name': 'Cadbury Dairy Milk Classic Collection Selection Box', 'product_price': '£4.00', 'product_additionals': '(93.0p/100g)'}, {'shop': 'asda', 'url': 'https://groceries.asda.com/product/1000034704361', 'product_name': 'Milkybar White Chocolate Giant Buttons Sharing Bag', 'product_price': '£0.99', 'product_additionals': '(96.1p/100g)'}, {'shop': 'asda', 'url': 'https://groceries.asda.com/product/1000194797186', 'product_name': "Terry's Chocolate Orange Milk Chocolate Bars 3 Pack", 'product_price': '£1.00', 'product_additionals': '(95.2p/100g)'}, {'shop': 'asda', 'url': 'https://groceries.asda.com/product/1000236571482', 'product_name': 'Cadbury Dairy Milk Classics Mixed Chocolate Chunks Pouch Bag', 'product_price': '£3.00', 'product_additionals': '(85.7p/100g)'}, {'shop': 'asda', 'url': 'https://groceries.asda.com/product/1000236571360', 'product_name': 'Cadbury Dairy Milk Freddo White Treasures Chocolate Carton', 'product_price': '£0.75', 'product_additionals': '(90.4p/100g)'}, {'shop': 'asda', 'url': 'https://groceries.asda.com/product/910002112245', 'product_name': 'Cadbury Dairy Milk Marvellous Smashables Jelly Popping Chocolate Bar', 'product_price': '£1.79', 'product_additionals': '(99.4p/100g)'}]


bestFromShops[[{'shop': 'asda', 'url': 'https://groceries.asda.com/product/910001113198', 'product_name': 'ASDA Milk Chocolate Loaf Cake', 'product_price': '£1.00', 'product_additionals': '(£1.00/each)'}], [], [{'shop': 'tesco', 'url': 'https://www.tesco.com/groceries/en-GB/products/300472638', 'product_name': "Ms Molly's 18 Milk Chocolate Digestive Bars", 'product_price': '£ 1.20', 'product_additionals': '£0.07/each'}], [], []]


