milk

Prod_checked
[{'shop': 'aldi', 'url': 'https://www.aldi.co.uk/2-buttermilk-fish-burgers/p/704491367526000', 'product_name': '2 Buttermilk Fish Burgers', 'product_price': '1.49', 'product_additionals': '£6.56 per kg'}, {'shop': 'sains', 'url': 'https://www.sainsburys.co.uk/shop/gb/groceries/product/details/lactose-free--/a2-milk-semi-skimmed-1l', 'product_name': "a2 Milk Fresh Semi-Skimmed Cows' Milk 1L", 'product_price': '£1.35', 'product_additionals': '£1.35 / ltr'}, {'shop': 'sains', 'url': 'https://www.sainsburys.co.uk/shop/gb/groceries/product/details/milk-fresh-milk/a2-whole-cows-milk-1l', 'product_name': "a2 Milk Fresh Whole Cows' Milk 1L", 'product_price': '£1.35', 'product_additionals': '£1.35 / ltr'}, {'shop': 'tesco', 'url': 'https://www.tesco.com/groceries/en-GB/products/307747879', 'product_name': 'Aero Bubbles Milk Chocolate Easter Egg 121G', 'product_price': '£ 1.00', 'product_additionals': '£0.83/100g'}, {'shop': 'sains', 'url': 'https://www.sainsburys.co.uk/shop/gb/groceries/product/details/easter-special-offers/aero-bubbles-milk-chocolate-medium-easter-egg-121g', 'product_name': 'Aero Bubbles Milk Chocolate Medium Easter Egg 121g', 'product_price': '£1.25', 'product_additionals': '£1.03 / 100g'}, {'shop': 'asda', 'url': 'https://groceries.asda.com/product/1000061868369', 'product_name': 'Aero Bubbles Milk Chocolate Sharing Bag', 'product_price': '£0.99', 'product_additionals': '(97.1p/100g)'}, {'shop': 'tesco', 'url': 'https://www.tesco.com/groceries/en-GB/products/300228105', 'product_name': 'Aero Bubbles Milk Pouch Bag 102G', 'product_price': '£ 0.99', 'product_additionals': '£0.97/100g'}, {'shop': 'sains', 'url': 'https://www.sainsburys.co.uk/shop/gb/groceries/product/details/indulgent-yogurts-desserts/aero-finesse-milk-chocolate-mousse-4x57g', 'product_name': 'Aero Creations Mousse Milk Chocolate 4x57g', 'product_price': '£1.50', 'product_additionals': '66p / 100g'}, {'shop': 'asda', 'url': 'https://groceries.asda.com/product/910001744184', 'product_name': 'Aero Milk Chocolate Bubbly Bar 4 Pack', 'product_price': '£1.00', 'product_additionals': '(92.6p/100g)'}, {'shop': 'tesco', 'url': 'https://www.tesco.com/groceries/en-GB/products/305547825', 'product_name': 'Aero Milk Chocolate Mini Eggs Bag 70G', 'product_price': '£ 1.00', 'product_additionals': '£1.43/100g'}, {'shop': 'sains', 'url': 'https://www.sainsburys.co.uk/shop/gb/groceries/product/details/all-easter-/aero-milk-chocolate-mini-eggs-pouch-70g', 'product_name': 'Aero Milk Chocolate Mini Eggs Pouch 70g', 'product_price': '£1.00', 'product_additionals': '£1.43 / 100g'}, {'shop': 'sains', 'url': 'https://www.sainsburys.co.uk/shop/gb/groceries/product/details/easter-special-offers/aero-milk-chocolate-mini-eggs-pouch-70g', 'product_name': 'Aero Milk Chocolate Mini Eggs Pouch 70g', 'product_price': '£1.00', 'product_additionals': '£1.43 / 100g'}, {'shop': 'asda', 'url': 'https://groceries.asda.com/product/1000242609326', 'product_name': 'Aero Milk Chocolate Sharing Bar', 'product_price': '£1.00', 'product_additionals': '(£1.11/100g)'}, {'shop': 'tesco', 'url': 'https://www.tesco.com/groceries/en-GB/products/305548346', 'product_name': 'Aero Peppemint Milk Chocolate Mini Eggs 70G', 'product_price': '£ 1.00', 'product_additionals': '£1.43/100g'}, {'shop': 'tesco', 'url': 'https://www.tesco.com/groceries/en-GB/products/305554004', 'product_name': 'Aero Peppermint Milk Chocolate Large Easter Egg 252G', 'product_price': '£ 3.00', 'product_additionals': '£1.20/100g'}, {'shop': 'asda', 'url': 'https://groceries.asda.com/product/1000000462741', 'product_name': 'Alpen Cereal Bars Fruit & Nut with Milk Chocolate', 'product_price': '£1.00', 'product_additionals': '(69.0p/100g)'}, {'shop': 'tesco', 'url': 'https://www.tesco.com/groceries/en-GB/products/272012512', 'product_name': 'Alpro Almond Longlife Milk Alternative 1L', 'product_price': '£ 1.70', 'product_additionals': '£1.70/litre'}, {'shop': 'tesco', 'url': 'https://www.tesco.com/groceries/en-GB/products/272103606', 'product_name': 'Alpro Hazelnut Fresh Milk Alternative 1L', 'product_price': '£ 1.80', 'product_additionals': '£1.80/litre'}, {'shop': 'asda', 'url': 'https://groceries.asda.com/product/43333959', 'product_name': 'Ambre Solaire Aftersun Skin Soother Hydrating Milk', 'product_price': '£11.00', 'product_additionals': '(£2.75/100ml)'}, {'shop': 'tesco', 'url': 'https://www.tesco.com/groceries/en-GB/products/287594156', 'product_name': 'Ambre Solaire Milk Spf 50 Vitamin C 200Ml', 'product_price': '£ 5.00', 'product_additionals': '£2.50/100ml'}, {'shop': 'asda', 'url': 'https://groceries.asda.com/product/910000420790', 'product_name': 'Amoy Coconut Milk', 'product_price': '£1.79', 'product_additionals': '(44.8p/100ml)'}, {'shop': 'asda', 'url': 'https://groceries.asda.com/product/910000420686', 'product_name': 'Amoy Coconut Milk Reduced Fat', 'product_price': '£1.79', 'product_additionals': '(44.8p/100ml)'}, {'shop': 'sains', 'url': 'https://www.sainsburys.co.uk/shop/gb/groceries/product/details/build-a-stir-fry-with-amoy/amoy-reduced-fat-coconut-milk-400g', 'product_name': 'Amoy Reduced Fat Coconut Milk 400g', 'product_price': '£1.80', 'product_additionals': '45p / 100ml'}, {'shop': 'tesco', 'url': 'https://www.tesco.com/groceries/en-GB/products/308114947', 'product_name': 'Andros Caramel Dessert With Almond Milk 2 X 120G', 'product_price': '£ 1.20', 'product_additionals': '£5.00/kg'}, {'shop': 'tesco', 'url': 'https://www.tesco.com/groceries/en-GB/products/308104078', 'product_name': 'Andros Chocolate Dessert With Almond Milk 2 X 120G', 'product_price': '£ 1.20', 'product_additionals': '£5.00/kg'}, {'shop': 'asda', 'url': 'https://groceries.asda.com/product/1000053215830', 'product_name': 'Aptamil 1 Anti-Reflux Milk Powder Formula From Birth', 'product_price': '£14.00', 'product_additionals': 'No weight data'}, {'shop': 'asda', 'url': 'https://groceries.asda.com/product/1000053215743', 'product_name': 'Aptamil 1 Comfort Milk Powder Formula From Birth', 'product_price': '£14.00', 'product_additionals': 'No weight data'}, {'shop': 'asda', 'url': 'https://groceries.asda.com/product/1000195178652', 'product_name': 'Aptamil 1 First Baby Milk Powder Formula Sachets From Birth', 'product_price': '£8.00', 'product_additionals': 'No weight data'}, {'shop': 'tesco', 'url': 'https://www.tesco.com/groceries/en-GB/products/301359904', 'product_name': 'Aptamil 1 First Infant Milk From Birth 800G', 'product_price': '£ 11.35', 'product_additionals': '£14.19/kg'}, {'shop': 'asda', 'url': 'https://groceries.asda.com/product/910000812959', 'product_name': 'Aptamil 1 First Infant Milk Liquid Ready To Feed Formula From Birth', 'product_price': '£3.95', 'product_additionals': 'No weight data'}, {'shop': 'asda', 'url': 'https://groceries.asda.com/product/910001707212', 'product_name': 'Aptamil 1 First Infant Milk Liquid Ready To Feed Formula From Birth', 'product_price': '£3.50', 'product_additionals': 'No weight data'}, {'shop': 'asda', 'url': 'https://groceries.asda.com/product/910001061643', 'product_name': 'Aptamil 1 First Infant Milk Liquid Ready To Feed Formula From Birth', 'product_price': '£0.95', 'product_additionals': 'No weight data'}, {'shop': 'asda', 'url': 'https://groceries.asda.com/product/910001386648', 'product_name': 'Aptamil 1 First Infant Milk Liquid Ready To Feed Starter Pack From Birth', 'product_price': '£8.50', 'product_additionals': 'No weight data'}, {'shop': 'asda', 'url': 'https://groceries.asda.com/product/1000053215791', 'product_name': 'Aptamil 1 First Infant Milk Powder Formula From Birth', 'product_price': '£10.50', 'product_additionals': 'No weight data'}, {'shop': 'tesco', 'url': 'https://www.tesco.com/groceries/en-GB/products/273750673', 'product_name': 'Aptamil 1 First Milk 1 Litre Ready To Feed Liquid', 'product_price': '£ 3.95', 'product_additionals': '£3.95/litre'}, {'shop': 'tesco', 'url': 'https://www.tesco.com/groceries/en-GB/products/278975404', 'product_name': 'Aptamil 1 First Milk 200Ml Ready To Feed Liquid', 'product_price': '£ 0.95', 'product_additionals': '£0.48/100ml'}, {'shop': 'tesco', 'url': 'https://www.tesco.com/groceries/en-GB/products/286866614', 'product_name': 'Aptamil 1 First Milk Multipack 4X200ml Ready To Feed Liquid', 'product_price': '£ 3.50', 'product_additionals': '£4.38/litre'}, {'shop': 'tesco', 'url': 'https://www.tesco.com/groceries/en-GB/products/283468059', 'product_name': 'Aptamil 1 First Pack Liquids Ready To Feed Infant Milk 420Ml', 'product_price': '£ 8.50', 'product_additionals': '£20.24/litre'}, {'shop': 'asda', 'url': 'https://groceries.asda.com/product/1000053215777', 'product_name': 'Aptamil 1 Hungry Milk Powder Formula From Birth', 'product_price': '£11.35', 'product_additionals': 'No weight data'}, {'shop': 'asda', 'url': 'https://groceries.asda.com/product/1000038368711', 'product_name': 'Aptamil 1 Lactose Free Milk Powder Formula From Birth', 'product_price': '£7.50', 'product_additionals': 'No weight data'}, {'shop': 'asda', 'url': 'https://groceries.asda.com/product/1000195178774', 'product_name': 'Aptamil 2 Follow On Baby Milk Powder Formula Sachets 6-12 Months', 'product_price': '£8.00', 'product_additionals': 'No weight data'}, {'shop': 'tesco', 'url': 'https://www.tesco.com/groceries/en-GB/products/273752262', 'product_name': 'Aptamil 2 Follow On Milk 1 Litre Ready To Feed Liquid', 'product_price': '£ 3.95', 'product_additionals': '£3.95/litre'}, {'shop': 'tesco', 'url': 'https://www.tesco.com/groceries/en-GB/products/278975670', 'product_name': 'Aptamil 2 Follow On Milk 200Ml Ready To Feed Liquid', 'product_price': '£ 0.95', 'product_additionals': '£4.75/litre'}, {'shop': 'asda', 'url': 'https://groceries.asda.com/product/910001707223', 'product_name': 'Aptamil 2 Follow On Milk Liquid Ready To Feed Formula 6-12 Months', 'product_price': '£3.50', 'product_additionals': 'No weight data'}, {'shop': 'asda', 'url': 'https://groceries.asda.com/product/910001060950', 'product_name': 'Aptamil 2 Follow On Milk Liquid Ready To Feed Formula 6-12 Months', 'product_price': '£0.95', 'product_additionals': 'No weight data'}, {'shop': 'tesco', 'url': 'https://www.tesco.com/groceries/en-GB/products/286866652', 'product_name': 'Aptamil 2 Follow On Milk Multipack 4X200ml Ready To Feed Liquid', 'product_price': '£ 3.50', 'product_additionals': '£4.38/litre'}, {'shop': 'tesco', 'url': 'https://www.tesco.com/groceries/en-GB/products/301359927', 'product_name': 'Aptamil 2 Follow On Milk Powder 800G', 'product_price': '£ 11.50', 'product_additionals': '£14.38/kg'}, {'shop': 'asda', 'url': 'https://groceries.asda.com/product/1000053215746', 'product_name': 'Aptamil 2 Follow On Milk Powder Formula 6-12 Months', 'product_price': '£9.38', 'product_additionals': 'No weight data'}, {'shop': 'asda', 'url': 'https://groceries.asda.com/product/1000195178777', 'product_name': 'Aptamil 3 Growing Up Baby Milk Powder Formula Sachets 1-2 Years', 'product_price': '£7.00', 'product_additionals': 'No weight data'}, {'shop': 'asda', 'url': 'https://groceries.asda.com/product/1000002228699', 'product_name': 'Aptamil 3 Growing Up Milk Liquid Ready To Feed Formula 1-2 Years', 'product_price': '£9.00', 'product_additionals': 'No weight data'}, {'shop': 'asda', 'url': 'https://groceries.asda.com/product/910001243798', 'product_name': 'Aptamil 3 Growing Up Milk Liquid Ready To Feed Formula 1-2 Years', 'product_price': '£0.80', 'product_additionals': 'No weight data'}, {'shop': 'asda', 'url': 'https://groceries.asda.com/product/1000053215765', 'product_name': 'Aptamil 3 Growing Up Milk Powder Formula 1-2 Years', 'product_price': '£9.38', 'product_additionals': 'No weight data'}, {'shop': 'asda', 'url': 'https://groceries.asda.com/product/910001242948', 'product_name': 'Aptamil 4 Growing Up Milk Liquid Ready To Feed Formula 2-3 Years', 'product_price': '£0.80', 'product_additionals': 'No weight data'}, {'shop': 'asda', 'url': 'https://groceries.asda.com/product/910000435331', 'product_name': 'Aptamil 4 Growing Up Milk Powder Formula 2-3 Years', 'product_price': '£9.38', 'product_additionals': 'No weight data'}, {'shop': 'tesco', 'url': 'https://www.tesco.com/groceries/en-GB/products/301359985', 'product_name': 'Aptamil Anti Reflux Milk Powder 800G', 'product_price': '£ 14.00', 'product_additionals': '£1.75/100g'}, {'shop': 'tesco', 'url': 'https://www.tesco.com/groceries/en-GB/products/301360003', 'product_name': 'Aptamil Comfort Milk Powder 800G', 'product_price': '£ 14.00', 'product_additionals': '£1.75/100g'}, {'shop': 'tesco', 'url': 'https://www.tesco.com/groceries/en-GB/products/250052328', 'product_name': 'Aptamil Growing Up Milk 1+ Years 200Ml', 'product_price': '£ 0.80', 'product_additionals': '£4.00/litre'}, {'shop': 'tesco', 'url': 'https://www.tesco.com/groceries/en-GB/products/268739735', 'product_name': 'Aptamil Growing Up Milk 2+ Years 800G', 'product_price': '£ 10.50', 'product_additionals': '£13.13/kg'}, {'shop': 'tesco', 'url': 'https://www.tesco.com/groceries/en-GB/products/301359949', 'product_name': 'Aptamil Growing Up Milk Powder 1+ 800G', 'product_price': '£ 10.50', 'product_additionals': '£1.32/100g'}, {'shop': 'tesco', 'url': 'https://www.tesco.com/groceries/en-GB/products/301359962', 'product_name': 'Aptamil Hungry Milk Powder 800G', 'product_price': '£ 11.35', 'product_additionals': '£1.42/100g'}, {'shop': 'tesco', 'url': 'https://www.tesco.com/groceries/en-GB/products/307147702', 'product_name': 'Aptamil Organic 1 First Baby Milk Formula 800G', 'product_price': '£ 13.50', 'product_additionals': '£16.88/kg'}, {'shop': 'asda', 'url': 'https://groceries.asda.com/product/1000243014190', 'product_name': 'Aptamil Organic 1 First Infant Milk Powder Formula From Birth', 'product_price': '£13.50', 'product_additionals': 'No weight data'}, {'shop': 'tesco', 'url': 'https://www.tesco.com/groceries/en-GB/products/307155979', 'product_name': 'Aptamil Organic 2 Follow On Baby Milk 800G', 'product_price': '£ 13.50', 'product_additionals': '£16.88/kg'}, {'shop': 'asda', 'url': 'https://groceries.asda.com/product/1000243014197', 'product_name': 'Aptamil Organic 2 Follow On Milk Powder Formula 6-12 Months', 'product_price': '£13.50', 'product_additionals': 'No weight data'}, {'shop': 'tesco', 'url': 'https://www.tesco.com/groceries/en-GB/products/307157689', 'product_name': 'Aptamil Organic 3 Toddler Milk Formula 800G', 'product_price': '£ 12.50', 'product_additionals': '£15.63/kg'}, {'shop': 'asda', 'url': 'https://groceries.asda.com/product/1000243014215', 'product_name': 'Aptamil Organic 3 Toddler Milk Powder Formula 1-2 Years', 'product_price': '£12.50', 'product_additionals': 'No weight data'}, {'shop': 'asda', 'url': 'https://groceries.asda.com/product/910002388302', 'product_name': 'Aptamil Profutura 1 First Infant Milk Liquid Ready To Feed Formula From Birth', 'product_price': '£1.10', 'product_additionals': 'No weight data'}, {'shop': 'asda', 'url': 'https://groceries.asda.com/product/910001923939', 'product_name': 'Aptamil Profutura 1 First Infant Milk Liquid Ready To Feed Starter Pack From Birth', 'product_price': '£11.75', 'product_additionals': 'No weight data'}, {'shop': 'asda', 'url': 'https://groceries.asda.com/product/910001924013', 'product_name': 'Aptamil Profutura 1 First Infant Milk Powder Formula From Birth', 'product_price': '£15.00', 'product_additionals': 'No weight data'}, {'shop': 'asda', 'url': 'https://groceries.asda.com/product/1000002091688', 'product_name': 'Aptamil Profutura 2 Follow On Milk Liquid Ready To Feed Formula 6-12 Months', 'product_price': '£1.10', 'product_additionals': 'No weight data'}, {'shop': 'asda', 'url': 'https://groceries.asda.com/product/910001923091', 'product_name': 'Aptamil Profutura 2 Follow On Milk Powder Formula 6-12 Months', 'product_price': '£13.40', 'product_additionals': 'No weight data'}, {'shop': 'asda', 'url': 'https://groceries.asda.com/product/910001922750', 'product_name': 'Aptamil Profutura 3 Growing Up Milk Powder Formula 1-2 Years', 'product_price': '£13.40', 'product_additionals': 'No weight data'}, {'shop': 'tesco', 'url': 'https://www.tesco.com/groceries/en-GB/products/291368966', 'product_name': 'Aptamil Profutura First Infant Milk 200Ml', 'product_price': '£ 1.10', 'product_additionals': '£0.55/100ml'}, {'shop': 'tesco', 'url': 'https://www.tesco.com/groceries/en-GB/products/291369101', 'product_name': 'Aptamil Profutura First Infant Milk 800G', 'product_price': '£ 15.00', 'product_additionals': '£1.88/100g'}, {'shop': 'tesco', 'url': 'https://www.tesco.com/groceries/en-GB/products/291369239', 'product_name': 'Aptamil Profutura Follow On Milk 800G', 'product_price': '£ 15.00', 'product_additionals': '£1.88/100g'}, {'shop': 'tesco', 'url': 'https://www.tesco.com/groceries/en-GB/products/291369297', 'product_name': 'Aptamil Profutura Milk Growing Up 800G', 'product_price': '£ 15.00', 'product_additionals': '£1.88/100g'}, {'shop': 'asda', 'url': 'https://groceries.asda.com/product/1000137048580', 'product_name': 'Aptamil Sensavia 1 First Baby Milk Formula From Birth', 'product_price': '£13.99', 'product_additionals': 'No weight data'}, {'shop': 'asda', 'url': 'https://groceries.asda.com/product/1000137048659', 'product_name': 'Aptamil Sensavia 1 First Infant Milk Starter Pack From Birth', 'product_price': '£10.99', 'product_additionals': 'No weight data'}, {'shop': 'asda', 'url': 'https://groceries.asda.com/product/1000137048635', 'product_name': 'Aptamil Sensavia 2 Follow On Baby Milk Formula', 'product_price': '£13.99', 'product_additionals': 'No weight data'}, {'shop': 'asda', 'url': 'https://groceries.asda.com/product/1000137048658', 'product_name': 'Aptamil Sensavia 3 Growing Up Milk Formula', 'product_price': '£13.99', 'product_additionals': 'No weight data'}, {'shop': 'tesco', 'url': 'https://www.tesco.com/groceries/en-GB/products/302310511', 'product_name': 'Aptamil Sensavia First Infant Milk From Birth 800G', 'product_price': '£ 12.50', 'product_additionals': '£15.63/kg DR.WT'}, {'shop': 'asda', 'url': 'https://groceries.asda.com/product/910001142882', 'product_name': 'Aquafresh Milk Teeth 0-2 Yrs Soft Toothbrush', 'product_price': '£1.75', 'product_additionals': '(£1.75/each)'}, {'shop': 'asda', 'url': 'https://groceries.asda.com/product/910001067005', 'product_name': 'Aquafresh Milk Teeth 0-2 Yrs Toothpaste', 'product_price': '£1.00', 'product_additionals': '(£2.00/100ml)'}, {'shop': 'tesco', 'url': 'https://www.tesco.com/groceries/en-GB/products/278398500', 'product_name': 'Aquafresh Milk Teeth Tooth Brush', 'product_price': '£ 1.75', 'product_additionals': '£1.75/each'}, {'shop': 'tesco', 'url': 'https://www.tesco.com/groceries/en-GB/products/262709654', 'product_name': 'Aquafresh Milk Teeth Toothpaste 50Ml', 'product_price': '£ 1.25', 'product_additionals': '£2.50/100ml'}, {'shop': 'sains', 'url': 'https://www.sainsburys.co.uk/shop/gb/groceries/product/details/dairy-and-chilled-essentials/arla-best-of-both-milk-2l', 'product_name': 'Arla B.O.B. Skimmed Milk 2L', 'product_price': '£1.65', 'product_additionals': '82p / ltr'}, {'shop': 'sains', 'url': 'https://www.sainsburys.co.uk/shop/gb/groceries/product/details/milk-fresh-milk/arla-best-of-both-milk-2l', 'product_name': 'Arla B.O.B. Skimmed Milk 2L', 'product_price': '£1.65', 'product_additionals': '82p / ltr'}, {'shop': 'tesco', 'url': 'https://www.tesco.com/groceries/en-GB/products/287971983', 'product_name': 'Arla Big Milk 2Ltr', 'product_price': '£ 2.00', 'product_additionals': '£1.00/litre'}, {'shop': 'asda', 'url': 'https://groceries.asda.com/product/910001932623', 'product_name': 'Arla Big Milk Added Vitamins Whole Milk Age 1-5', 'product_price': '£1.75', 'product_additionals': 'No weight data'}, {'shop': 'asda', 'url': 'https://groceries.asda.com/product/910002350744', 'product_name': 'Arla BOB Fat Free Skimmed Milk', 'product_price': '£1.65', 'product_additionals': 'No weight data'}, {'shop': 'tesco', 'url': 'https://www.tesco.com/groceries/en-GB/products/291631643', 'product_name': 'Arla Bob Skimmed Milk 2 Litre', 'product_price': '£ 1.80', 'product_additionals': '£0.90/litre'}, {'shop': 'coop', 'url': 'https://www.coop.co.uk/products/arla-cravendale-finely-filtered-fresh-pasteurised-whole-milk-2ltr', 'product_name': 'Arla Cravendale Finely Filtered Fresh Pasteurised Whole Milk 2Ltr', 'product_price': '£2.30', 'product_additionals': '2 litre (11p per 100ml)'}, {'shop': 'asda', 'url': 'https://groceries.asda.com/product/17505545', 'product_name': 'Arla Lactofree Fresh Semi Skimmed Milk', 'product_price': '£1.00', 'product_additionals': 'No weight data'}, {'shop': 'asda', 'url': 'https://groceries.asda.com/product/910001049835', 'product_name': 'Arla Lactofree Fresh Skimmed Milk', 'product_price': '£1.00', 'product_additionals': 'No weight data'}, {'shop': 'asda', 'url': 'https://groceries.asda.com/product/80879810', 'product_name': 'Arla Lactofree Fresh Whole Milk', 'product_price': '£1.00', 'product_additionals': 'No weight data'}, {'shop': 'asda', 'url': 'https://groceries.asda.com/product/44054', 'product_name': 'Arla Lactofree Long Life Semi Skimmed Milk', 'product_price': '£1.25', 'product_additionals': 'No weight data'}, {'shop': 'asda', 'url': 'https://groceries.asda.com/product/910000559264', 'product_name': 'Arla Lactofree Long Life Whole Milk', 'product_price': '£1.25', 'product_additionals': 'No weight data'}, {'shop': 'asda', 'url': 'https://groceries.asda.com/product/1000204197603', 'product_name': 'Arla Lactofree Organic Semi Skimmed Milk Drink', 'product_price': '£1.00', 'product_additionals': 'No weight data'}, {'shop': 'sains', 'url': 'https://www.sainsburys.co.uk/shop/gb/groceries/product/details/lactose-free--/arla-lactofree-organic-semi-skimmed-milk-drink-1-litre', 'product_name': 'Arla Lactofree Organic Semi Skimmed Milk Drink 1 Litre', 'product_price': '£1.65', 'product_additionals': '£1.65 / ltr'}, {'shop': 'sains', 'url': 'https://www.sainsburys.co.uk/shop/gb/groceries/product/details/all-organic-/arla-lactofree-organic-semi-skimmed-milk-drink-1-litre', 'product_name': 'Arla Lactofree Organic Semi Skimmed Milk Drink 1 Litre', 'product_price': '£1.65', 'product_additionals': '£1.65 / ltr'}, {'shop': 'tesco', 'url': 'https://www.tesco.com/groceries/en-GB/products/277569317', 'product_name': 'Arla Lactofree Skimmed Lactose Free Milk 1L', 'product_price': '£ 1.40', 'product_additionals': '£1.40/litre'}, {'shop': 'asda', 'url': 'https://groceries.asda.com/product/910002435505', 'product_name': 'Arla Protein Raspberry & Strawberry Milkshake', 'product_price': '£1.00', 'product_additionals': '(44.4p/100ml)'}, {'shop': 'asda', 'url': 'https://groceries.asda.com/product/910002436132', 'product_name': 'Arla Protein Tropical Milkshake', 'product_price': '£1.00', 'product_additionals': '(44.4p/100ml)'}, {'shop': 'asda', 'url': 'https://groceries.asda.com/product/1000048178843', 'product_name': 'ASDA 4 Buttermilk Chicken Breast Fillet Burgers', 'product_price': '£2.50', 'product_additionals': 'No weight data'}, {'shop': 'asda', 'url': 'https://groceries.asda.com/product/910001136242', 'product_name': 'ASDA 8 Assorted Mini Milk Ice Lollies', 'product_price': '£0.90', 'product_additionals': 'No weight data'}, {'shop': 'asda', 'url': 'https://groceries.asda.com/product/910000402684', 'product_name': 'ASDA 8 Milk Choc Ices', 'product_price': '£0.98', 'product_additionals': 'No weight data'}, {'shop': 'asda', 'url': 'https://groceries.asda.com/product/910002516119', 'product_name': 'Asda Arla Farmers Semi Skimmed Milk', 'product_price': '£1.35', 'product_additionals': 'No weight data'}, {'shop': 'asda', 'url': 'https://groceries.asda.com/product/910002516013', 'product_name': 'Asda Arla Farmers Whole Milk', 'product_price': '£1.35', 'product_additionals': 'No weight data'}, {'shop': 'asda', 'url': 'https://groceries.asda.com/product/1000056262057', 'product_name': "ASDA Baker's Selection 20 Mini Milk Choc Chip Cookies", 'product_price': '£2.00', 'product_additionals': '(10.0p/each)'}, {'shop': 'asda', 'url': 'https://groceries.asda.com/product/25620', 'product_name': "ASDA Baker's Selection Milk Chocolate Cookies", 'product_price': '£0.99', 'product_additionals': '(19.8p/each)'}, {'shop': 'asda', 'url': 'https://groceries.asda.com/product/910002946246', 'product_name': "ASDA Baker's Selection Milk Chocolate Pancakes", 'product_price': '£1.00', 'product_additionals': '(20.0p/each)'}, {'shop': 'asda', 'url': 'https://groceries.asda.com/product/32932', 'product_name': 'ASDA Banana Flavoured Milk', 'product_price': '£1.00', 'product_additionals': 'No weight data'}, {'shop': 'asda', 'url': 'https://groceries.asda.com/product/910001598288', 'product_name': 'ASDA Banana Flavoured Milkshake Mix', 'product_price': '£1.49', 'product_additionals': '(49.7p/100g)'}, {'shop': 'asda', 'url': 'https://groceries.asda.com/product/1000197472297', 'product_name': 'ASDA Breakfast Biscuits Milk & Cereal 8 x 50g', 'product_price': '£0.84', 'product_additionals': '(21.0p/100g)'}, {'shop': 'asda', 'url': 'https://groceries.asda.com/product/910002767148', 'product_name': 'ASDA Buttermilk', 'product_price': '£0.90', 'product_additionals': 'No weight data'}, {'shop': 'asda', 'url': 'https://groceries.asda.com/product/32922', 'product_name': 'ASDA Chocolate Flavoured Milk', 'product_price': '£1.00', 'product_additionals': 'No weight data'}, {'shop': 'asda', 'url': 'https://groceries.asda.com/product/395104', 'product_name': 'ASDA Chocolate Malted Milks', 'product_price': '£0.85', 'product_additionals': '(34.0p/100g)'}, {'shop': 'asda', 'url': 'https://groceries.asda.com/product/910000365333', 'product_name': 'ASDA Condensed Milk', 'product_price': '£1.05', 'product_additionals': '(26.5p/100g)'}, {'shop': 'asda', 'url': 'https://groceries.asda.com/product/19246', 'product_name': 'ASDA Dried Skimmed Milk Powder', 'product_price': '£2.00', 'product_additionals': 'No weight data'}, {'shop': 'asda', 'url': 'https://groceries.asda.com/product/1000037844241', 'product_name': 'ASDA Evaporated Milk', 'product_price': '£0.40', 'product_additionals': '(23.5p/100g)'}, {'shop': 'asda', 'url': 'https://groceries.asda.com/product/9430945', 'product_name': 'ASDA Evaporated Semi-Skimmed Milk', 'product_price': '£0.58', 'product_additionals': '(14.1p/100g)'}, {'shop': 'asda', 'url': 'https://groceries.asda.com/product/1000001821680', 'product_name': 'ASDA Extra Special 4 Buttermilk Pancakes', 'product_price': '£1.45', 'product_additionals': '(36.2p/each)'}, {'shop': 'asda', 'url': 'https://groceries.asda.com/product/1000136120506', 'product_name': 'ASDA Extra Special 40% Cocoa Solids Milk Cooking Chocolate', 'product_price': '£1.20', 'product_additionals': '(£1.20/100g)'}, {'shop': 'asda', 'url': 'https://groceries.asda.com/product/1000203232060', 'product_name': 'ASDA Extra Special Free From Coffee Crunch Milk Choc Bar', 'product_price': '£2.00', 'product_additionals': 'No weight data'}, {'shop': 'asda', 'url': 'https://groceries.asda.com/product/1000203231898', 'product_name': 'ASDA Extra Special Free From Salted Honeycomb & Raspberry Milk Choc Bar', 'product_price': '£2.00', 'product_additionals': 'No weight data'}, {'shop': 'asda', 'url': 'https://groceries.asda.com/product/1000161871363', 'product_name': 'ASDA Extra Special Milk Chocolate Honeycomb', 'product_price': '£2.00', 'product_additionals': '(£2.00/100g)'}, {'shop': 'asda', 'url': 'https://groceries.asda.com/product/1000112663530', 'product_name': 'ASDA Extra Special Peruvian Milk Chocolate Bar', 'product_price': '£0.90', 'product_additionals': '(90.0p/100g)'}, {'shop': 'asda', 'url': 'https://groceries.asda.com/product/1000070571716', 'product_name': 'ASDA Extra Special Salted Butterscotch Milk Chocolate Bar', 'product_price': '£1.40', 'product_additionals': '(£1.40/100g)'}, {'shop': 'asda', 'url': 'https://groceries.asda.com/product/910003043531', 'product_name': 'ASDA Extra Special Sea Salted Caramel & Milk Chocolate Granola', 'product_price': '£2.19', 'product_additionals': '(43.8p/100g)'}, {'shop': 'asda', 'url': 'https://groceries.asda.com/product/910000788319', 'product_name': 'ASDA Free From Belgian Milk Chocolate Rice Cakes', 'product_price': '£0.99', 'product_additionals': 'No weight data'}, {'shop': 'asda', 'url': 'https://groceries.asda.com/product/1000052962717', 'product_name': 'ASDA Free From Milk Chocolate Mini Rice Cakes', 'product_price': '£0.75', 'product_additionals': 'No weight data'}, {'shop': 'asda', 'url': 'https://groceries.asda.com/product/910002082811', 'product_name': 'ASDA Fruit & Nut Milk Chocolate Bar', 'product_price': '£0.91', 'product_additionals': '(45.5p/100g)'}, {'shop': 'asda', 'url': 'https://groceries.asda.com/product/910002088827', 'product_name': 'ASDA Fun Size Milk Chocolate Bubblies 15 Pack', 'product_price': '£1.00', 'product_additionals': '(66.7p/100g)'}, {'shop': 'asda', 'url': 'https://groceries.asda.com/product/1000088318822', 'product_name': 'ASDA Giant Gold Coin Milk', 'product_price': '£0.59', 'product_additionals': '(£1.18/100g)'}, {'shop': 'asda', 'url': 'https://groceries.asda.com/product/1000212670987', 'product_name': 'ASDA Heavenly Moments Milk Chocolate Ice Creams 3 Pack', 'product_price': '£0.90', 'product_additionals': 'No weight data'}, {'shop': 'asda', 'url': 'https://groceries.asda.com/product/910000435379', 'product_name': 'ASDA Honey Nut Crunch with Milk Chocolate Curls', 'product_price': '£1.09', 'product_additionals': '(29.1p/100g)'}, {'shop': 'asda', 'url': 'https://groceries.asda.com/product/1000220358827', 'product_name': 'ASDA Lactose Free Semi Skimmed Milk', 'product_price': '£0.85', 'product_additionals': 'No weight data'}, {'shop': 'asda', 'url': 'https://groceries.asda.com/product/910000279194', 'product_name': 'ASDA Little Angels Little Angels Milk Powder Dispenser', 'product_price': '£2.00', 'product_additionals': 'No weight data'}, {'shop': 'asda', 'url': 'https://groceries.asda.com/product/20525', 'product_name': 'ASDA Longlife Semi Skimmed Milk', 'product_price': '£0.62', 'product_additionals': 'No weight data'}, {'shop': 'asda', 'url': 'https://groceries.asda.com/product/910000392661', 'product_name': 'ASDA Longlife Semi Skimmed Milk X6', 'product_price': '£4.00', 'product_additionals': 'No weight data'}, {'shop': 'asda', 'url': 'https://groceries.asda.com/product/20524', 'product_name': 'ASDA Longlife Skimmed Milk', 'product_price': '£0.62', 'product_additionals': 'No weight data'}, {'shop': 'asda', 'url': 'https://groceries.asda.com/product/910000392586', 'product_name': 'ASDA Longlife Skimmed Milk X6', 'product_price': '£4.00', 'product_additionals': 'No weight data'}, {'shop': 'asda', 'url': 'https://groceries.asda.com/product/393675', 'product_name': 'ASDA Longlife Whole Milk', 'product_price': '£0.79', 'product_additionals': 'No weight data'}, {'shop': 'asda', 'url': 'https://groceries.asda.com/product/910001083519', 'product_name': 'ASDA Malted Milk', 'product_price': '£0.30', 'product_additionals': '(15.0p/100g)'}, {'shop': 'asda', 'url': 'https://groceries.asda.com/product/1000009131506', 'product_name': 'ASDA Maternity 25 Breast Milk Storage Bags', 'product_price': '£4.00', 'product_additionals': '(16.0p/each)'}, {'shop': 'asda', 'url': 'https://groceries.asda.com/product/1000115100619', 'product_name': 'ASDA Milk Bottles', 'product_price': '£0.25', 'product_additionals': 'No weight data'}, {'shop': 'asda', 'url': 'https://groceries.asda.com/product/1000005207659', 'product_name': 'ASDA Milk Choc Chip Cookie Dough', 'product_price': '£1.25', 'product_additionals': 'No weight data'}, {'shop': 'asda', 'url': 'https://groceries.asda.com/product/80165777', 'product_name': 'ASDA Milk Chocolate', 'product_price': '£0.65', 'product_additionals': '(43.3p/100g)'}, {'shop': 'asda', 'url': 'https://groceries.asda.com/product/1000129611142', 'product_name': 'ASDA Milk Chocolate & Salted Caramel Rice Cakes', 'product_price': '£1.59', 'product_additionals': '(£1.51/100g)'}, {'shop': 'asda', 'url': 'https://groceries.asda.com/product/910002082921', 'product_name': 'ASDA Milk Chocolate Bar', 'product_price': '£0.85', 'product_additionals': '(42.5p/100g)'}, {'shop': 'asda', 'url': 'https://groceries.asda.com/product/1000136352523', 'product_name': 'ASDA Milk Chocolate Biscuit Selection', 'product_price': '£4.00', 'product_additionals': '(88.9p/100g)'}, {'shop': 'asda', 'url': 'https://groceries.asda.com/product/910001367831', 'product_name': 'ASDA Milk Chocolate Butter Biscuits', 'product_price': '£0.74', 'product_additionals': '(59.2p/100g)'}, {'shop': 'asda', 'url': 'https://groceries.asda.com/product/910001805736', 'product_name': 'ASDA Milk Chocolate Buttons', 'product_price': '£0.25', 'product_additionals': '(83.3p/100g)'}, {'shop': 'asda', 'url': 'https://groceries.asda.com/product/20658', 'product_name': 'ASDA Milk Chocolate Chips', 'product_price': '£0.50', 'product_additionals': '(50.0p/100g)'}, {'shop': 'asda', 'url': 'https://groceries.asda.com/product/1000088318843', 'product_name': 'ASDA Milk Chocolate Coins', 'product_price': '£0.59', 'product_additionals': '(78.7p/100g)'}, {'shop': 'asda', 'url': 'https://groceries.asda.com/product/1000157579228', 'product_name': 'ASDA Milk Chocolate Coins', 'product_price': '£2.00', 'product_additionals': '(76.9p/100g)'}, {'shop': 'asda', 'url': 'https://groceries.asda.com/product/23162', 'product_name': 'ASDA Milk Chocolate Digestives', 'product_price': '£0.42', 'product_additionals': '(14.0p/100g)'}, {'shop': 'asda', 'url': 'https://groceries.asda.com/product/1000157579344', 'product_name': 'ASDA Milk Chocolate Hollow Reindeer', 'product_price': '£0.89', 'product_additionals': '(89.0p/100g)'}, {'shop': 'asda', 'url': 'https://groceries.asda.com/product/1000157579381', 'product_name': 'ASDA Milk Chocolate Hollow Santa', 'product_price': '£0.89', 'product_additionals': '(89.0p/100g)'}, {'shop': 'asda', 'url': 'https://groceries.asda.com/product/910001113198', 'product_name': 'ASDA Milk Chocolate Loaf Cake', 'product_price': '£1.00', 'product_additionals': '(£1.00/each)'}, {'shop': 'asda', 'url': 'https://groceries.asda.com/product/910003218409', 'product_name': 'ASDA Milk Chocolate Mini Rolls', 'product_price': '£0.95', 'product_additionals': '(9.5p/each)'}, {'shop': 'asda', 'url': 'https://groceries.asda.com/product/1000243014225', 'product_name': 'ASDA Milk Chocolate Pip the Penguin', 'product_price': '£2.00', 'product_additionals': '(£1.33/100g)'}, {'shop': 'asda', 'url': 'https://groceries.asda.com/product/1000117784334', 'product_name': 'ASDA Milk Chocolate Sauce', 'product_price': '£1.50', 'product_additionals': '(50.0p/100g)'}, {'shop': 'asda', 'url': 'https://groceries.asda.com/product/910000770545', 'product_name': 'ASDA Milk Chocolate Spread', 'product_price': '£1.37', 'product_additionals': '(34.2p/100g)'}, {'shop': 'asda', 'url': 'https://groceries.asda.com/product/1000122916899', 'product_name': 'ASDA Milk Chocolate Toffee Popcorn', 'product_price': '£1.00', 'product_additionals': '(71.4p/100g)'}, {'shop': 'asda', 'url': 'https://groceries.asda.com/product/910000255164', 'product_name': 'ASDA Milk Chocolate Triple Layer Party Cake', 'product_price': '£12.00', 'product_additionals': 'No weight data'}, {'shop': 'asda', 'url': 'https://groceries.asda.com/product/1000205555287', 'product_name': 'ASDA Milk Chocolate Turkish Thins', 'product_price': '£1.00', 'product_additionals': '(55.6p/100g)'}, {'shop': 'asda', 'url': 'https://groceries.asda.com/product/910001568439', 'product_name': 'ASDA Milk Thistle Film Coated Tablets', 'product_price': '£4.00', 'product_additionals': '(6.7p/each)'}, {'shop': 'asda', 'url': 'https://groceries.asda.com/product/14319675', 'product_name': 'ASDA Organic Semi Skimmed Milk', 'product_price': '£1.60', 'product_additionals': 'No weight data'}, {'shop': 'asda', 'url': 'https://groceries.asda.com/product/14319672', 'product_name': 'ASDA Organic Semi Skimmed Milk', 'product_price': '£1.15', 'product_additionals': 'No weight data'}, {'shop': 'asda', 'url': 'https://groceries.asda.com/product/14319673', 'product_name': 'ASDA Organic Whole Milk', 'product_price': '£1.15', 'product_additionals': 'No weight data'}, {'shop': 'asda', 'url': 'https://groceries.asda.com/product/14319676', 'product_name': 'ASDA Organic Whole Milk', 'product_price': '£1.60', 'product_additionals': 'No weight data'}, {'shop': 'asda', 'url': 'https://groceries.asda.com/product/23423', 'product_name': 'ASDA Semi Skimmed Milk', 'product_price': '£0.80', 'product_additionals': 'No weight data'}, {'shop': 'asda', 'url': 'https://groceries.asda.com/product/37518', 'product_name': 'ASDA Semi Skimmed Milk', 'product_price': '£0.50', 'product_additionals': 'No weight data'}, {'shop': 'asda', 'url': 'https://groceries.asda.com/product/20504', 'product_name': 'ASDA Semi Skimmed Milk', 'product_price': '£1.09', 'product_additionals': 'No weight data'}, {'shop': 'asda', 'url': 'https://groceries.asda.com/product/30255', 'product_name': 'ASDA Skimmed Milk', 'product_price': '£0.50', 'product_additionals': 'No weight data'}, {'shop': 'asda', 'url': 'https://groceries.asda.com/product/20505', 'product_name': 'ASDA Skimmed Milk', 'product_price': '£1.09', 'product_additionals': 'No weight data'}, {'shop': 'asda', 'url': 'https://groceries.asda.com/product/23422', 'product_name': 'ASDA Skimmed Milk', 'product_price': '£0.80', 'product_additionals': 'No weight data'}, {'shop': 'asda', 'url': 'https://groceries.asda.com/product/37666', 'product_name': 'ASDA Smart Price Longlife Skimmed Milk', 'product_price': '£0.50', 'product_additionals': 'No weight data'}, {'shop': 'asda', 'url': 'https://groceries.asda.com/product/32825', 'product_name': 'ASDA Smart Price Milk Chocolate Digestive Bars', 'product_price': '£1.25', 'product_additionals': '(32.9p/100g)'}, {'shop': 'asda', 'url': 'https://groceries.asda.com/product/910002365219', 'product_name': 'ASDA Smoky Buttermilk Ranch Dressing', 'product_price': '£0.89', 'product_additionals': '(35.6p/100ml)'}, {'shop': 'asda', 'url': 'https://groceries.asda.com/product/32921', 'product_name': 'ASDA Strawberry Flavoured Milk', 'product_price': '£1.00', 'product_additionals': 'No weight data'}, {'shop': 'asda', 'url': 'https://groceries.asda.com/product/910001597412', 'product_name': 'ASDA Strawberry Flavoured Milkshake Mix', 'product_price': '£1.49', 'product_additionals': '(49.7p/100g)'}, {'shop': 'asda', 'url': 'https://groceries.asda.com/product/910000449332', 'product_name': 'ASDA Tiger Cat Milk', 'product_price': '£1.58', 'product_additionals': '(£2.63/lt)'}, {'shop': 'asda', 'url': 'https://groceries.asda.com/product/1000028236313', 'product_name': 'ASDA Tiger Kitten Milk', 'product_price': '£0.70', 'product_additionals': 'No weight data'}, {'shop': 'asda', 'url': 'https://groceries.asda.com/product/2215673083482', 'product_name': 'ASDA Tiger Mixed Selection Kitten Pouches, Kitten Dry & Kitten Milk Bundle', 'product_price': '£3.98', 'product_additionals': 'No weight data'}, {'shop': 'asda', 'url': 'https://groceries.asda.com/product/910000227801', 'product_name': 'ASDA Vanilla Flavoured Milk', 'product_price': '£1.00', 'product_additionals': 'No weight data'}, {'shop': 'asda', 'url': 'https://groceries.asda.com/product/37517', 'product_name': 'ASDA Whole Milk', 'product_price': '£0.50', 'product_additionals': 'No weight data'}, {'shop': 'asda', 'url': 'https://groceries.asda.com/product/20502', 'product_name': 'ASDA Whole Milk', 'product_price': '£1.09', 'product_additionals': 'No weight data'}, {'shop': 'asda', 'url': 'https://groceries.asda.com/product/23421', 'product_name': 'ASDA Whole Milk', 'product_price': '£0.80', 'product_additionals': 'No weight data'}, {'shop': 'asda', 'url': 'https://groceries.asda.com/product/27657', 'product_name': 'ASDA Whole Milk', 'product_price': '£1.59', 'product_additionals': 'No weight data'}, {'shop': 'asda', 'url': 'https://groceries.asda.com/product/910002739379', 'product_name': 'Ayam Coconut Milk', 'product_price': '£0.90', 'product_additionals': 'No weight data'}, {'shop': 'tesco', 'url': 'https://www.tesco.com/groceries/en-GB/products/301341913', 'product_name': 'Ayam Premium Coconut Milk 200Ml', 'product_price': '£ 0.85', 'product_additionals': '£4.25/litre'}, {'shop': 'asda', 'url': 'https://groceries.asda.com/product/1000105386119', 'product_name': 'Bad Co 0518 Off-Tempo Milkshake IPA', 'product_price': '£2.00', 'product_additionals': 'No weight data'}, {'shop': 'asda', 'url': 'https://groceries.asda.com/product/1000159725398', 'product_name': 'Bad Co Dark Necessities Milk Stout', 'product_price': '£1.65', 'product_additionals': 'No weight data'}, {'shop': 'asda', 'url': 'https://groceries.asda.com/product/1000061867945', 'product_name': 'Bad Co Denver Milk Stout', 'product_price': '£1.25', 'product_additionals': 'No weight data'}, {'shop': 'coop', 'url': 'https://www.coop.co.uk/products/bahlsen-choco-leibniz-milk-125g', 'product_name': 'Bahlsen Choco Leibniz Milk 125g', 'product_price': '£2', 'product_additionals': '125g (80.0p per 100g)'}, {'shop': 'asda', 'url': 'https://groceries.asda.com/product/910001769916', 'product_name': 'Bahlsen Choco Leibniz Milk Chocolate Biscuits', 'product_price': '£1.50', 'product_additionals': '(£1.20/100g)'}, {'shop': 'tesco', 'url': 'https://www.tesco.com/groceries/en-GB/products/257510953', 'product_name': 'Bahlsen Milk Choco Leibniz 125G', 'product_price': '£ 1.49', 'product_additionals': '£1.20/100g'}, {'shop': 'asda', 'url': 'https://groceries.asda.com/product/1000137976558', 'product_name': 'Bahlsen PiCK UP! Choco & Milk Biscuit Bars 5 Pack', 'product_price': '£1.00', 'product_additionals': '(71.4p/100g)'}, {'shop': 'asda', 'url': 'https://groceries.asda.com/product/910001367253', 'product_name': 'Bahlsen PiCK UP! Milk Chocolate Biscuit Bars 5 Pack', 'product_price': '£1.00', 'product_additionals': '(71.4p/100g)'}, {'shop': 'tesco', 'url': 'https://www.tesco.com/groceries/en-GB/products/293226763', 'product_name': 'Bahlsen Pick Up! Minis Milk Chocolate 10.6Gx10', 'product_price': '£ 1.00', 'product_additionals': '£0.94/100g'}, {'shop': 'sains', 'url': 'https://www.sainsburys.co.uk/shop/gb/groceries/product/details/all-price-lock/bahlsen-pick-up!-minis-milk-chocolate-biscuit-bars-10x106g', 'product_name': 'Bahlsen PiCK UP! Minis Milk Chocolate Biscuit Bars 10x10.6g', 'product_price': '£1.00', 'product_additionals': '94p / 100g'}, {'shop': 'asda', 'url': 'https://groceries.asda.com/product/910001084218', 'product_name': 'Balconi Mix Milk', 'product_price': '£1.00', 'product_additionals': '(10.0p/each)'}, {'shop': 'asda', 'url': 'https://groceries.asda.com/product/1000049939218', 'product_name': 'Balin Milk Chocolate with Whole Pistachios', 'product_price': '£1.70', 'product_additionals': '(£2.12/100g)'}, {'shop': 'aldi', 'url': 'https://www.aldi.co.uk/banana-flavoured-1%25-fat-milk/p/063365075910900', 'product_name': 'Banana Flavoured 1% Fat Milk', 'product_price': '0.85', 'product_additionals': '85p per litre'}, {'shop': 'sains', 'url': 'https://www.sainsburys.co.uk/shop/gb/groceries/product/details/dairy-eggs-special-offers/barebells-protein-milkshake-chocolate-flavour-330ml', 'product_name': 'Barebells Protein Milkshake Chocolate Flavour 330ml', 'product_price': '£2.00', 'product_additionals': '61p / 100ml'}, {'shop': 'sains', 'url': 'https://www.sainsburys.co.uk/shop/gb/groceries/product/details/milk-flavoured-milk/barebells-protein-milkshake-strawberry-flavour-330ml', 'product_name': 'Barebells Protein Milkshake Strawberry Flavour 330ml', 'product_price': '£2.00', 'product_additionals': '61p / 100ml'}, {'shop': 'tesco', 'url': 'https://www.tesco.com/groceries/en-GB/products/305983613', 'product_name': 'Barny Milk Kids Sponge Bear 5 Pack 125G', 'product_price': '£ 1.50', 'product_additionals': '£1.20/100g'}, {'shop': 'tesco', 'url': 'https://www.tesco.com/groceries/en-GB/products/302379297', 'product_name': 'Barratt Milkteeth 190G', 'product_price': '£ 1.00', 'product_additionals': '£0.53/100g'}, {'shop': 'asda', 'url': 'https://groceries.asda.com/product/1000003092302', 'product_name': 'Belvita Breakfast Biscuits Milk & Cereals 5 Pack', 'product_price': '£0.99', 'product_additionals': '(44.0p/100g)'}, {'shop': 'tesco', 'url': 'https://www.tesco.com/groceries/en-GB/products/297544535', 'product_name': 'Belvita Milk & Cereal Biscuits 12 Pack 540G', 'product_price': '£ 3.00', 'product_additionals': '£0.56/100g'}, {'shop': 'tesco', 'url': 'https://www.tesco.com/groceries/en-GB/products/297544790', 'product_name': 'Belvita Milk & Cereal Biscuits 225G', 'product_price': '£ 1.99', 'product_additionals': '£0.88/100g'}, {'shop': 'sains', 'url': 'https://www.sainsburys.co.uk/shop/gb/groceries/product/details/all-price-lock/belvita-milk---cereal-biscuits-540g', 'product_name': 'Belvita Milk & Cereal Biscuits Multipack 540g', 'product_price': '£3.00', 'product_additionals': '56p / 100g'}, {'shop': 'tesco', 'url': 'https://www.tesco.com/groceries/en-GB/products/289687746', 'product_name': 'Betty Crocker Milk Chocolate Icing 400G', 'product_price': '£ 2.00', 'product_additionals': '£0.50/100g'}, {'shop': 'sains', 'url': 'https://www.sainsburys.co.uk/shop/gb/groceries/product/details/all-low-and-no-alcohol/big-drop-brewing-co-galactic-milk-alcohol-free-stout-330ml', 'product_name': 'Big Drop Brewing Co. Galactic Milk Alcohol Free Stout 330ml', 'product_price': '£1.50', 'product_additionals': '£4.55 / ltr'}, {'shop': 'sains', 'url': 'https://www.sainsburys.co.uk/shop/gb/groceries/product/details/easter-special-offers/sainsburys-billionaire-egg-210g', 'product_name': 'Billionaires Milk Chocolate Egg 210g', 'product_price': '£4.00', 'product_additionals': '£1.90 / 100g'}, {'shop': 'sains', 'url': 'https://www.sainsburys.co.uk/shop/gb/groceries/product/details/all-easter-eggs-and-chocolate-/sainsburys-billionaire-egg-210g', 'product_name': 'Billionaires Milk Chocolate Egg 210g', 'product_price': '£4.00', 'product_additionals': '£1.90 / 100g'}, {'shop': 'tesco', 'url': 'https://www.tesco.com/groceries/en-GB/products/286749264', 'product_name': "Bioglan Biotic Balance Chocball Milk 30'S", 'product_price': '£ 9.50', 'product_additionals': '£0.32/each'}, {'shop': 'sains', 'url': 'https://www.sainsburys.co.uk/shop/gb/groceries/product/details/milk-flavoured-milk/bio-tiful-baked-milk-kefir-250ml', 'product_name': 'Biotiful Baked Milk Kefir (Riazhenka) 250ml', 'product_price': '£1.45', 'product_additionals': '£5.80 / ltr'}, {'shop': 'asda', 'url': 'https://groceries.asda.com/product/1000157579365', 'product_name': 'BIP Milk Chocolate Christmas Puddings with Popping Candy', 'product_price': '£0.59', 'product_additionals': '(78.7p/100g)'}, {'shop': 'asda', 'url': 'https://groceries.asda.com/product/1000157579204', 'product_name': 'BIP Milk Chocolate Snowmen & Snowballs 75g', 'product_price': '£0.59', 'product_additionals': '(78.7p/100g)'}, {'shop': 'asda', 'url': 'https://groceries.asda.com/product/1000157579427', 'product_name': 'BIP Milk Chocolate Sprouts & Carrots', 'product_price': '£0.59', 'product_additionals': '(78.7p/100g)'}, {'shop': 'tesco', 'url': 'https://www.tesco.com/groceries/en-GB/products/303153509', 'product_name': 'Birds Eye Buttermilk Chicken Strips 350G', 'product_price': '£ 4.00', 'product_additionals': '£11.43/kg'}, {'shop': 'asda', 'url': 'https://groceries.asda.com/product/1000093869692', 'product_name': 'Birds Eye Chicken Shop Buttermilk Chicken Strips', 'product_price': '£4.00', 'product_additionals': 'No weight data'}, {'shop': 'tesco', 'url': 'https://www.tesco.com/groceries/en-GB/products/299599046', 'product_name': 'Black Sheep Milk Stout 500Ml 4.4% Alcohol By Volume', 'product_price': '£ 1.70', 'product_additionals': '£3.40/litre'}, {'shop': 'asda', 'url': 'https://groceries.asda.com/product/1000134726909', 'product_name': 'Black Sheep Pineapple Milkshake IPA', 'product_price': '£1.80', 'product_additionals': 'No weight data'}, {'shop': 'tesco', 'url': 'https://www.tesco.com/groceries/en-GB/products/252486194', 'product_name': 'Blue Dragon Coconut Milk 400Ml', 'product_price': '£ 2.00', 'product_additionals': '£5.00/litre'}, {'shop': 'tesco', 'url': 'https://www.tesco.com/groceries/en-GB/products/250830660', 'product_name': 'Blue Dragon Coconut Milk Light 400Ml', 'product_price': '£ 2.00', 'product_additionals': '£5.00/litre'}, {'shop': 'asda', 'url': 'https://groceries.asda.com/product/1000065970685', 'product_name': 'Blue Riband Original Milk Chocolate Wafer Biscuits 16 Pack', 'product_price': '£2.00', 'product_additionals': '(69.4p/100g)'}, {'shop': 'asda', 'url': 'https://groceries.asda.com/product/1000065970648', 'product_name': 'Blue Riband Original Milk Chocolate Wafer Biscuits 8 Pack', 'product_price': '£1.00', 'product_additionals': '(69.4p/100g)'}, {'shop': 'asda', 'url': 'https://groceries.asda.com/product/1000168286620', 'product_name': 'Bondi Sands Everyday Gradual Tanning Milk', 'product_price': '£11.99', 'product_additionals': '(£3.20/100ml)'}, {'shop': 'tesco', 'url': 'https://www.tesco.com/groceries/en-GB/products/298107990', 'product_name': 'Bondi Sands Gradual Tanning Milk 375Ml', 'product_price': '£ 12.00', 'product_additionals': '£3.20/100ml'}, {'shop': 'asda', 'url': 'https://groceries.asda.com/product/1000210453294', 'product_name': 'Bonne Maman Chocolate Mousse with Whole Milk', 'product_price': '£1.00', 'product_additionals': '(71.4p/100g)'}, {'shop': 'asda', 'url': 'https://groceries.asda.com/product/1000178911419', 'product_name': 'Bounty Coconut Milk Chocolate Bars Multipack', 'product_price': '£1.99', 'product_additionals': '(43.6p/100g)'}, {'shop': 'asda', 'url': 'https://groceries.asda.com/product/910000265061', 'product_name': 'Bounty Coconut Milk Chocolate Twin Bar', 'product_price': '£0.55', 'product_additionals': '(96.5p/100g)'}, {'shop': 'asda', 'url': 'https://groceries.asda.com/product/910000539461', 'product_name': 'Bounty Coconut Milk Chocolate Twin Bars Multipack 4 x 57g', 'product_price': '£1.25', 'product_additionals': '(54.8p/100g)'}, {'shop': 'tesco', 'url': 'https://www.tesco.com/groceries/en-GB/products/258412209', 'product_name': 'Bounty Milk Chocolate Bar 57G', 'product_price': '£ 0.60', 'product_additionals': '£1.06/100g'}, {'shop': 'tesco', 'url': 'https://www.tesco.com/groceries/en-GB/products/304389823', 'product_name': 'Bounty Milk Chocolate Egg With 3 Fun Size Bars 263G', 'product_price': '£ 3.00', 'product_additionals': '£1.15/100g'}, {'shop': 'asda', 'url': 'https://groceries.asda.com/product/16162006', 'product_name': 'Bowlands Fresh Semi Skimmed Milk', 'product_price': '£1.03', 'product_additionals': 'No weight data'}, {'shop': 'asda', 'url': 'https://groceries.asda.com/product/16162004', 'product_name': 'Bowlands Fresh Semi Skimmed Milk', 'product_price': '£1.30', 'product_additionals': 'No weight data'}, {'shop': 'asda', 'url': 'https://groceries.asda.com/product/16162005', 'product_name': 'Bowlands Fresh Whole Milk', 'product_price': '£1.30', 'product_additionals': 'No weight data'}, {'shop': 'tesco', 'url': 'https://www.tesco.com/groceries/en-GB/products/272708450', 'product_name': 'Breakaway Milk Chocolate Biscuit 8 Pack 152.8G', 'product_price': '£ 1.00', 'product_additionals': '£0.66/100g'}, {'shop': 'asda', 'url': 'https://groceries.asda.com/product/910000550514', 'product_name': 'Breakaway Milk Chocolate Biscuit Bar 8 Pack', 'product_price': '£1.00', 'product_additionals': '(65.5p/100g)'}, {'shop': 'tesco', 'url': 'https://www.tesco.com/groceries/en-GB/products/265169066', 'product_name': 'Brioche Pasquier Milk Brioche Rolls 8Pk', 'product_price': '£ 1.50', 'product_additionals': '£0.19/each'}, {'shop': 'sains', 'url': 'https://www.sainsburys.co.uk/shop/gb/groceries/product/details/natural-beauty-products/burts-bees-almond---milk-hand-cream-57g', 'product_name': "Burt's Bees Almond Milk Hand Cream", 'product_price': '£10.00', 'product_additionals': '£17.54 / 100g'}, {'shop': 'sains', 'url': 'https://www.sainsburys.co.uk/shop/gb/groceries/product/details/all-gifting/buttermilk-crumbly-vanilla-fudge-150g', 'product_name': 'Buttermilk Crumbly Vanilla Fudge 150g', 'product_price': '£3.95', 'product_additionals': '£2.63 / 100g'}, {'shop': 'sains', 'url': 'https://www.sainsburys.co.uk/shop/gb/groceries/product/details/sweet-treats-44/buttermilk-crumbly-vanilla-fudge-150g', 'product_name': 'Buttermilk Crumbly Vanilla Fudge 150g', 'product_price': '£3.95', 'product_additionals': '£2.63 / 100g'}, {'shop': 'sains', 'url': 'https://www.sainsburys.co.uk/shop/gb/groceries/product/details/chocolate-and-sweets-/buttermilk-crumbly-vanilla-fudge-150g', 'product_name': 'Buttermilk Crumbly Vanilla Fudge 150g', 'product_price': '£3.95', 'product_additionals': '£2.63 / 100g'}, {'shop': 'tesco', 'url': 'https://www.tesco.com/groceries/en-GB/products/307150421', 'product_name': 'Buttermilk Dairy Free Peanut Butter Crunch 100G', 'product_price': '£ 3.00', 'product_additionals': '£3.00/100g'}, {'shop': 'tesco', 'url': 'https://www.tesco.com/groceries/en-GB/products/307750206', 'product_name': 'Buttermilk Dairy Free Salted Caramel Crunch Easter Egg 165G', 'product_price': '£ 6.00', 'product_additionals': '£3.64/100g'}, {'shop': 'tesco', 'url': 'https://www.tesco.com/groceries/en-GB/products/307159589', 'product_name': 'Buttermilk Dairy Free Salted Caramel Cups 100G', 'product_price': '£ 3.00', 'product_additionals': '£3.00/100g'}, {'shop': 'tesco', 'url': 'https://www.tesco.com/groceries/en-GB/products/307736282', 'product_name': 'Buttermilk Dairy Free Zingy Orange Egg Chocolate Bar 165G', 'product_price': '£ 6.00', 'product_additionals': '£3.64/100g'}, {'shop': 'sains', 'url': 'https://www.sainsburys.co.uk/shop/gb/groceries/product/details/all-easter-/buttermilk-salted-caramel-crunch-chocolate-egg-soldier-165g', 'product_name': 'Buttermilk Salted Caramel Crunch Choccy Egg 165g', 'product_price': '£6.00', 'product_additionals': '£2.68 / 100g'}, {'shop': 'sains', 'url': 'https://www.sainsburys.co.uk/shop/gb/groceries/product/details/new-355373-44/buttermilk-salted-caramel-crunch-chocolate-egg-soldier-165g', 'product_name': 'Buttermilk Salted Caramel Crunch Choccy Egg 165g', 'product_price': '£6.00', 'product_additionals': '£2.68 / 100g'}, {'shop': 'sains', 'url': 'https://www.sainsburys.co.uk/shop/gb/groceries/product/details/easter-special-offers/buttermilk-salted-caramel-crunch-chocolate-egg-soldier-165g', 'product_name': 'Buttermilk Salted Caramel Crunch Choccy Egg 165g', 'product_price': '£6.00', 'product_additionals': '£2.68 / 100g'}, {'shop': 'sains', 'url': 'https://www.sainsburys.co.uk/shop/gb/groceries/product/details/small-and-medium/buttermilk-zingy-orange-crisp-chocolate-egg-soldier-165g', 'product_name': 'Buttermilk Zingy Orange Crisp Choccy Egg 165g', 'product_price': '£6.00', 'product_additionals': '£2.68 / 100g'}, {'shop': 'sains', 'url': 'https://www.sainsburys.co.uk/shop/gb/groceries/product/details/all-easter-/buttermilk-zingy-orange-crisp-chocolate-egg-soldier-165g', 'product_name': 'Buttermilk Zingy Orange Crisp Choccy Egg 165g', 'product_price': '£6.00', 'product_additionals': '£2.68 / 100g'}, {'shop': 'sains', 'url': 'https://www.sainsburys.co.uk/shop/gb/groceries/product/details/new-355373-44/buttermilk-zingy-orange-crisp-chocolate-egg-soldier-165g', 'product_name': 'Buttermilk Zingy Orange Crisp Choccy Egg 165g', 'product_price': '£6.00', 'product_additionals': '£2.68 / 100g'}, {'shop': 'sains', 'url': 'https://www.sainsburys.co.uk/shop/gb/groceries/product/details/easter-special-offers/buttermilk-zingy-orange-crisp-chocolate-egg-soldier-165g', 'product_name': 'Buttermilk Zingy Orange Crisp Choccy Egg 165g', 'product_price': '£6.00', 'product_additionals': '£2.68 / 100g'}, {'shop': 'asda', 'url': 'https://groceries.asda.com/product/910001286745', 'product_name': 'Cadbury 3 Dairy Milk Ice Creams', 'product_price': '£2.25', 'product_additionals': 'No weight data'}, {'shop': 'asda', 'url': 'https://groceries.asda.com/product/910001743471', 'product_name': 'Cadbury 4 Dairy Milk Buttons Ice Cream Cones', 'product_price': '£2.00', 'product_additionals': 'No weight data'}, {'shop': 'asda', 'url': 'https://groceries.asda.com/product/910000403473', 'product_name': 'Cadbury 4 Dairy Milk Caramel Ice Cream Cones', 'product_price': '£2.00', 'product_additionals': 'No weight data'}, {'shop': 'asda', 'url': 'https://groceries.asda.com/product/1000015061126', 'product_name': 'Cadbury 5 Milk Chocolate Cake Bars', 'product_price': '£0.80', 'product_additionals': '(16.0p/each)'}, {'shop': 'tesco', 'url': 'https://www.tesco.com/groceries/en-GB/products/306929712', 'product_name': 'Cadbury Bitsa Wispa Milk Chocolates 222G', 'product_price': '£ 2.00', 'product_additionals': '£0.90/100g'}, {'shop': 'asda', 'url': 'https://groceries.asda.com/product/1000113150656', 'product_name': 'Cadbury Chocolate Milkshake Jar', 'product_price': '£1.50', 'product_additionals': '(53.6p/100g)'}, {'shop': 'tesco', 'url': 'https://www.tesco.com/groceries/en-GB/products/305434469', 'product_name': 'Cadbury Chocolate Milkshake Powder Mix 280G', 'product_price': '£ 2.09', 'product_additionals': '£0.75/100g'}, {'shop': 'asda', 'url': 'https://groceries.asda.com/product/1000238377539', 'product_name': 'Cadbury Crunchie Rocks Milk Chocolate Bag', 'product_price': '£1.00', 'product_additionals': '(90.9p/100g)'}, {'shop': 'asda', 'url': 'https://groceries.asda.com/product/1000233167237', 'product_name': 'Cadbury Curly Wurly Milk Chocolate Bar', 'product_price': '£0.25', 'product_additionals': '(£1.14/100g)'}, {'shop': 'asda', 'url': 'https://groceries.asda.com/product/1000233167235', 'product_name': 'Cadbury Curly Wurly Milk Chocolate Bars 6 Pack', 'product_price': '£1.00', 'product_additionals': '(77.5p/100g)'}, {'shop': 'tesco', 'url': 'https://www.tesco.com/groceries/en-GB/products/302959129', 'product_name': 'Cadbury Dairy 15 Milk Cornflake Cluster Bites', 'product_price': '£ 1.80', 'product_additionals': '£0.12/each'}, {'shop': 'tesco', 'url': 'https://www.tesco.com/groceries/en-GB/products/301613460', 'product_name': 'Cadbury Dairy Milk 10 Pack 293G', 'product_price': '£ 2.00', 'product_additionals': '£0.68/100g'}, {'shop': 'tesco', 'url': 'https://www.tesco.com/groceries/en-GB/products/284117451', 'product_name': 'Cadbury Dairy Milk 110G', 'product_price': '£ 0.98', 'product_additionals': '£0.89/100g'}, {'shop': 'tesco', 'url': 'https://www.tesco.com/groceries/en-GB/products/307760959', 'product_name': 'Cadbury Dairy Milk 15 Brownie Bites', 'product_price': '£ 1.80', 'product_additionals': '£0.12/each'}, {'shop': 'tesco', 'url': 'https://www.tesco.com/groceries/en-GB/products/302959106', 'product_name': 'Cadbury Dairy Milk 16 Flapjack Bites', 'product_price': '£ 1.80', 'product_additionals': '£0.11/each'}, {'shop': 'tesco', 'url': 'https://www.tesco.com/groceries/en-GB/products/302291267', 'product_name': 'Cadbury Dairy Milk 30% Less Sugar 85G', 'product_price': '£ 1.50', 'product_additionals': '£1.77/100g'}, {'shop': 'asda', 'url': 'https://groceries.asda.com/product/1000158294551', 'product_name': 'Cadbury Dairy Milk 30% Less Sugar Chocolate Bar', 'product_price': '£0.55', 'product_additionals': '(£1.57/100g)'}, {'shop': 'asda', 'url': 'https://groceries.asda.com/product/1000038106537', 'product_name': 'Cadbury Dairy Milk 4 Caramel Cookies with Chocolate Chunks & Caramel Pieces', 'product_price': '£1.00', 'product_additionals': 'No weight data'}, {'shop': 'asda', 'url': 'https://groceries.asda.com/product/1000038106538', 'product_name': 'Cadbury Dairy Milk 4 Cookies with Chocolates Chunks', 'product_price': '£1.00', 'product_additionals': 'No weight data'}, {'shop': 'coop', 'url': 'https://www.coop.co.uk/products/cadbury-dairy-milk-4-pack', 'product_name': 'Cadbury Dairy Milk 4 Pack', 'product_price': '£1', 'product_additionals': '144g (69.4p per 100g)\n4 pack'}, {'shop': 'tesco', 'url': 'https://www.tesco.com/groceries/en-GB/products/275565630', 'product_name': 'Cadbury Dairy Milk 45G', 'product_price': '£ 0.60', 'product_additionals': '£1.34/100g'}, {'shop': 'coop', 'url': 'https://www.coop.co.uk/products/cadbury-dairy-milk-bar-110g', 'product_name': 'Cadbury Dairy Milk Bar 110g', 'product_price': '£1', 'product_additionals': '110g (90.9p per 100g)'}, {'shop': 'sains', 'url': 'https://www.sainsburys.co.uk/shop/gb/groceries/product/details/big-night-in/cadbury-dairy-milk-big-taste-oreo-crunch-300g', 'product_name': 'Cadbury Dairy Milk Big Taste Oreo Chocolate Bar 300g', 'product_price': '£3.00', 'product_additionals': '£1.00 / 100g'}, {'shop': 'tesco', 'url': 'https://www.tesco.com/groceries/en-GB/products/292215288', 'product_name': 'Cadbury Dairy Milk Boost Chocolate Barsx4 160G', 'product_price': '£ 1.00', 'product_additionals': '£0.62/100g'}, {'shop': 'tesco', 'url': 'https://www.tesco.com/groceries/en-GB/products/284775667', 'product_name': 'Cadbury Dairy Milk Buttons 6 Pack', 'product_price': '£ 1.00', 'product_additionals': '£1.20/100g'}, {'shop': 'tesco', 'url': 'https://www.tesco.com/groceries/en-GB/products/272478801', 'product_name': 'Cadbury Dairy Milk Buttons Bag 40G', 'product_price': '£ 0.60', 'product_additionals': '£1.50/100g'}, {'shop': 'sains', 'url': 'https://www.sainsburys.co.uk/shop/gb/groceries/product/details/indulgent-yogurts-desserts/cadbury-twin-pot-buttons-90g', 'product_name': 'Cadbury Dairy Milk Buttons Chocolate Dessert 85g', 'product_price': '47p', 'product_additionals': '52p / 100g'}, {'shop': 'sains', 'url': 'https://www.sainsburys.co.uk/shop/gb/groceries/product/details/yogurts-special-offers-/cadbury-twin-pot-buttons-90g', 'product_name': 'Cadbury Dairy Milk Buttons Chocolate Dessert 85g', 'product_price': '47p', 'product_additionals': '52p / 100g'}, {'shop': 'sains', 'url': 'https://www.sainsburys.co.uk/shop/gb/groceries/product/details/single-pots-and-corner-yogurt/cadbury-twin-pot-buttons-90g', 'product_name': 'Cadbury Dairy Milk Buttons Chocolate Dessert 85g', 'product_price': '47p', 'product_additionals': '52p / 100g'}, {'shop': 'sains', 'url': 'https://www.sainsburys.co.uk/shop/gb/groceries/product/details/small-and-medium/cadbury-dairy-milk-buttons-medium-easter-egg-128g', 'product_name': 'Cadbury Dairy Milk Buttons Easter Egg & Chocolate Bag 74g', 'product_price': '£1.00', 'product_additionals': '£1.35 / 100g'}, {'shop': 'tesco', 'url': 'https://www.tesco.com/groceries/en-GB/products/282692727', 'product_name': 'Cadbury Dairy Milk Buttons Ice Cream Cones 4 X 100Ml', 'product_price': '£ 1.90', 'product_additionals': '£0.48/100ml'}, {'shop': 'tesco', 'url': 'https://www.tesco.com/groceries/en-GB/products/264315195', 'product_name': 'Cadbury Dairy Milk Buttons Medium Easter Egg 128G', 'product_price': '£ 1.00', 'product_additionals': '£0.78/100g'}, {'shop': 'tesco', 'url': 'https://www.tesco.com/groceries/en-GB/products/285692803', 'product_name': 'Cadbury Dairy Milk Buttons Treat Size Buttons 170G', 'product_price': '£ 2.79', 'product_additionals': '£1.65/100g'}, {'shop': 'asda', 'url': 'https://groceries.asda.com/product/1000141932513', 'product_name': 'Cadbury Dairy Milk Cake Slices', 'product_price': '£2.00', 'product_additionals': '(33.3p/each)'}, {'shop': 'tesco', 'url': 'https://www.tesco.com/groceries/en-GB/products/302959089', 'product_name': 'Cadbury Dairy Milk Caramel 16 Flapjack Bites', 'product_price': '£ 1.80', 'product_additionals': '£0.11/each'}, {'shop': 'tesco', 'url': 'https://www.tesco.com/groceries/en-GB/products/302959066', 'product_name': 'Cadbury Dairy Milk Caramel 16 Mini Cookies', 'product_price': '£ 1.80', 'product_additionals': '£0.11/each'}, {'shop': 'tesco', 'url': 'https://www.tesco.com/groceries/en-GB/products/275565895', 'product_name': 'Cadbury Dairy Milk Caramel 45 G', 'product_price': '£ 0.60', 'product_additionals': '£1.34/100g'}, {'shop': 'asda', 'url': 'https://groceries.asda.com/product/910000813019', 'product_name': 'Cadbury Dairy Milk Caramel Bar', 'product_price': '£0.60', 'product_additionals': '(£1.33/100g)'}, {'shop': 'asda', 'url': 'https://groceries.asda.com/product/1000141932442', 'product_name': 'Cadbury Dairy Milk Caramel Cake Slices', 'product_price': '£2.25', 'product_additionals': '(37.5p/each)'}, {'shop': 'asda', 'url': 'https://groceries.asda.com/product/910000878123', 'product_name': 'Cadbury Dairy Milk Caramel Chocolate Bar', 'product_price': '£1.00', 'product_additionals': '(83.3p/100g)'}, {'shop': 'asda', 'url': 'https://groceries.asda.com/product/910000813200', 'product_name': 'Cadbury Dairy Milk Caramel Chocolate Bar', 'product_price': '£1.79', 'product_additionals': '(89.5p/100g)'}, {'shop': 'tesco', 'url': 'https://www.tesco.com/groceries/en-GB/products/275523317', 'product_name': 'Cadbury Dairy Milk Caramel Chocolate Bar 120G', 'product_price': '£ 0.98', 'product_additionals': '£0.82/100g'}, {'shop': 'tesco', 'url': 'https://www.tesco.com/groceries/en-GB/products/292215265', 'product_name': 'Cadbury Dairy Milk Caramel Chocolate Barsx4 148G', 'product_price': '£ 1.00', 'product_additionals': '£0.68/100g'}, {'shop': 'asda', 'url': 'https://groceries.asda.com/product/1000236571497', 'product_name': 'Cadbury Dairy Milk Caramel Chocolate Pouch', 'product_price': '£3.00', 'product_additionals': 'No weight data'}, {'shop': 'asda', 'url': 'https://groceries.asda.com/product/1000189263220', 'product_name': 'Cadbury Dairy Milk Caramel Core', 'product_price': '£2.50', 'product_additionals': 'No weight data'}, {'shop': 'tesco', 'url': 'https://www.tesco.com/groceries/en-GB/products/307343245', 'product_name': 'Cadbury Dairy Milk Caramel Easter Egg 286G', 'product_price': '£ 5.00', 'product_additionals': '£1.75/100g'}, {'shop': 'sains', 'url': 'https://www.sainsburys.co.uk/shop/gb/groceries/product/details/all-easter-eggs-and-chocolate-/cadbury-dairy-milk-caramel-gift-boxed-easter-egg-331g-check-your-local-store-for-available-range-', 'product_name': 'Cadbury Dairy Milk Caramel Gift Boxed Egg 286g', 'product_price': '£6.00', 'product_additionals': '£2.10 / 100g'}, {'shop': 'tesco', 'url': 'https://www.tesco.com/groceries/en-GB/products/307145128', 'product_name': 'Cadbury Dairy Milk Caramel Nibbles Big Share Bag 242G', 'product_price': '£ 2.00', 'product_additionals': '£0.83/100g'}, {'shop': 'asda', 'url': 'https://groceries.asda.com/product/910001452094', 'product_name': 'Cadbury Dairy Milk Caramel Nibbles Chocolate Share Bag', 'product_price': '£1.00', 'product_additionals': '(83.3p/100g)'}, {'shop': 'tesco', 'url': 'https://www.tesco.com/groceries/en-GB/products/303730231', 'product_name': 'Cadbury Dairy Milk Caramel Slice 6 Pack', 'product_price': '£ 1.90', 'product_additionals': '£0.32/each'}, {'shop': 'asda', 'url': 'https://groceries.asda.com/product/910002819623', 'product_name': 'Cadbury Dairy Milk Chocolate Advent Calendar', 'product_price': '£1.50', 'product_additionals': '(£1.67/100g)'}, {'shop': 'asda', 'url': 'https://groceries.asda.com/product/1000003092998', 'product_name': 'Cadbury Dairy Milk Chocolate Advent Calendar', 'product_price': '£3.00', 'product_additionals': '(£1.50/100g)'}, {'shop': 'asda', 'url': 'https://groceries.asda.com/product/910000813175', 'product_name': 'Cadbury Dairy Milk Chocolate Bar', 'product_price': '£0.55', 'product_additionals': '(£1.22/100g)'}, {'shop': 'asda', 'url': 'https://groceries.asda.com/product/910001817488', 'product_name': 'Cadbury Dairy Milk Chocolate Bar', 'product_price': '£3.00', 'product_additionals': '(83.3p/100g)'}, {'shop': 'asda', 'url': 'https://groceries.asda.com/product/910001438778', 'product_name': 'Cadbury Dairy Milk Chocolate Bar', 'product_price': '£1.00', 'product_additionals': '(90.9p/100g)'}, {'shop': 'sains', 'url': 'https://www.sainsburys.co.uk/shop/gb/groceries/product/details/big-night-in/cadbury-dairy-milk-200g', 'product_name': 'Cadbury Dairy Milk Chocolate Bar 200g', 'product_price': '£1.50', 'product_additionals': '75p / 100g'}, {'shop': 'tesco', 'url': 'https://www.tesco.com/groceries/en-GB/products/273968548', 'product_name': 'Cadbury Dairy Milk Chocolate Bar 200G', 'product_price': '£ 1.80', 'product_additionals': '£0.90/100g'}, {'shop': 'sains', 'url': 'https://www.sainsburys.co.uk/shop/gb/groceries/product/details/sweet-treats-44/cadbury-dairy-milk-chocolate-bar-360g', 'product_name': 'Cadbury Dairy Milk Chocolate Bar 360g', 'product_price': '£2.50', 'product_additionals': '69p / 100g'}, {'shop': 'sains', 'url': 'https://www.sainsburys.co.uk/shop/gb/groceries/product/details/watch-the-sport/cadbury-dairy-milk-chocolate-bar-360g', 'product_name': 'Cadbury Dairy Milk Chocolate Bar 360g', 'product_price': '£3.00', 'product_additionals': '83p / 100g'}, {'shop': 'tesco', 'url': 'https://www.tesco.com/groceries/en-GB/products/275027686', 'product_name': 'Cadbury Dairy Milk Chocolate Bar 360G', 'product_price': '£ 3.00', 'product_additionals': '£0.83/100g'}, {'shop': 'coop', 'url': 'https://www.coop.co.uk/products/cadbury-dairy-milk-chocolate-bar-360g', 'product_name': 'Cadbury Dairy Milk Chocolate Bar 360g', 'product_price': '£3\nwas\n£4', 'product_additionals': '360g (83.3p per 100g)'}, {'shop': 'sains', 'url': 'https://www.sainsburys.co.uk/shop/gb/groceries/product/details/chocolate-and-sweets-/cadbury-dairy-milk-chocolate-bar-360g', 'product_name': 'Cadbury Dairy Milk Chocolate Bar 360g', 'product_price': '£3.00', 'product_additionals': '83p / 100g'}, {'shop': 'sains', 'url': 'https://www.sainsburys.co.uk/shop/gb/groceries/product/details/all-gifting/cadbury-dairy-milk-chocolate-bar-360g', 'product_name': 'Cadbury Dairy Milk Chocolate Bar 360g', 'product_price': '£2.50', 'product_additionals': '69p / 100g'}, {'shop': 'asda', 'url': 'https://groceries.asda.com/product/910001438257', 'product_name': 'Cadbury Dairy Milk Chocolate Bar 4 Pack', 'product_price': '£0.97', 'product_additionals': '(67.4p/100g)'}, {'shop': 'tesco', 'url': 'https://www.tesco.com/groceries/en-GB/products/304799113', 'product_name': 'Cadbury Dairy Milk Chocolate Buttons Dessert 85G', 'product_price': '£ 0.75', 'product_additionals': '£0.88/100g'}, {'shop': 'sains', 'url': 'https://www.sainsburys.co.uk/shop/gb/groceries/product/details/easter-special-offers/cadburys-dairy-milk-chunk-egg-71g', 'product_name': 'Cadbury Dairy Milk Chocolate Chunk & Easter Egg 71g', 'product_price': '£1.00', 'product_additionals': '£1.41 / 100g'}, {'shop': 'sains', 'url': 'https://www.sainsburys.co.uk/shop/gb/groceries/product/details/all-easter-/cadburys-dairy-milk-chunk-egg-71g', 'product_name': 'Cadbury Dairy Milk Chocolate Chunk & Easter Egg 71g', 'product_price': '£1.00', 'product_additionals': '£1.41 / 100g'}, {'shop': 'asda', 'url': 'https://groceries.asda.com/product/1000236571317', 'product_name': 'Cadbury Dairy Milk Chocolate Chunk Giftbox Stack', 'product_price': '£3.00', 'product_additionals': '(£1.20/100g)'}, {'shop': 'asda', 'url': 'https://groceries.asda.com/product/1000236571459', 'product_name': 'Cadbury Dairy Milk Chocolate Chunk Giftbox Stack', 'product_price': '£1.00', 'product_additionals': '(£1.04/100g)'}, {'shop': 'asda', 'url': 'https://groceries.asda.com/product/1000236571372', 'product_name': 'Cadbury Dairy Milk Chocolate Chunks Advent Calendar', 'product_price': '£4.00', 'product_additionals': '(£1.55/100g)'}, {'shop': 'asda', 'url': 'https://groceries.asda.com/product/1000216498425', 'product_name': 'Cadbury Dairy Milk Chocolate Chunks Tin', 'product_price': '£8.00', 'product_additionals': '(£1.11/100g)'}, {'shop': 'tesco', 'url': 'https://www.tesco.com/groceries/en-GB/products/304786474', 'product_name': 'Cadbury Dairy Milk Chocolate Daim Dessert 85G', 'product_price': '£ 0.75', 'product_additionals': '£0.88/100g'}, {'shop': 'tesco', 'url': 'https://www.tesco.com/groceries/en-GB/products/295065955', 'product_name': 'Cadbury Dairy Milk Chocolate Easter Hollow Bunny 100G', 'product_price': '£ 2.00', 'product_additionals': '£2.00/100g'}, {'shop': 'tesco', 'url': 'https://www.tesco.com/groceries/en-GB/products/295065932', 'product_name': 'Cadbury Dairy Milk Chocolate Easter Hollow Bunny 50G', 'product_price': '£ 1.00', 'product_additionals': '£2.00/100g'}, {'shop': 'tesco', 'url': 'https://www.tesco.com/groceries/en-GB/products/282073821', 'product_name': 'Cadbury Dairy Milk Chocolate Easter Hoppy Bunny Bar 100G', 'product_price': '£ 1.00', 'product_additionals': '£1.00/100g'}, {'shop': 'asda', 'url': 'https://groceries.asda.com/product/910000813099', 'product_name': 'Cadbury Dairy Milk Chocolate Sharing Bar', 'product_price': '£1.79', 'product_additionals': '(89.5p/100g)'}, {'shop': 'tesco', 'url': 'https://www.tesco.com/groceries/en-GB/products/303730219', 'product_name': 'Cadbury Dairy Milk Chocolate Slice 6 Pack', 'product_price': '£ 1.90', 'product_additionals': '£0.32/each'}, {'shop': 'asda', 'url': 'https://groceries.asda.com/product/1000160202778', 'product_name': 'Cadbury Dairy Milk Chunks Chocolate Dessert', 'product_price': '£0.75', 'product_additionals': '(88.2p/100g)'}, {'shop': 'tesco', 'url': 'https://www.tesco.com/groceries/en-GB/products/304797426', 'product_name': 'Cadbury Dairy Milk Chunks Milk Chocolate Dessert 85G', 'product_price': '£ 0.75', 'product_additionals': '£0.88/100g'}, {'shop': 'asda', 'url': 'https://groceries.asda.com/product/1000236571488', 'product_name': 'Cadbury Dairy Milk Classic Collection Selection Box', 'product_price': '£4.00', 'product_additionals': '(93.0p/100g)'}, {'shop': 'asda', 'url': 'https://groceries.asda.com/product/1000236571482', 'product_name': 'Cadbury Dairy Milk Classics Mixed Chocolate Chunks Pouch Bag', 'product_price': '£3.00', 'product_additionals': '(85.7p/100g)'}, {'shop': 'asda', 'url': 'https://groceries.asda.com/product/1000088561791', 'product_name': 'Cadbury Dairy Milk Cornflake Cluster Bites', 'product_price': '£1.80', 'product_additionals': '(12.0p/each)'}, {'shop': 'sains', 'url': 'https://www.sainsburys.co.uk/shop/gb/groceries/product/details/small-and-medium/cadbury-creme-egg-medium-easter-egg-138g', 'product_name': 'Cadbury Dairy Milk Creme Egg Medium Easter Egg 138g', 'product_price': '£1.25', 'product_additionals': '91p / 100g'}, {'shop': 'sains', 'url': 'https://www.sainsburys.co.uk/shop/gb/groceries/product/details/easter-giant/cadbury-dairy-milk-creme-egg-with-large-easter-egg-460g', 'product_name': 'Cadbury Dairy Milk Creme Egg with Large Easter Egg 497g', 'product_price': '£10.00', 'product_additionals': '£2.17 / 100g'}, {'shop': 'sains', 'url': 'https://www.sainsburys.co.uk/shop/gb/groceries/product/details/all-easter-eggs-and-chocolate-/cadbury-dairy-milk-creme-egg-with-large-easter-egg-460g', 'product_name': 'Cadbury Dairy Milk Creme Egg with Large Easter Egg 497g', 'product_price': '£10.00', 'product_additionals': '£2.17 / 100g'}, {'shop': 'tesco', 'url': 'https://www.tesco.com/groceries/en-GB/products/273626838', 'product_name': 'Cadbury Dairy Milk Crunchie Bit Chocolate Bar 200G', 'product_price': '£ 1.80', 'product_additionals': '£0.90/100g'}, {'shop': 'asda', 'url': 'https://groceries.asda.com/product/1000216902774', 'product_name': 'Cadbury Dairy Milk Daim Chocolate Dessert', 'product_price': '£0.75', 'product_additionals': '(88.2p/100g)'}, {'shop': 'asda', 'url': 'https://groceries.asda.com/product/1000236571375', 'product_name': 'Cadbury Dairy Milk Daim Little Chocolate Robins Bag', 'product_price': '£1.00', 'product_additionals': '(£1.14/100g)'}, {'shop': 'tesco', 'url': 'https://www.tesco.com/groceries/en-GB/products/307362631', 'product_name': 'Cadbury Dairy Milk Daim Mini Eggs 77G', 'product_price': '£ 1.00', 'product_additionals': '£1.30/100g'}, {'shop': 'tesco', 'url': 'https://www.tesco.com/groceries/en-GB/products/291159338', 'product_name': 'Cadbury Dairy Milk Duo 65G (P)', 'product_price': '£ 0.80', 'product_additionals': '£12.31/kg'}, {'shop': 'tesco', 'url': 'https://www.tesco.com/groceries/en-GB/products/307352833', 'product_name': 'Cadbury Dairy Milk Easter Egg 286G', 'product_price': '£ 5.00', 'product_additionals': '£1.75/100g'}, {'shop': 'tesco', 'url': 'https://www.tesco.com/groceries/en-GB/products/307353262', 'product_name': 'Cadbury Dairy Milk Easter Egg Marvellous Creations 246G', 'product_price': '£ 3.00', 'product_additionals': '£1.22/100g'}, {'shop': 'tesco', 'url': 'https://www.tesco.com/groceries/en-GB/products/307339019', 'product_name': 'Cadbury Dairy Milk Egg & Spoon Oreo 128G', 'product_price': '£ 2.00', 'product_additionals': '£1.57/100g'}, {'shop': 'sains', 'url': 'https://www.sainsburys.co.uk/shop/gb/groceries/product/details/all-easter-/cadbury-dairy-milk-egg-n-spoon-chocolate-mousse-eggs-x4-136g', 'product_name': "Cadbury Dairy Milk Egg 'n' Spoon Chocolate 136g", 'product_price': '£2.00', 'product_additionals': '£1.47 / 100g'}, {'shop': 'sains', 'url': 'https://www.sainsburys.co.uk/shop/gb/groceries/product/details/miniandtreat-size/cadbury-dairy-milk-egg-n-spoon-with-oreo-136g', 'product_name': "Cadbury Dairy Milk Egg 'n' Spoon with Oreo 128g", 'product_price': '£2.00', 'product_additionals': '£1.56 / 100g'}, {'shop': 'tesco', 'url': 'https://www.tesco.com/groceries/en-GB/products/263070686', 'product_name': 'Cadbury Dairy Milk Egg Heads Easter Egg 77G', 'product_price': '£ 1.00', 'product_additionals': '£1.30/100g'}, {'shop': 'tesco', 'url': 'https://www.tesco.com/groceries/en-GB/products/265923654', 'product_name': 'Cadbury Dairy Milk Extra Large Easter Egg 515G', 'product_price': '£ 10.00', 'product_additionals': '£1.95/100g'}, {'shop': 'tesco', 'url': 'https://www.tesco.com/groceries/en-GB/products/307337996', 'product_name': 'Cadbury Dairy Milk Fingers Biscuits 189G', 'product_price': '£ 2.00', 'product_additionals': '£1.06/100g'}, {'shop': 'tesco', 'url': 'https://www.tesco.com/groceries/en-GB/products/292215311', 'product_name': 'Cadbury Dairy Milk Flake Chocolate Bars X9 180G', 'product_price': '£ 2.00', 'product_additionals': '£1.12/100g'}, {'shop': 'asda', 'url': 'https://groceries.asda.com/product/1000086367359', 'product_name': 'Cadbury Dairy Milk Flapjack Bites', 'product_price': '£2.00', 'product_additionals': '(12.5p/each)'}, {'shop': 'asda', 'url': 'https://groceries.asda.com/product/1000236571439', 'product_name': 'Cadbury Dairy Milk Freddo & Friends Chocolate Pouch', 'product_price': '£3.00', 'product_additionals': 'No weight data'}, {'shop': 'asda', 'url': 'https://groceries.asda.com/product/1000177860949', 'product_name': 'Cadbury Dairy Milk Freddo & Friends Chocolate Tub', 'product_price': '£4.00', 'product_additionals': 'No weight data'}, {'shop': 'tesco', 'url': 'https://www.tesco.com/groceries/en-GB/products/271614896', 'product_name': 'Cadbury Dairy Milk Freddo 6 Bars 108G', 'product_price': '£ 1.00', 'product_additionals': '£0.93/100g'}, {'shop': 'asda', 'url': 'https://groceries.asda.com/product/1000001956353', 'product_name': 'Cadbury Dairy Milk Freddo Caramel Chocolate Bar', 'product_price': '£0.25', 'product_additionals': '(£1.28/100g)'}, {'shop': 'asda', 'url': 'https://groceries.asda.com/product/910003106423', 'product_name': 'Cadbury Dairy Milk Freddo Chocolate Bar', 'product_price': '£0.25', 'product_additionals': '(£1.39/100g)'}, {'shop': 'asda', 'url': 'https://groceries.asda.com/product/910000420010', 'product_name': 'Cadbury Dairy Milk Freddo Chocolate Bar 6 Pack', 'product_price': '£1.00', 'product_additionals': '(92.6p/100g)'}, {'shop': 'asda', 'url': 'https://groceries.asda.com/product/1000236571342', 'product_name': 'Cadbury Dairy Milk Freddo Chocolate Selection Box', 'product_price': '£1.50', 'product_additionals': '(£1.11/100g)'}, {'shop': 'asda', 'url': 'https://groceries.asda.com/product/910003082572', 'product_name': 'Cadbury Dairy Milk Freddo Faces Chocolate Share Bag', 'product_price': '£1.00', 'product_additionals': 'No weight data'}, {'shop': 'asda', 'url': 'https://groceries.asda.com/product/910001484465', 'product_name': 'Cadbury Dairy Milk Freddo Faces Chocolate Tube', 'product_price': '£1.00', 'product_additionals': '(£1.39/100g)'}, {'shop': 'tesco', 'url': 'https://www.tesco.com/groceries/en-GB/products/291244675', 'product_name': 'Cadbury Dairy Milk Freddo Faces Medium Easter Egg 122G', 'product_price': '£ 1.00', 'product_additionals': '£0.82/100g'}, {'shop': 'asda', 'url': 'https://groceries.asda.com/product/1000236571352', 'product_name': 'Cadbury Dairy Milk Freddo Little Treasures Chocolate Tin', 'product_price': '£3.00', 'product_additionals': '(£3.61/100g)'}, {'shop': 'asda', 'url': 'https://groceries.asda.com/product/1000189263233', 'product_name': 'Cadbury Dairy Milk Freddo Sandwich 6 Pack', 'product_price': '£2.25', 'product_additionals': 'No weight data'}, {'shop': 'asda', 'url': 'https://groceries.asda.com/product/1000107814032', 'product_name': 'Cadbury Dairy Milk Freddo Treasures Chocolate with Toy', 'product_price': '£0.65', 'product_additionals': '(£4.51/100g)'}, {'shop': 'asda', 'url': 'https://groceries.asda.com/product/1000236571360', 'product_name': 'Cadbury Dairy Milk Freddo White Treasures Chocolate Carton', 'product_price': '£0.75', 'product_additionals': '(90.4p/100g)'}, {'shop': 'asda', 'url': 'https://groceries.asda.com/product/910000813097', 'product_name': 'Cadbury Dairy Milk Fruit & Nut Chocolate Bar', 'product_price': '£1.79', 'product_additionals': '(89.5p/100g)'}, {'shop': 'tesco', 'url': 'https://www.tesco.com/groceries/en-GB/products/293597030', 'product_name': 'Cadbury Dairy Milk Fruit & Nut Chocolate Bar 110G', 'product_price': '£ 0.98', 'product_additionals': '£0.89/100g'}, {'shop': 'sains', 'url': 'https://www.sainsburys.co.uk/shop/gb/groceries/product/details/easter-special-offers/cadbury-dairy-milk-fruit---nut-200g', 'product_name': 'Cadbury Dairy Milk Fruit & Nut Chocolate Bar 200g', 'product_price': '£1.50', 'product_additionals': '75p / 100g'}, {'shop': 'tesco', 'url': 'https://www.tesco.com/groceries/en-GB/products/307136116', 'product_name': 'Cadbury Dairy Milk Fruit & Nut Easter Egg 302G', 'product_price': '£ 5.00', 'product_additionals': '£1.66/100g'}, {'shop': 'asda', 'url': 'https://groceries.asda.com/product/910002627704', 'product_name': 'Cadbury Dairy Milk Fruit and Nut Chocolate Bar', 'product_price': '£1.00', 'product_additionals': '(90.9p/100g)'}, {'shop': 'sains', 'url': 'https://www.sainsburys.co.uk/shop/gb/groceries/product/details/new-355373-44/cadbury-dairy-milk-fruit-and-nut-chocolate-egg-302g', 'product_name': 'Cadbury Dairy Milk Fruit and Nut Chocolate Egg 302g', 'product_price': '£6.00', 'product_additionals': '£1.99 / 100g'}, {'shop': 'sains', 'url': 'https://www.sainsburys.co.uk/shop/gb/groceries/product/details/easter-special-offers/cadbury-dairy-milk-fruit-and-nut-chocolate-egg-302g', 'product_name': 'Cadbury Dairy Milk Fruit and Nut Chocolate Egg 302g', 'product_price': '£6.00', 'product_additionals': '£1.99 / 100g'}, {'shop': 'sains', 'url': 'https://www.sainsburys.co.uk/shop/gb/groceries/product/details/all-easter-/cadbury-dairy-milk-fruit-and-nut-chocolate-egg-302g', 'product_name': 'Cadbury Dairy Milk Fruit and Nut Chocolate Egg 302g', 'product_price': '£6.00', 'product_additionals': '£1.99 / 100g'}, {'shop': 'sains', 'url': 'https://www.sainsburys.co.uk/shop/gb/groceries/product/details/easter-giant/cadbury-dairy-milk-fruit-and-nut-ultimate-chocolate-egg-532g', 'product_name': 'Cadbury Dairy Milk Fruit and Nut Ultimate Chocolate Egg 532g', 'product_price': '£12.00', 'product_additionals': '£2.26 / 100g'}, {'shop': 'sains', 'url': 'https://www.sainsburys.co.uk/shop/gb/groceries/product/details/all-easter-eggs-and-chocolate-/cadbury-dairy-milk-fruit-and-nut-ultimate-chocolate-egg-532g', 'product_name': 'Cadbury Dairy Milk Fruit and Nut Ultimate Chocolate Egg 532g', 'product_price': '£12.00', 'product_additionals': '£2.26 / 100g'}, {'shop': 'coop', 'url': 'https://www.coop.co.uk/products/cadbury-dairy-milk-giant-buttons-119g', 'product_name': 'Cadbury Dairy Milk Giant Buttons 119g', 'product_price': '£1', 'product_additionals': '119g (84.0p per 100g)'}, {'shop': 'tesco', 'url': 'https://www.tesco.com/groceries/en-GB/products/285383766', 'product_name': 'Cadbury Dairy Milk Giant Buttons 119G', 'product_price': '£ 1.00', 'product_additionals': '£0.84/100g'}, {'shop': 'sains', 'url': 'https://www.sainsburys.co.uk/shop/gb/groceries/product/details/watch-the-sport/cadbury-dairy-milk-giant-buttons-chocolate-bag-252g', 'product_name': 'Cadbury Dairy Milk Giant Buttons Chocolate Big Share Bag 240g', 'product_price': '£2.00', 'product_additionals': '83p / 100g'}, {'shop': 'asda', 'url': 'https://groceries.asda.com/product/910001452441', 'product_name': 'Cadbury Dairy Milk Giant Buttons Chocolate Share Bag', 'product_price': '£0.98', 'product_additionals': '(82.3p/100g)'}, {'shop': 'sains', 'url': 'https://www.sainsburys.co.uk/shop/gb/groceries/product/details/easter-giant/cadbury-dairy-milk-giant-buttons-easter-egg-419g', 'product_name': 'Cadbury Dairy Milk Giant Buttons Easter Egg 419g', 'product_price': '£10.00', 'product_additionals': '£2.39 / 100g'}, {'shop': 'sains', 'url': 'https://www.sainsburys.co.uk/shop/gb/groceries/product/details/new-355373-44/cadbury-dairy-milk-giant-buttons-easter-egg-419g', 'product_name': 'Cadbury Dairy Milk Giant Buttons Easter Egg 419g', 'product_price': '£10.00', 'product_additionals': '£2.39 / 100g'}, {'shop': 'sains', 'url': 'https://www.sainsburys.co.uk/shop/gb/groceries/product/details/easter-special-offers/cadbury-dairy-milk-giant-buttons-easter-egg-419g', 'product_name': 'Cadbury Dairy Milk Giant Buttons Easter Egg 419g', 'product_price': '£10.00', 'product_additionals': '£2.39 / 100g'}, {'shop': 'sains', 'url': 'https://www.sainsburys.co.uk/shop/gb/groceries/product/details/top-rated-44/cadbury-dairy-milk-giant-buttons-119g', 'product_name': 'Cadbury Dairy Milk Giant Chocolate Buttons Bag 119g', 'product_price': '£1.50', 'product_additionals': '£1.26 / 100g'}, {'shop': 'sains', 'url': 'https://www.sainsburys.co.uk/shop/gb/groceries/product/details/big-night-in/cadbury-dairy-milk-giant-buttons-119g', 'product_name': 'Cadbury Dairy Milk Giant Chocolate Buttons Bag 119g', 'product_price': '£1.50', 'product_additionals': '£1.26 / 100g'}, {'shop': 'sains', 'url': 'https://www.sainsburys.co.uk/shop/gb/groceries/product/details/all-easter-eggs-and-chocolate-/cadbury-dairy-milk-giant-easter-egg-515g', 'product_name': 'Cadbury Dairy Milk Giant Easter Egg 515g', 'product_price': '£10.00', 'product_additionals': '£1.94 / 100g'}, {'shop': 'sains', 'url': 'https://www.sainsburys.co.uk/shop/gb/groceries/product/details/easter-giant/cadbury-dairy-milk-giant-easter-egg-515g', 'product_name': 'Cadbury Dairy Milk Giant Easter Egg 515g', 'product_price': '£10.00', 'product_additionals': '£1.94 / 100g'}, {'shop': 'asda', 'url': 'https://groceries.asda.com/product/1000169694811', 'product_name': 'Cadbury Dairy Milk Gingerbread Chocolate Bar', 'product_price': '£1.00', 'product_additionals': '(83.3p/100g)'}, {'shop': 'asda', 'url': 'https://groceries.asda.com/product/910002053038', 'product_name': 'Cadbury Dairy Milk Golden Crisp', 'product_price': '£1.00', 'product_additionals': '(£1.85/100g)'}, {'shop': 'asda', 'url': 'https://groceries.asda.com/product/1000236571380', 'product_name': 'Cadbury Dairy Milk Jingly Bells Hazelnut Creme Chocolate Bag', 'product_price': '£1.00', 'product_additionals': '(£1.22/100g)'}, {'shop': 'asda', 'url': 'https://groceries.asda.com/product/910002112474', 'product_name': 'Cadbury Dairy Milk Little Bars Chocolate 6 Pack', 'product_price': '£1.00', 'product_additionals': '(92.6p/100g)'}, {'shop': 'asda', 'url': 'https://groceries.asda.com/product/910002112470', 'product_name': 'Cadbury Dairy Milk Little Chocolate Bar', 'product_price': '£0.25', 'product_additionals': '(£1.39/100g)'}, {'shop': 'asda', 'url': 'https://groceries.asda.com/product/1000236571491', 'product_name': 'Cadbury Dairy Milk Little Chocolate Robins Bag', 'product_price': '£1.00', 'product_additionals': '(£1.14/100g)'}, {'shop': 'tesco', 'url': 'https://www.tesco.com/groceries/en-GB/products/277746822', 'product_name': 'Cadbury Dairy Milk Marvellous Creations Jelly Candy Bar 47G', 'product_price': '£ 0.60', 'product_additionals': '£1.28/100g'}, {'shop': 'asda', 'url': 'https://groceries.asda.com/product/910002112245', 'product_name': 'Cadbury Dairy Milk Marvellous Smashables Jelly Popping Chocolate Bar', 'product_price': '£1.79', 'product_additionals': '(99.4p/100g)'}, {'shop': 'asda', 'url': 'https://groceries.asda.com/product/1000086367403', 'product_name': 'Cadbury Dairy Milk Mini Cookies', 'product_price': '£2.00', 'product_additionals': '(12.5p/each)'}, {'shop': 'tesco', 'url': 'https://www.tesco.com/groceries/en-GB/products/307145693', 'product_name': 'Cadbury Dairy Milk Mini Eggs Eggs 77G', 'product_price': '£ 1.00', 'product_additionals': '£1.30/100g'}, {'shop': 'asda', 'url': 'https://groceries.asda.com/product/910002053589', 'product_name': 'Cadbury Dairy Milk Mint Crisp', 'product_price': '£1.00', 'product_additionals': '(£1.85/100g)'}, {'shop': 'sains', 'url': 'https://www.sainsburys.co.uk/shop/gb/groceries/product/details/new-trending-special-offers/cadbury-dairy-milk-x9-293g', 'product_name': 'Cadbury Dairy Milk Multipack 10x292.5g', 'product_price': '£2.50', 'product_additionals': '99p / 100g'}, {'shop': 'tesco', 'url': 'https://www.tesco.com/groceries/en-GB/products/306939406', 'product_name': 'Cadbury Dairy Milk Orange Giant Buttons 110G', 'product_price': '£ 1.00', 'product_additionals': '£0.91/100g'}, {'shop': 'tesco', 'url': 'https://www.tesco.com/groceries/en-GB/products/307339406', 'product_name': 'Cadbury Dairy Milk Orange Giant Buttons Easter Egg 410G', 'product_price': '£ 10.00', 'product_additionals': '£2.44/100g'}, {'shop': 'tesco', 'url': 'https://www.tesco.com/groceries/en-GB/products/307341587', 'product_name': 'Cadbury Dairy Milk Oreo Easter Egg 233G', 'product_price': '£ 3.00', 'product_additionals': '£1.29/100g'}, {'shop': 'tesco', 'url': 'https://www.tesco.com/groceries/en-GB/products/307736656', 'product_name': 'Cadbury Dairy Milk Oreo Mini Eggs 72G', 'product_price': '£ 1.00', 'product_additionals': '£1.39/100g'}, {'shop': 'tesco', 'url': 'https://www.tesco.com/groceries/en-GB/products/307356760', 'product_name': 'Cadbury Dairy Milk Peter Rabbit Easter Egg 100G', 'product_price': '£ 10.00', 'product_additionals': '£10.00/100g'}, {'shop': 'tesco', 'url': 'https://www.tesco.com/groceries/en-GB/products/307342102', 'product_name': 'Cadbury Dairy Milk Peter Rabbit Egg 72G', 'product_price': '£ 6.00', 'product_additionals': '£8.34/100g'}, {'shop': 'tesco', 'url': 'https://www.tesco.com/groceries/en-GB/products/304787299', 'product_name': 'Cadbury Dairy Milk Pot Of Joy Caramel Dessert 4Pack 260G', 'product_price': '£ 2.00', 'product_additionals': '£0.77/100g'}, {'shop': 'tesco', 'url': 'https://www.tesco.com/groceries/en-GB/products/304787686', 'product_name': 'Cadbury Dairy Milk Pots Of Joy Chocolate Dessert 4Pack 260G', 'product_price': '£ 2.00', 'product_additionals': '£0.77/100g'}, {'shop': 'asda', 'url': 'https://groceries.asda.com/product/1000236571485', 'product_name': 'Cadbury Dairy Milk Small Chocolate Selection Pack', 'product_price': '£0.89', 'product_additionals': '(£1.00/100g)'}, {'shop': 'sains', 'url': 'https://www.sainsburys.co.uk/shop/gb/groceries/product/details/all-easter-eggs-and-chocolate-/cadbury-dairy-milk-small-hollow-chocolate-bunny-50g', 'product_name': 'Cadbury Dairy Milk Small Hollow Bunny 50g', 'product_price': '£1.00', 'product_additionals': '£2.00 / 100g'}, {'shop': 'tesco', 'url': 'https://www.tesco.com/groceries/en-GB/products/293795422', 'product_name': 'Cadbury Dairy Milk Stick 4X100ml', 'product_price': '£ 2.75', 'product_additionals': '£0.69/100ml'}, {'shop': 'asda', 'url': 'https://groceries.asda.com/product/910002053147', 'product_name': 'Cadbury Dairy Milk Tiffin', 'product_price': '£1.00', 'product_additionals': '(£1.89/100g)'}, {'shop': 'coop', 'url': 'https://www.coop.co.uk/products/cadbury-dairy-milk-tub-480ml', 'product_name': 'Cadbury Dairy Milk Tub 480ml', 'product_price': '£2.75', 'product_additionals': '480ml (57.3p per 100g)'}, {'shop': 'tesco', 'url': 'https://www.tesco.com/groceries/en-GB/products/292215294', 'product_name': 'Cadbury Dairy Milk Twirl Chocolate Bars X11 236.5G', 'product_price': '£ 2.00', 'product_additionals': '£0.85/100g'}, {'shop': 'tesco', 'url': 'https://www.tesco.com/groceries/en-GB/products/307361528', 'product_name': 'Cadbury Dairy Milk Ultimate Chopped Nut Easter Egg 518G', 'product_price': '£ 12.00', 'product_additionals': '£2.32/100g'}, {'shop': 'asda', 'url': 'https://groceries.asda.com/product/910000813043', 'product_name': 'Cadbury Dairy Milk Whole Nut Chocolate Bar', 'product_price': '£1.79', 'product_additionals': '(89.5p/100g)'}, {'shop': 'asda', 'url': 'https://groceries.asda.com/product/910000813156', 'product_name': 'Cadbury Dairy Milk Whole Nut Chocolate Bar', 'product_price': '£1.00', 'product_additionals': '(83.3p/100g)'}, {'shop': 'tesco', 'url': 'https://www.tesco.com/groceries/en-GB/products/275523231', 'product_name': 'Cadbury Dairy Milk Whole Nut Chocolate Bar 120G', 'product_price': '£ 0.98', 'product_additionals': '£0.82/100g'}, {'shop': 'asda', 'url': 'https://groceries.asda.com/product/910001148445', 'product_name': 'Cadbury Dairy Milk Winter Wonderland Chocolate Bar', 'product_price': '£1.00', 'product_additionals': '(£1.00/100g)'}, {'shop': 'tesco', 'url': 'https://www.tesco.com/groceries/en-GB/products/292286433', 'product_name': 'Cadbury Dairy Milk Wispa Bar 36G', 'product_price': '£ 0.60', 'product_additionals': '£1.67/100g'}, {'shop': 'asda', 'url': 'https://groceries.asda.com/product/1000137976642', 'product_name': 'Cadbury Dairy Milk with Caramel Muffins', 'product_price': '£1.00', 'product_additionals': 'No weight data'}, {'shop': 'asda', 'url': 'https://groceries.asda.com/product/910001139724', 'product_name': 'Cadbury Dairy Milk with Daim Chocolate Bar', 'product_price': '£1.00', 'product_additionals': '(83.3p/100g)'}, {'shop': 'asda', 'url': 'https://groceries.asda.com/product/910002489803', 'product_name': 'Cadbury Dairy Milk with Oreo Chocolate Bar', 'product_price': '£0.60', 'product_additionals': '(£1.46/100g)'}, {'shop': 'sains', 'url': 'https://www.sainsburys.co.uk/shop/gb/groceries/product/details/all-easter-eggs-and-chocolate-/cadbury-dairy-milk-with-oreo-minis-bag-82g', 'product_name': 'Cadbury Dairy Milk with Oreo Minis Bag 82g', 'product_price': '£1.00', 'product_additionals': '£1.39 / 100g'}, {'shop': 'asda', 'url': 'https://groceries.asda.com/product/1000198622413', 'product_name': 'Cadbury Dairy Milk with Oreo White Chocolate Bar', 'product_price': '£1.00', 'product_additionals': 'No weight data'}, {'shop': 'tesco', 'url': 'https://www.tesco.com/groceries/en-GB/products/301065629', 'product_name': 'Cadbury Dark Milk 85G', 'product_price': '£ 1.50', 'product_additionals': '£1.77/100g'}, {'shop': 'asda', 'url': 'https://groceries.asda.com/product/1000107814073', 'product_name': 'Cadbury Dark Milk Almond Chocolate Bar', 'product_price': '£1.00', 'product_additionals': '(£1.18/100g)'}, {'shop': 'coop', 'url': 'https://www.coop.co.uk/products/cadbury-dark-milk-buttons-105g', 'product_name': 'Cadbury Dark Milk Buttons 105g', 'product_price': '£1', 'product_additionals': '105g (95.2p per 100g)'}, {'shop': 'tesco', 'url': 'https://www.tesco.com/groceries/en-GB/products/303836642', 'product_name': 'Cadbury Dark Milk Chocolate 35G', 'product_price': '£ 0.60', 'product_additionals': '£1.72/100g'}, {'shop': 'asda', 'url': 'https://groceries.asda.com/product/1000107814029', 'product_name': 'Cadbury Dark Milk Chocolate Bar', 'product_price': '£1.00', 'product_additionals': '(£1.18/100g)'}, {'shop': 'tesco', 'url': 'https://www.tesco.com/groceries/en-GB/products/307142379', 'product_name': 'Cadbury Dark Milk Multipack 4Pack 112G', 'product_price': '£ 1.00', 'product_additionals': '£0.89/100g'}, {'shop': 'tesco', 'url': 'https://www.tesco.com/groceries/en-GB/products/303670831', 'product_name': 'Cadbury Dark Milk Salted Caramel 85G', 'product_price': '£ 1.50', 'product_additionals': '£1.77/100g'}, {'shop': 'asda', 'url': 'https://groceries.asda.com/product/1000107814079', 'product_name': 'Cadbury Dark Milk Salted Caramel Chocolate Bar', 'product_price': '£1.00', 'product_additionals': '(£1.18/100g)'}, {'shop': 'asda', 'url': 'https://groceries.asda.com/product/1000107814008', 'product_name': 'Cadbury Darkmilk Chocolate Bar', 'product_price': '£0.55', 'product_additionals': '(£1.57/100g)'}, {'shop': 'sains', 'url': 'https://www.sainsburys.co.uk/shop/gb/groceries/product/details/easter-special-offers/cadburys-dark-milk-egg-265g', 'product_name': 'Cadbury Darkmilk Chocolate Bar with Large Darkmilk Easter Egg 265g', 'product_price': '60p', 'product_additionals': '23p / 100g'}, {'shop': 'asda', 'url': 'https://groceries.asda.com/product/1000247072373', 'product_name': 'Cadbury Darkmilk Chocolate Bars 4 Pack', 'product_price': '£1.00', 'product_additionals': '(89.3p/100g)'}, {'shop': 'tesco', 'url': 'https://www.tesco.com/groceries/en-GB/products/308101790', 'product_name': 'Cadbury Darkmilk Chocolate Layered Dessert 2Pack 180G', 'product_price': '£ 1.30', 'product_additionals': '£0.72/100g'}, {'shop': 'asda', 'url': 'https://groceries.asda.com/product/1000196324556', 'product_name': 'Cadbury Darkmilk Crunchy Cocoa Pieces Chocolate Bar', 'product_price': '£1.00', 'product_additionals': '(£1.18/100g)'}, {'shop': 'tesco', 'url': 'https://www.tesco.com/groceries/en-GB/products/305977517', 'product_name': 'Cadbury Darkmilk Giant Buttons 105G', 'product_price': '£ 1.00', 'product_additionals': '£0.95/100g'}, {'shop': 'asda', 'url': 'https://groceries.asda.com/product/1000197281169', 'product_name': 'Cadbury Darkmilk Giant Buttons Chocolate Bag', 'product_price': '£1.00', 'product_additionals': '(95.2p/100g)'}, {'shop': 'tesco', 'url': 'https://www.tesco.com/groceries/en-GB/products/271650783', 'product_name': 'Cadbury Fair Trade Dairy Milk Little Bar 21G', 'product_price': '£ 0.26', 'product_additionals': '£1.24/100g'}, {'shop': 'tesco', 'url': 'https://www.tesco.com/groceries/en-GB/products/284384444', 'product_name': 'Cadbury Fingers Milk Chocolate 114G', 'product_price': '£ 1.50', 'product_additionals': '£1.32/100g'}, {'shop': 'tesco', 'url': 'https://www.tesco.com/groceries/en-GB/products/304797271', 'product_name': 'Cadbury Flake Milk Chocolate Dessert 85G', 'product_price': '£ 0.75', 'product_additionals': '£0.88/100g'}, {'shop': 'asda', 'url': 'https://groceries.asda.com/product/1000246258482', 'product_name': 'Cadbury Fudge Milk Chocolate Bar', 'product_price': '£0.25', 'product_additionals': '(£1.14/100g)'}, {'shop': 'asda', 'url': 'https://groceries.asda.com/product/1000018796226', 'product_name': 'Cadbury Highlights Milk Hot Chocolate', 'product_price': '£3.99', 'product_additionals': '(£1.81/100g)'}, {'shop': 'tesco', 'url': 'https://www.tesco.com/groceries/en-GB/products/273566384', 'product_name': 'Cadbury Highlights Milk Stickpack11g', 'product_price': '£ 0.32', 'product_additionals': '£2.91/100g'}, {'shop': 'asda', 'url': 'https://groceries.asda.com/product/1000094101717', 'product_name': 'Cadbury Milk Chocolate and Oreo Tree Decorations 14 Pack', 'product_price': '£2.50', 'product_additionals': '(£1.84/100g)'}, {'shop': 'tesco', 'url': 'https://www.tesco.com/groceries/en-GB/products/307147005', 'product_name': 'Cadbury Milk Chocolate Giant Buttons Share Bag 240G', 'product_price': '£ 2.00', 'product_additionals': '£0.83/100g'}, {'shop': 'tesco', 'url': 'https://www.tesco.com/groceries/en-GB/products/306927207', 'product_name': 'Cadbury Milk Chocolate Orange Fingers 114G', 'product_price': '£ 1.55', 'product_additionals': '£1.36/100g'}, {'shop': 'tesco', 'url': 'https://www.tesco.com/groceries/en-GB/products/286581530', 'product_name': 'Cadbury Milk Chocolate Puddings 2X95g', 'product_price': '£ 1.50', 'product_additionals': '£7.90/kg'}, {'shop': 'asda', 'url': 'https://groceries.asda.com/product/910002235262', 'product_name': 'Cadbury Milk Chocolate Spread', 'product_price': '£3.00', 'product_additionals': '(42.9p/100g)'}, {'shop': 'asda', 'url': 'https://groceries.asda.com/product/910001507912', 'product_name': 'Cadbury Milk Chocolate Sticky Puds', 'product_price': '£1.67', 'product_additionals': '(83.5p/each)'}, {'shop': 'asda', 'url': 'https://groceries.asda.com/product/910000464913', 'product_name': 'Cadbury Milk Chocolate Tree Decorations 9 Pack', 'product_price': '£1.50', 'product_additionals': '(£1.79/100g)'}, {'shop': 'coop', 'url': 'https://www.coop.co.uk/products/cadbury-milk-tray-530g', 'product_name': 'Cadbury Milk Tray 530g', 'product_price': '£12', 'product_additionals': '£1.12 per 100g\n530g'}, {'shop': 'tesco', 'url': 'https://www.tesco.com/groceries/en-GB/products/290504888', 'product_name': 'Cadbury Milk Tray Boxed Chocolates 360G', 'product_price': '£ 4.00', 'product_additionals': '£1.12/100g'}, {'shop': 'asda', 'url': 'https://groceries.asda.com/product/910002052812', 'product_name': 'Cadbury Milk Tray Chocolate Box', 'product_price': '£3.00', 'product_additionals': '(83.3p/100g)'}, {'shop': 'asda', 'url': 'https://groceries.asda.com/product/910002052877', 'product_name': 'Cadbury Milk Tray Chocolate Box', 'product_price': '£1.00', 'product_additionals': '(£1.28/100g)'}, {'shop': 'sains', 'url': 'https://www.sainsburys.co.uk/shop/gb/groceries/product/details/boxedchocolates/cadbury-chocolate-milk-tray-360g', 'product_name': 'Cadbury Milk Tray Chocolate Box 360g', 'product_price': '£6.00', 'product_additionals': '£1.67 / 100g'}, {'shop': 'sains', 'url': 'https://www.sainsburys.co.uk/shop/gb/groceries/product/details/chocolate-and-sweets-/cadbury-chocolate-milk-tray-360g', 'product_name': 'Cadbury Milk Tray Chocolate Box 360g', 'product_price': '£6.00', 'product_additionals': '£1.67 / 100g'}, {'shop': 'sains', 'url': 'https://www.sainsburys.co.uk/shop/gb/groceries/product/details/easter-special-offers/cadbury-chocolate-milk-tray-360g', 'product_name': 'Cadbury Milk Tray Chocolate Box 360g', 'product_price': '£6.00', 'product_additionals': '£1.67 / 100g'}, {'shop': 'sains', 'url': 'https://www.sainsburys.co.uk/shop/gb/groceries/product/details/special-offers-/cadbury-chocolate-milk-tray-360g', 'product_name': 'Cadbury Milk Tray Chocolate Box 360g', 'product_price': '£6.00', 'product_additionals': '£1.67 / 100g'}, {'shop': 'sains', 'url': 'https://www.sainsburys.co.uk/shop/gb/groceries/product/details/boxedchocolates/cadbury-milk-tray-chocolate-box-530g', 'product_name': 'Cadbury Milk Tray Chocolate Box 530g', 'product_price': '£6.00', 'product_additionals': '£1.13 / 100g'}, {'shop': 'tesco', 'url': 'https://www.tesco.com/groceries/en-GB/products/295848830', 'product_name': 'Cadbury Mini Rolls Milk Chocolate 10 Pack', 'product_price': '£ 2.60', 'product_additionals': '£0.26/each'}, {'shop': 'asda', 'url': 'https://groceries.asda.com/product/1000160202684', 'product_name': 'Cadbury Pots of Joy Dairy Milk Caramel Dessert', 'product_price': '£2.00', 'product_additionals': '(76.9p/100g)'}, {'shop': 'asda', 'url': 'https://groceries.asda.com/product/1000160202768', 'product_name': 'Cadbury Pots of Joy Dairy Milk Chocolate Dessert', 'product_price': '£2.00', 'product_additionals': '(76.9p/100g)'}, {'shop': 'tesco', 'url': 'https://www.tesco.com/groceries/en-GB/products/306660176', 'product_name': 'Cadbury Roundie Milk Chocolate Biscuit 180G', 'product_price': '£ 1.99', 'product_additionals': '£1.11/100g'}, {'shop': 'asda', 'url': 'https://groceries.asda.com/product/1000214684777', 'product_name': 'Cadbury Roundie Milk Chocolate Biscuits 6 Pack', 'product_price': '£1.99', 'product_additionals': '(£1.11/100g)'}, {'shop': 'coop', 'url': 'https://www.coop.co.uk/products/cadburys-dairy-milk-mini-cones-8-pack', 'product_name': 'Cadburys Dairy Milk Mini Cones 8 Pack', 'product_price': '£2.80', 'product_additionals': '(35p per item)\n8 pack'}, {'shop': 'tesco', 'url': 'https://www.tesco.com/groceries/en-GB/products/295375571', 'product_name': 'Cake Decor Choco Writer Milk Chocolate 80G', 'product_price': '£ 1.50', 'product_additionals': '£1.88/100g'}, {'shop': 'asda', 'url': 'https://groceries.asda.com/product/1000005550468', 'product_name': 'Camelicious Long Life Whole Camel Milk', 'product_price': '£2.75', 'product_additionals': '(£1.17/100ml)'}, {'shop': 'asda', 'url': 'https://groceries.asda.com/product/910002380756', 'product_name': 'Caribbean Choice Coconut Milk', 'product_price': '£0.63', 'product_additionals': '(15.8p/100ml)'}, {'shop': 'asda', 'url': 'https://groceries.asda.com/product/1905507', 'product_name': 'Carnation Condensed Milk', 'product_price': '£1.39', 'product_additionals': '(35.0p/100g)'}, {'shop': 'asda', 'url': 'https://groceries.asda.com/product/19432', 'product_name': 'Carnation Evaporated Milk', 'product_price': '£1.10', 'product_additionals': '(26.8p/100g)'}, {'shop': 'asda', 'url': 'https://groceries.asda.com/product/19431', 'product_name': 'Carnation Evaporated Milk', 'product_price': '£0.70', 'product_additionals': '(41.2p/100g)'}, {'shop': 'tesco', 'url': 'https://www.tesco.com/groceries/en-GB/products/254902431', 'product_name': 'Carnation Evaporated Milk 170G', 'product_price': '£ 0.70', 'product_additionals': '£4.12/kg'}, {'shop': 'tesco', 'url': 'https://www.tesco.com/groceries/en-GB/products/254902477', 'product_name': 'Carnation Evaporated Milk 410G-14.5 Oz Can', 'product_price': '£ 1.00', 'product_additionals': '£2.44/kg'}, {'shop': 'asda', 'url': 'https://groceries.asda.com/product/1905509', 'product_name': 'Carnation Light Condensed Milk', 'product_price': '£1.39', 'product_additionals': '(34.3p/100g)'}, {'shop': 'tesco', 'url': 'https://www.tesco.com/groceries/en-GB/products/258049553', 'product_name': 'Carnation Light Condensed Milk 405G', 'product_price': '£ 1.39', 'product_additionals': '£3.44/kg'}, {'shop': 'tesco', 'url': 'https://www.tesco.com/groceries/en-GB/products/252395497', 'product_name': 'Carnation Light Evaporated Milk 410G', 'product_price': '£ 1.00', 'product_additionals': '£2.44/kg'}, {'shop': 'tesco', 'url': 'https://www.tesco.com/groceries/en-GB/products/258050084', 'product_name': 'Carnation Sweetened Condensed Milk 397G', 'product_price': '£ 1.39', 'product_additionals': '£3.51/kg'}, {'shop': 'tesco', 'url': 'https://www.tesco.com/groceries/en-GB/products/307332650', 'product_name': 'Carnation Vegan Condensed Milk Alternative 370G', 'product_price': '£ 1.70', 'product_additionals': '£4.60/kg'}, {'shop': 'tesco', 'url': 'https://www.tesco.com/groceries/en-GB/products/287230737', 'product_name': 'Celebrations Large Milk Chocolate Easter Egg & Chocolates 248G', 'product_price': '£ 3.00', 'product_additionals': '£1.21/100g'}, {'shop': 'tesco', 'url': 'https://www.tesco.com/groceries/en-GB/products/304793718', 'product_name': 'Celebrations Milk Chocolate Egg With 14 Mini Chocolates 305G', 'product_price': '£ 5.00', 'product_additionals': '£1.64/100g'}, {'shop': 'coop', 'url': 'https://www.coop.co.uk/products/co-op-i-love-you-more-than-chocolate-solid-milk-chocolate-shapes-85g', 'product_name': "Co-op 'I Love You More Than Chocolate' Solid Milk Chocolate Shapes 85g", 'product_price': '£1', 'product_additionals': '85g (£1.18 per 100g)'}, {'shop': 'coop', 'url': 'https://www.coop.co.uk/products/co-op-british-fresh-semi-skimmed-milk-1-pint-568ml', 'product_name': 'Co-op British Fresh Semi-Skimmed Milk 1 Pint 568ml', 'product_price': '£0.52', 'product_additionals': '568ml (9p per 100ml)\n1x568ml'}, {'shop': 'coop', 'url': 'https://www.coop.co.uk/products/co-op-free-from-chocolate-stick-4-pack', 'product_name': 'Co-op Free From Choc Sticks 4x76g (304g) - Milk Free', 'product_price': '£2.50', 'product_additionals': '304g (82.2p per 100g)\n4 pack'}, {'shop': 'coop', 'url': 'https://www.coop.co.uk/products/co-op-irresistible-milk-almond-and-sea-salt-100g', 'product_name': 'Co-op Irresistible Milk Chocolate with Almond & Sicilian Sea Salt 100g', 'product_price': '£1.60', 'product_additionals': '100g (£1.28 per 100g)'}, {'shop': 'sains', 'url': 'https://www.sainsburys.co.uk/shop/gb/groceries/product/details/dairy-eggs-special-offers/cocio-classic-chocolate-milk-600ml', 'product_name': 'Cocio Classic Chocolate Milk 600ml', 'product_price': '£2.00', 'product_additionals': '£3.34 / ltr'}, {'shop': 'sains', 'url': 'https://www.sainsburys.co.uk/shop/gb/groceries/product/details/easter-special-offers/cocoa-et-co-milk-chocolate-bunny-405g', 'product_name': 'Cocoa & Co. Belgian Milk Chocolate Bunny 405g', 'product_price': '£8.00', 'product_additionals': '£1.98 / 100g'}, {'shop': 'sains', 'url': 'https://www.sainsburys.co.uk/shop/gb/groceries/product/details/easter-special-offers/cocoa-co-belgian-milk-chocolate-egg-150g', 'product_name': 'Cocoa & Co. Belgian Milk Chocolate Egg 150g', 'product_price': '£5.00', 'product_additionals': '£3.33 / 100g'}, {'shop': 'sains', 'url': 'https://www.sainsburys.co.uk/shop/gb/groceries/product/details/all-easter-/cocoa-co-belgian-milk-chocolate-egg-150g', 'product_name': 'Cocoa & Co. Belgian Milk Chocolate Egg 150g', 'product_price': '£5.00', 'product_additionals': '£3.33 / 100g'}, {'shop': 'tesco', 'url': 'https://www.tesco.com/groceries/en-GB/products/285963725', 'product_name': 'Collagen+ Beauty Milk 200Ml', 'product_price': '£ 2.00', 'product_additionals': '£1.00/100ml'}, {'shop': 'asda', 'url': 'https://groceries.asda.com/product/1000244431906', 'product_name': 'Collection Lasting Perfection Foundation, Buttermilk Sh10', 'product_price': '£6.48', 'product_additionals': '(£2.40/10ml)'}, {'shop': 'tesco', 'url': 'https://www.tesco.com/groceries/en-GB/products/305964757', 'product_name': 'Collective Kefir Mango Cultured Milk Drink 500Ml', 'product_price': '£ 2.00', 'product_additionals': '£0.40/100ml'}, {'shop': 'asda', 'url': 'https://groceries.asda.com/product/1000210856879', 'product_name': 'Costa Dolce Gusto Compatible Signature Blend Latte 8 Milk & 8 Coffee Pods', 'product_price': '£4.50', 'product_additionals': '(£1.59/100g)'}, {'shop': 'asda', 'url': 'https://groceries.asda.com/product/1000053469133', 'product_name': 'Cow & Gate 1 Anti-Reflux Milk Powder Formula From Birth', 'product_price': '£10.50', 'product_additionals': 'No weight data'}, {'shop': 'asda', 'url': 'https://groceries.asda.com/product/1000053469250', 'product_name': 'Cow & Gate 1 Comfort Milk Powder Formula From Birth', 'product_price': '£10.50', 'product_additionals': 'No weight data'}, {'shop': 'asda', 'url': 'https://groceries.asda.com/product/1000196707103', 'product_name': 'Cow & Gate 1 First Baby Milk Formula From Birth Big Pack', 'product_price': '£11.00', 'product_additionals': 'No weight data'}, {'shop': 'asda', 'url': 'https://groceries.asda.com/product/1000195178821', 'product_name': 'Cow & Gate 1 First Baby Milk Powder Formula Sachets From Birth', 'product_price': '£6.00', 'product_additionals': 'No weight data'}, {'shop': 'asda', 'url': 'https://groceries.asda.com/product/910001060946', 'product_name': 'Cow & Gate 1 First Infant Milk Liquid Ready To Feed Formula From Birth', 'product_price': '£0.75', 'product_additionals': 'No weight data'}, {'shop': 'asda', 'url': 'https://groceries.asda.com/product/910000812908', 'product_name': 'Cow & Gate 1 First Infant Milk Liquid Ready To Feed Formula From Birth', 'product_price': '£3.20', 'product_additionals': 'No weight data'}, {'shop': 'asda', 'url': 'https://groceries.asda.com/product/910001707158', 'product_name': 'Cow & Gate 1 First Infant Milk Liquid Ready To Feed Formula From Birth', 'product_price': '£2.80', 'product_additionals': 'No weight data'}, {'shop': 'asda', 'url': 'https://groceries.asda.com/product/910001386943', 'product_name': 'Cow & Gate 1 First Infant Milk Liquid Ready To Feed Starter Pack From Birth', 'product_price': '£6.40', 'product_additionals': 'No weight data'}, {'shop': 'asda', 'url': 'https://groceries.asda.com/product/1000053469140', 'product_name': 'Cow & Gate 1 First Infant Milk Powder Formula From Birth', 'product_price': '£7.45', 'product_additionals': 'No weight data'}, {'shop': 'tesco', 'url': 'https://www.tesco.com/groceries/en-GB/products/273752014', 'product_name': 'Cow & Gate 1 First Milk 1 Litre Ready To Feed Liquid', 'product_price': '£ 3.20', 'product_additionals': '£3.20/litre'}, {'shop': 'tesco', 'url': 'https://www.tesco.com/groceries/en-GB/products/286866516', 'product_name': 'Cow & Gate 1 First Milk Multipack 4X200ml Ready To Feed Liquid', 'product_price': '£ 2.80', 'product_additionals': '£3.50/litre'}, {'shop': 'tesco', 'url': 'https://www.tesco.com/groceries/en-GB/products/301359789', 'product_name': 'Cow & Gate 1 First Milk Powder 800G', 'product_price': '£ 8.00', 'product_additionals': '£1.00/100g'}, {'shop': 'tesco', 'url': 'https://www.tesco.com/groceries/en-GB/products/283467953', 'product_name': 'Cow & Gate 1 First Milk Starter Pack 6X70ml Ready To Feed Liquid', 'product_price': '£ 6.50', 'product_additionals': '£15.48/litre'}, {'shop': 'asda', 'url': 'https://groceries.asda.com/product/1000053468973', 'product_name': 'Cow & Gate 1 Hungry Milk Powder Formula From Birth', 'product_price': '£8.00', 'product_additionals': 'No weight data'}, {'shop': 'tesco', 'url': 'https://www.tesco.com/groceries/en-GB/products/281197852', 'product_name': 'Cow & Gate 1-2 Years Growing Up Milk 1-2Yr 200Ml', 'product_price': '£ 0.65', 'product_additionals': '£3.25/litre'}, {'shop': 'asda', 'url': 'https://groceries.asda.com/product/1000196707073', 'product_name': 'Cow & Gate 2 Follow On Baby Milk Formula Big Pack 6+ Months', 'product_price': '£11.00', 'product_additionals': 'No weight data'}, {'shop': 'asda', 'url': 'https://groceries.asda.com/product/1000195178752', 'product_name': 'Cow & Gate 2 Follow On Baby Milk Powder Formula Sachets 6-12 Months', 'product_price': '£6.00', 'product_additionals': 'No weight data'}, {'shop': 'tesco', 'url': 'https://www.tesco.com/groceries/en-GB/products/281197751', 'product_name': 'Cow & Gate 2 Follow On Milk 200Ml Ready To Feed Liquid', 'product_price': '£ 0.75', 'product_additionals': '£3.75/litre'}, {'shop': 'asda', 'url': 'https://groceries.asda.com/product/910001061451', 'product_name': 'Cow & Gate 2 Follow On Milk Liquid Ready To Feed Formula 6-12 Months', 'product_price': '£0.75', 'product_additionals': 'No weight data'}, {'shop': 'asda', 'url': 'https://groceries.asda.com/product/910001706771', 'product_name': 'Cow & Gate 2 Follow On Milk Liquid Ready To Feed Formula 6-12 Months', 'product_price': '£2.80', 'product_additionals': 'No weight data'}, {'shop': 'tesco', 'url': 'https://www.tesco.com/groceries/en-GB/products/286866292', 'product_name': 'Cow & Gate 2 Follow On Milk Multipack 4X200ml Ready To Feed Liquid', 'product_price': '£ 2.60', 'product_additionals': '£3.25/litre'}, {'shop': 'tesco', 'url': 'https://www.tesco.com/groceries/en-GB/products/301359806', 'product_name': 'Cow & Gate 2 Follow On Milk Powder 800G', 'product_price': '£ 8.00', 'product_additionals': '£1.00/100g'}, {'shop': 'asda', 'url': 'https://groceries.asda.com/product/1000053469007', 'product_name': 'Cow & Gate 2 Follow On Milk Powder Formula 6-12 Months', 'product_price': '£6.65', 'product_additionals': 'No weight data'}, {'shop': 'asda', 'url': 'https://groceries.asda.com/product/1000002091606', 'product_name': 'Cow & Gate 3 Growing Up Milk Liquid Ready To Feed Formula 1-2 Years', 'product_price': '£7.00', 'product_additionals': 'No weight data'}, {'shop': 'asda', 'url': 'https://groceries.asda.com/product/910001243740', 'product_name': 'Cow & Gate 3 Growing Up Milk Liquid Ready To Feed Formula 1-2 Years', 'product_price': '£0.65', 'product_additionals': 'No weight data'}, {'shop': 'tesco', 'url': 'https://www.tesco.com/groceries/en-GB/products/301359829', 'product_name': 'Cow & Gate 3 Growing Up Milk Powder 1+Yrs 800G', 'product_price': '£ 8.00', 'product_additionals': '£1.00/100g'}, {'shop': 'asda', 'url': 'https://groceries.asda.com/product/1000053469217', 'product_name': 'Cow & Gate 3 Growing Up Milk Powder Formula 1-2 Years', 'product_price': '£6.65', 'product_additionals': 'No weight data'}, {'shop': 'asda', 'url': 'https://groceries.asda.com/product/1000195178786', 'product_name': 'Cow & Gate 3 Growing Up Milk Powder Formula Sachets 1-2 Years', 'product_price': '£5.75', 'product_additionals': 'No weight data'}, {'shop': 'tesco', 'url': 'https://www.tesco.com/groceries/en-GB/products/268739729', 'product_name': 'Cow & Gate 4 Growing Up Milk Powder 2+ Years 800G', 'product_price': '£ 8.00', 'product_additionals': '£10.00/kg'}, {'shop': 'asda', 'url': 'https://groceries.asda.com/product/910000435414', 'product_name': 'Cow & Gate 4 Growing Up Milk Powder Formula 2-3 Years', 'product_price': '£6.70', 'product_additionals': 'No weight data'}, {'shop': 'tesco', 'url': 'https://www.tesco.com/groceries/en-GB/products/301359864', 'product_name': 'Cow & Gate Anti Reflux Milk Powder 800G', 'product_price': '£ 10.50', 'product_additionals': '£1.32/100g'}, {'shop': 'tesco', 'url': 'https://www.tesco.com/groceries/en-GB/products/301359887', 'product_name': 'Cow & Gate Comfort Milk Powder 800G', 'product_price': '£ 10.50', 'product_additionals': '£1.32/100g'}, {'shop': 'tesco', 'url': 'https://www.tesco.com/groceries/en-GB/products/305732122', 'product_name': 'Cow & Gate First Infant Milk 1.2Kg Big Pack', 'product_price': '£ 11.00', 'product_additionals': '£9.17/kg'}, {'shop': 'tesco', 'url': 'https://www.tesco.com/groceries/en-GB/products/281185051', 'product_name': 'Cow & Gate First Milk 200Ml', 'product_price': '£ 0.75', 'product_additionals': '£3.75/litre'}, {'shop': 'tesco', 'url': 'https://www.tesco.com/groceries/en-GB/products/305733576', 'product_name': 'Cow & Gate Follow On Milk 6-12 Months 1.2Kg', 'product_price': '£ 11.00', 'product_additionals': '£9.17/kg'}, {'shop': 'tesco', 'url': 'https://www.tesco.com/groceries/en-GB/products/281185137', 'product_name': 'Cow & Gate Hungry Milk 200Ml', 'product_price': '£ 0.75', 'product_additionals': '£3.75/litre'}, {'shop': 'tesco', 'url': 'https://www.tesco.com/groceries/en-GB/products/301359841', 'product_name': 'Cow & Gate Hungry Milk Powder 800G', 'product_price': '£ 8.00', 'product_additionals': '£1.00/100g'}, {'shop': 'tesco', 'url': 'https://www.tesco.com/groceries/en-GB/products/260086626', 'product_name': 'Cravendale Pure Filtered Semi Skimmed Milk 1L', 'product_price': '£ 1.10', 'product_additionals': '£1.10/litre'}, {'shop': 'sains', 'url': 'https://www.sainsburys.co.uk/shop/gb/groceries/product/details/milk-fresh-milk/cravendale-purefilter-semi-skimmed-1l', 'product_name': 'Cravendale Purefilter Semi Skimmed Milk 1L', 'product_price': '£1.15', 'product_additionals': '£1.15 / ltr'}, {'shop': 'sains', 'url': 'https://www.sainsburys.co.uk/shop/gb/groceries/product/details/top-rated-44/cravendale-purefilter-semi-skimmed-1l', 'product_name': 'Cravendale Purefilter Semi Skimmed Milk 1L', 'product_price': '£1.15', 'product_additionals': '£1.15 / ltr'}, {'shop': 'sains', 'url': 'https://www.sainsburys.co.uk/shop/gb/groceries/product/details/dairy-eggs-special-offers/cravendale-skimmed-milk-2l', 'product_name': 'Cravendale Purefilter Skimmed Milk 2L', 'product_price': '£1.60', 'product_additionals': '80p / ltr'}, {'shop': 'sains', 'url': 'https://www.sainsburys.co.uk/shop/gb/groceries/product/details/coffee-shop/cravendale-skimmed-milk-2l', 'product_name': 'Cravendale Purefilter Skimmed Milk 2L', 'product_price': '£1.60', 'product_additionals': '80p / ltr'}, {'shop': 'sains', 'url': 'https://www.sainsburys.co.uk/shop/gb/groceries/product/details/milk-fresh-milk/cravendale-purefilter-whole-milk-1l', 'product_name': 'Cravendale Purefilter Whole Milk 1L', 'product_price': '£1.15', 'product_additionals': '£1.15 / ltr'}, {'shop': 'tesco', 'url': 'https://www.tesco.com/groceries/en-GB/products/257265436', 'product_name': 'Cravendale Purfiltre Fresh Whole Milk 2 Litre', 'product_price': '£ 1.85', 'product_additionals': '£0.92/litre'}, {'shop': 'asda', 'url': 'https://groceries.asda.com/product/32088739', 'product_name': 'Cravendale Semi Skimmed Milk', 'product_price': '£1.10', 'product_additionals': 'No weight data'}, {'shop': 'asda', 'url': 'https://groceries.asda.com/product/36888', 'product_name': 'Cravendale Semi Skimmed Milk', 'product_price': '£1.65', 'product_additionals': 'No weight data'}, {'shop': 'tesco', 'url': 'https://www.tesco.com/groceries/en-GB/products/257264875', 'product_name': 'Cravendale Semi Skimmed Milk 2 Litre', 'product_price': '£ 1.85', 'product_additionals': '£0.92/litre'}, {'shop': 'asda', 'url': 'https://groceries.asda.com/product/36887', 'product_name': 'Cravendale Whole Milk', 'product_price': '£1.65', 'product_additionals': 'No weight data'}, {'shop': 'tesco', 'url': 'https://www.tesco.com/groceries/en-GB/products/276606921', 'product_name': 'Cravendale Whole Milk 1 Litre', 'product_price': '£ 1.10', 'product_additionals': '£1.10/litre'}, {'shop': 'tesco', 'url': 'https://www.tesco.com/groceries/en-GB/products/299914279', 'product_name': 'Creamfields Uht Semi Skimmed Milk 1 Litre', 'product_price': '£ 0.55', 'product_additionals': '£0.55/litre'}, {'shop': 'tesco', 'url': 'https://www.tesco.com/groceries/en-GB/products/299914291', 'product_name': 'Creamfields Uht Skimmed Milk 1 Litre', 'product_price': '£ 0.50', 'product_additionals': '£0.50/litre'}, {'shop': 'tesco', 'url': 'https://www.tesco.com/groceries/en-GB/products/304794343', 'product_name': 'Crusha Milkshake Mix Cookies & Cream 500Ml', 'product_price': '£ 2.00', 'product_additionals': '£0.40/100ml'}, {'shop': 'asda', 'url': 'https://groceries.asda.com/product/910002995497', 'product_name': 'Crusha No Added Sugar Chocolate Flavour Milkshake Mix', 'product_price': '£2.00', 'product_additionals': '(27.0p/100ml)'}, {'shop': 'asda', 'url': 'https://groceries.asda.com/product/24544845', 'product_name': 'Crusha No Added Sugar Strawberry Flavour Milkshake Mix', 'product_price': '£2.00', 'product_additionals': '(27.0p/100ml)'}, {'shop': 'asda', 'url': 'https://groceries.asda.com/product/1000235769319', 'product_name': 'Dairy Box Milk Chocolate Box', 'product_price': '£4.00', 'product_additionals': '(£1.11/100g)'}, {'shop': 'tesco', 'url': 'https://www.tesco.com/groceries/en-GB/products/307164537', 'product_name': 'Dairy Box Milk Chocolate Classic Collection 360G', 'product_price': '£ 4.00', 'product_additionals': '£1.12/100g'}, {'shop': 'asda', 'url': 'https://groceries.asda.com/product/910003085548', 'product_name': 'Dairy Farmers Free Range Semi Skimmed Milk', 'product_price': '£0.90', 'product_additionals': 'No weight data'}, {'shop': 'asda', 'url': 'https://groceries.asda.com/product/910003085549', 'product_name': 'Dairy Farmers Free Range Semi Skimmed Milk', 'product_price': '£1.60', 'product_additionals': 'No weight data'}, {'shop': 'asda', 'url': 'https://groceries.asda.com/product/910003085059', 'product_name': 'Dairy Farmers Free Range Whole Milk', 'product_price': '£1.60', 'product_additionals': 'No weight data'}, {'shop': 'asda', 'url': 'https://groceries.asda.com/product/910003085376', 'product_name': 'Dairy Farmers Free Range Whole Milk', 'product_price': '£0.90', 'product_additionals': 'No weight data'}, {'shop': 'sains', 'url': 'https://www.sainsburys.co.uk/shop/gb/groceries/product/details/aldi-price-match/dairy-pride-uht-skimmed-milk-1l', 'product_name': 'Dairy Pride UHT Skimmed Milk 1L', 'product_price': '50p', 'product_additionals': '50p / ltr'}, {'shop': 'asda', 'url': 'https://groceries.asda.com/product/1000118028700', 'product_name': 'Dairylea Snackers Cheese & Crackers with Cadbury Dairy Milk Giant Buttons', 'product_price': '£1.55', 'product_additionals': '(£21.29/kg)'}, {'shop': 'sains', 'url': 'https://www.sainsburys.co.uk/shop/gb/groceries/product/details/dairy-all-cheese/dairylea-snackers-cheese-crackers-with-cadbury-dairy-milk-giant-buttons-73g', 'product_name': 'Dairylea Snackers Cheese & Crackers with Cadbury Dairy Milk Giant Buttons 73g', 'product_price': '£1.00', 'product_additionals': '£13.89 / kg'}, {'shop': 'sains', 'url': 'https://www.sainsburys.co.uk/shop/gb/groceries/product/details/cooking-and-baking-butters-and-spreads/dale-farm-butter-milk-568ml', 'product_name': 'Dale Farm Butter Milk 568ml', 'product_price': '60p', 'product_additionals': '£1.06 / ltr'}, {'shop': 'sains', 'url': 'https://www.sainsburys.co.uk/shop/gb/groceries/product/details/cream-custard/dale-farm-butter-milk-568ml', 'product_name': 'Dale Farm Butter Milk 568ml', 'product_price': '60p', 'product_additionals': '£1.06 / ltr'}, {'shop': 'sains', 'url': 'https://www.sainsburys.co.uk/shop/gb/groceries/product/details/milk-fresh-milk/dalefarm-organic-semi-skimmed-milk-1l', 'product_name': 'Dale Farm Organic Semi Skimmed Milk 1L', 'product_price': '£1.15', 'product_additionals': '£1.15 / ltr'}, {'shop': 'tesco', 'url': 'https://www.tesco.com/groceries/en-GB/products/258104839', 'product_name': 'Delamere Dairy Sterilised Longlife Semi Skimmed Milk 1L', 'product_price': '£ 1.10', 'product_additionals': '£1.10/litre'}, {'shop': 'tesco', 'url': 'https://www.tesco.com/groceries/en-GB/products/258126721', 'product_name': 'Delamere Dairy Sterilised Longlife Whole Milk 1L', 'product_price': '£ 1.10', 'product_additionals': '£1.10/litre'}, {'shop': 'asda', 'url': 'https://groceries.asda.com/product/1802943', 'product_name': 'Delamere Semi Skimmed Goats Milk Chilled', 'product_price': '£1.60', 'product_additionals': 'No weight data'}, {'shop': 'tesco', 'url': 'https://www.tesco.com/groceries/en-GB/products/256659600', 'product_name': 'Delamere Skimmed Sterilised Milk 1L', 'product_price': '£ 1.10', 'product_additionals': '£1.10/litre'}, {'shop': 'asda', 'url': 'https://groceries.asda.com/product/30701', 'product_name': 'Delamere Whole Goats Milk Chilled', 'product_price': '£1.60', 'product_additionals': 'No weight data'}, {'shop': 'asda', 'url': 'https://groceries.asda.com/product/1000119739216', 'product_name': 'Delamere Whole Milk', 'product_price': '£1.10', 'product_additionals': '(£1.10/lt)'}, {'shop': 'asda', 'url': 'https://groceries.asda.com/product/910000202645', 'product_name': 'Desi Wholemilk Natural Yogurt', 'product_price': '£0.67', 'product_additionals': '(15.8p/100g)'}, {'shop': 'asda', 'url': 'https://groceries.asda.com/product/1000158056045', 'product_name': 'Dove Purely Pampering Milk & Coconut Body Wash', 'product_price': '£0.98', 'product_additionals': '(43.6p/100ml)'}, {'shop': 'tesco', 'url': 'https://www.tesco.com/groceries/en-GB/products/273714423', 'product_name': 'Dr Oetker Fine Cooks Chocolate Milk 150G', 'product_price': '£ 1.70', 'product_additionals': '£1.14/100g'}, {'shop': 'tesco', 'url': 'https://www.tesco.com/groceries/en-GB/products/302142554', 'product_name': 'Dr Oetker Jumbo Milk Chocolate Chips 125G', 'product_price': '£ 1.60', 'product_additionals': '£1.28/100g'}, {'shop': 'tesco', 'url': 'https://www.tesco.com/groceries/en-GB/products/271189367', 'product_name': 'Dr Oetker Milk Chocolate Chunks 100G', 'product_price': '£ 1.60', 'product_additionals': '£1.60/100g'}, {'shop': 'asda', 'url': 'https://groceries.asda.com/product/910000887223', 'product_name': 'Dr. Moo Quick Chocolate Milk Magic Sipper', 'product_price': '£1.00', 'product_additionals': '(£1.67/100g)'}, {'shop': 'asda', 'url': 'https://groceries.asda.com/product/910000886985', 'product_name': 'Dr. Moo Quick Strawberry Milk Magic Sipper', 'product_price': '£1.00', 'product_additionals': '(£1.67/100g)'}, {'shop': 'asda', 'url': 'https://groceries.asda.com/product/910000409509', 'product_name': 'Dr. Oetker 35% Milk Chocolate Bar', 'product_price': '£1.69', 'product_additionals': '(£1.13/100g)'}, {'shop': 'asda', 'url': 'https://groceries.asda.com/product/1000249319157', 'product_name': 'Dr. Oetker Milk Chocolate', 'product_price': '£1.79', 'product_additionals': '(£1.19/100g)'}, {'shop': 'asda', 'url': 'https://groceries.asda.com/product/910001155954', 'product_name': 'Dr. Oetker Milk Chocolate Chunks', 'product_price': '£1.59', 'product_additionals': '(£1.59/100g)'}, {'shop': 'asda', 'url': 'https://groceries.asda.com/product/1000249319261', 'product_name': 'Dr. Oetker Milk Chocolate Drops', 'product_price': '£1.79', 'product_additionals': '(£1.19/100g)'}, {'shop': 'asda', 'url': 'https://groceries.asda.com/product/1000140068981', 'product_name': "Dunn's River Coconut Milk", 'product_price': '£1.00', 'product_additionals': '(25.0p/100ml)'}, {'shop': 'asda', 'url': 'https://groceries.asda.com/product/1000046667771', 'product_name': "Dunn's River Nurishment Original Milk Drink Vanilla Flavour", 'product_price': '£1.40', 'product_additionals': '(35.0p/100g)'}, {'shop': 'asda', 'url': 'https://groceries.asda.com/product/910002046737', 'product_name': "Dunn's River Original Banana Flavour Milk Drink", 'product_price': '£1.40', 'product_additionals': '(35.0p/100g)'}, {'shop': 'asda', 'url': 'https://groceries.asda.com/product/910002047153', 'product_name': "Dunn's River Original Chocolate Flavoured Milk Drink", 'product_price': '£1.40', 'product_additionals': '(35.0p/100g)'}, {'shop': 'asda', 'url': 'https://groceries.asda.com/product/910002046591', 'product_name': "Dunn's River Original Strawberry Flavoured Milk Drink", 'product_price': '£1.40', 'product_additionals': '(35.0p/100g)'}, {'shop': 'asda', 'url': 'https://groceries.asda.com/product/910002046500', 'product_name': "Dunn's River Original Vanilla Flavoured Milk Drink", 'product_price': '£1.40', 'product_additionals': '(35.0p/100g)'}, {'shop': 'tesco', 'url': 'https://www.tesco.com/groceries/en-GB/products/259959684', 'product_name': 'Dunns River Coconut Milk 400Ml', 'product_price': '£ 1.00', 'product_additionals': '£2.50/litre'}, {'shop': 'tesco', 'url': 'https://www.tesco.com/groceries/en-GB/products/300399656', 'product_name': 'E.Wedel Krowka Milky Fudge 250G', 'product_price': '£ 1.70', 'product_additionals': '£0.68/100g'}, {'shop': 'tesco', 'url': 'https://www.tesco.com/groceries/en-GB/products/277926684', 'product_name': 'E.Wedel Milk Chocolate With Blueberry & Wild Strawberry 100G', 'product_price': '£ 0.90', 'product_additionals': '£0.90/100g'}, {'shop': 'tesco', 'url': 'https://www.tesco.com/groceries/en-GB/products/262109356', 'product_name': 'E.Wedel Milk Chocolate With Strawberry 100G', 'product_price': '£ 0.90', 'product_additionals': '£0.90/100g'}, {'shop': 'tesco', 'url': 'https://www.tesco.com/groceries/en-GB/products/274025223', 'product_name': 'E45 Junior Foaming Bath Milk 500Ml', 'product_price': '£ 4.00', 'product_additionals': '£0.80/100ml'}, {'shop': 'asda', 'url': 'https://groceries.asda.com/product/1000142866330', 'product_name': 'Edge Strawberry Milkshake E-Liquid 12mg', 'product_price': '£2.50', 'product_additionals': '(£2.50/each)'}, {'shop': 'asda', 'url': 'https://groceries.asda.com/product/1000142866394', 'product_name': 'Edge Strawberry Milkshake E-Liquid 18mg', 'product_price': '£2.50', 'product_additionals': '(£2.50/each)'}, {'shop': 'asda', 'url': 'https://groceries.asda.com/product/1000142866375', 'product_name': 'Edge Strawberry Milkshake E-Liquid 6mg', 'product_price': '£2.50', 'product_additionals': '(£25.00/100ml)'}, {'shop': 'tesco', 'url': 'https://www.tesco.com/groceries/en-GB/products/305248183', 'product_name': "Ella's Kitchen Dairy Free Coconut Milk Pear & Fig Porridge 100G", 'product_price': '£ 1.10', 'product_additionals': '£1.10/100g'}, {'shop': 'sains', 'url': 'https://www.sainsburys.co.uk/shop/gb/groceries/product/details/easterluxury/ferrero-collection-egg-275g', 'product_name': 'Ferrero Collection Fine Milk Chocolate Egg with 6 Specialities Inside 239.8g', 'product_price': '£13.00', 'product_additionals': '£5.42 / 100g'}, {'shop': 'sains', 'url': 'https://www.sainsburys.co.uk/shop/gb/groceries/product/details/all-easter-/ferrero-collection-egg-275g', 'product_name': 'Ferrero Collection Fine Milk Chocolate Egg with 6 Specialities Inside 239.8g', 'product_price': '£13.00', 'product_additionals': '£5.42 / 100g'}, {'shop': 'tesco', 'url': 'https://www.tesco.com/groceries/en-GB/products/304791824', 'product_name': 'Ferrero Collection Milk Chocolate Egg With 6 Specialities 239.8G', 'product_price': '£ 10.00', 'product_additionals': '£4.18/100g'}, {'shop': 'tesco', 'url': 'https://www.tesco.com/groceries/en-GB/products/266526691', 'product_name': 'Ferrero Kinder Milk Slice 28G', 'product_price': '£ 0.70', 'product_additionals': '£2.50/100g'}, {'shop': 'sains', 'url': 'https://www.sainsburys.co.uk/shop/gb/groceries/product/details/all-easter-eggs-and-chocolate-/ferrero-rocher-milk-chocolate-hazelnut-egg-with-ferrero-rocher-2125g', 'product_name': 'Ferrero Rocher Milk Chocolate & Hazelnut Egg with Ferrero Rocher 212.5g', 'product_price': '£6.50', 'product_additionals': '£3.06 / 100g'}, {'shop': 'asda', 'url': 'https://groceries.asda.com/product/1000062381281', 'product_name': 'Fibre One 90 Calorie Milk Chocolate Popcorn Bars 4 Pack', 'product_price': '£2.00', 'product_additionals': '(£2.38/100g)'}, {'shop': 'tesco', 'url': 'https://www.tesco.com/groceries/en-GB/products/301045279', 'product_name': 'Fibre One Milk Chocolate Popcorn Bars 4 X 21G', 'product_price': '£ 1.99', 'product_additionals': '£2.37/100g'}, {'shop': 'sains', 'url': 'https://www.sainsburys.co.uk/shop/gb/groceries/product/details/price-lock-food-cupboard/flipz-milk-chocolate-coated-pretzels-160g', 'product_name': 'Flipz Milk Chocolate Coated Pretzels 160g', 'product_price': '£1.75', 'product_additionals': '£1.09 / 100g'}, {'shop': 'tesco', 'url': 'https://www.tesco.com/groceries/en-GB/products/306497283', 'product_name': 'Flipz Milk Chocolate Coated Pretzels 90G', 'product_price': '£ 1.50', 'product_additionals': '£1.67/100g'}, {'shop': 'coop', 'url': 'https://www.coop.co.uk/products/flipz-milk-chocolate-pretzels-100g', 'product_name': 'Flipz Milk Chocolate Pretzels 90g', 'product_price': '£2', 'product_additionals': '90g (£1.11 per 100g)'}, {'shop': 'tesco', 'url': 'https://www.tesco.com/groceries/en-GB/products/262783116', 'product_name': 'Flora Pro Activ Skimmed Milk 1L', 'product_price': '£ 1.40', 'product_additionals': '£1.40/litre'}, {'shop': 'sains', 'url': 'https://www.sainsburys.co.uk/shop/gb/groceries/product/details/lactose-free--/flora-pro-activ-milk-1l', 'product_name': "Flora ProActiv Skimmed Cows' Milk 1L", 'product_price': '£1.45', 'product_additionals': '£1.45 / ltr'}, {'shop': 'tesco', 'url': 'https://www.tesco.com/groceries/en-GB/products/279845143', 'product_name': 'For Goodness Shakes Recovery Milk Chocolate 475Ml', 'product_price': '£ 1.70', 'product_additionals': '£0.36/100ml'}, {'shop': 'asda', 'url': 'https://groceries.asda.com/product/910001533680', 'product_name': "Fox's Chocolatey Milk Chocolate Rounds", 'product_price': '£1.00', 'product_additionals': '(76.9p/100g)'}, {'shop': 'asda', 'url': 'https://groceries.asda.com/product/910000821070', 'product_name': "Fox's Chunkie Milk Chocolate Cookies", 'product_price': '£1.00', 'product_additionals': '(55.6p/100g)'}, {'shop': 'tesco', 'url': 'https://www.tesco.com/groceries/en-GB/products/306650319', 'product_name': "Fox's Half Coated Milk Chocolate Cookies 175G", 'product_price': '£ 1.80', 'product_additionals': '£1.03/100g'}, {'shop': 'tesco', 'url': 'https://www.tesco.com/groceries/en-GB/products/306656562', 'product_name': "Fox's Milk Chocolate Cookies 180G", 'product_price': '£ 1.80', 'product_additionals': '£1.00/100g'}, {'shop': 'asda', 'url': 'https://groceries.asda.com/product/910001534397', 'product_name': "Fox's Viennese Milk Chocolate", 'product_price': '£0.75', 'product_additionals': '(62.5p/100g)'}, {'shop': 'asda', 'url': 'https://groceries.asda.com/product/1000003092735', 'product_name': "Fox's Viennese Milk Chocolate Dipped Fingers", 'product_price': '£1.00', 'product_additionals': '(90.9p/100g)'}, {'shop': 'tesco', 'url': 'https://www.tesco.com/groceries/en-GB/products/301253902', 'product_name': 'Fred & Flo Milk Powder Dispenser', 'product_price': '£ 2.00', 'product_additionals': '£2.00/each'}, {'shop': 'aldi', 'url': 'https://www.aldi.co.uk/fresh-british-semi--skimmed-milk/p/045613003560800', 'product_name': 'Fresh British Semi- Skimmed Milk', 'product_price': '1.09', 'product_additionals': '48p per litre'}, {'shop': 'aldi', 'url': 'https://www.aldi.co.uk/fresh-british-semi-skimmed-milk/p/045611003560400', 'product_name': 'Fresh British Semi-skimmed Milk', 'product_price': '0.80', 'product_additionals': '70.4p per litre'}, {'shop': 'asda', 'url': 'https://groceries.asda.com/product/1000000984240', 'product_name': 'FRijj Banana Flavour Milkshake', 'product_price': '£1.00', 'product_additionals': '(25.0p/100ml)'}, {'shop': 'asda', 'url': 'https://groceries.asda.com/product/1000000984742', 'product_name': 'FRijj Chocolate Flavour Milkshake', 'product_price': '£1.00', 'product_additionals': 'No weight data'}, {'shop': 'sains', 'url': 'https://www.sainsburys.co.uk/shop/gb/groceries/product/details/dairy-eggs-special-offers/frijj-chocolate-fudge-flavoured-milk-400ml', 'product_name': 'Frijj Chocolate Fudge Flavoured Milk 400ml', 'product_price': '75p', 'product_additionals': '19p / 100ml'}, {'shop': 'tesco', 'url': 'https://www.tesco.com/groceries/en-GB/products/297794371', 'product_name': 'Frijj Chocolate Milkshake 400Ml', 'product_price': '£ 1.00', 'product_additionals': '£0.25/100ml'}, {'shop': 'asda', 'url': 'https://groceries.asda.com/product/1000000985493', 'product_name': 'FRijj Cookie Dough Flavour Milkshake', 'product_price': '£1.00', 'product_additionals': 'No weight data'}, {'shop': 'asda', 'url': 'https://groceries.asda.com/product/1000000984061', 'product_name': 'FRijj Fudge Brownie Flavour Milkshake', 'product_price': '£1.00', 'product_additionals': '(25.0p/100ml)'}, {'shop': 'asda', 'url': 'https://groceries.asda.com/product/1000000982359', 'product_name': 'FRijj Strawberry Flavour Milkshake', 'product_price': '£1.00', 'product_additionals': 'No weight data'}, {'shop': 'asda', 'url': 'https://groceries.asda.com/product/910001743535', 'product_name': 'FUEL10K High Protein Banana Breakfast Milk Drink', 'product_price': '£1.30', 'product_additionals': '(39.4p/100ml)'}, {'shop': 'sains', 'url': 'https://www.sainsburys.co.uk/shop/gb/groceries/product/details/gluten-free-cereal/fuel10k-high-protein-banana-breakfast-drink-330ml', 'product_name': 'FUEL10K High Protein Breakfast Milk Drink Banana 330ml', 'product_price': '£1.50', 'product_additionals': '45p / 100ml'}, {'shop': 'sains', 'url': 'https://www.sainsburys.co.uk/shop/gb/groceries/product/details/milk-flavoured-milk/fuel10k-liquid-breakfast-high-protein-boosted-milk-drink--chocolate-330ml', 'product_name': 'FUEL10K High Protein Breakfast Milk Drink Chocolate 330ml', 'product_price': '£1.50', 'product_additionals': '45p / 100ml'}, {'shop': 'sains', 'url': 'https://www.sainsburys.co.uk/shop/gb/groceries/product/details/gluten-free-cereal/fuel10k-liquid-breakfast-high-protein-boosted-milk-drink--chocolate-330ml', 'product_name': 'FUEL10K High Protein Breakfast Milk Drink Chocolate 330ml', 'product_price': '£1.50', 'product_additionals': '45p / 100ml'}, {'shop': 'sains', 'url': 'https://www.sainsburys.co.uk/shop/gb/groceries/product/details/milk-flavoured-milk/fuel10k-liquid-breakfast-protein-boosted-milk-drink--strawberry-330ml', 'product_name': 'FUEL10K High Protein Breakfast Milk Drink Strawberry 330ml', 'product_price': '£1.50', 'product_additionals': '45p / 100ml'}, {'shop': 'sains', 'url': 'https://www.sainsburys.co.uk/shop/gb/groceries/product/details/gluten-free-cereal/fuel10k-liquid-breakfast-protein-boosted-milk-drink--strawberry-330ml', 'product_name': 'FUEL10K High Protein Breakfast Milk Drink Strawberry 330ml', 'product_price': '£1.50', 'product_additionals': '45p / 100ml'}, {'shop': 'sains', 'url': 'https://www.sainsburys.co.uk/shop/gb/groceries/product/details/gluten-free-cereal/fuel10k-liquid-breakfast-protein-boosted-milk-drink--vanilla-330ml', 'product_name': 'FUEL10K High Protein Breakfast Milk Drink Vanilla 330ml', 'product_price': '£1.50', 'product_additionals': '45p / 100ml'}, {'shop': 'asda', 'url': 'https://groceries.asda.com/product/910000950313', 'product_name': 'FUEL10K High Protein Chocolate Breakfast Milk Drink', 'product_price': '£1.30', 'product_additionals': '(39.4p/100ml)'}, {'shop': 'asda', 'url': 'https://groceries.asda.com/product/910000951046', 'product_name': 'FUEL10K High Protein Strawberry Breakfast Milk Drink', 'product_price': '£1.30', 'product_additionals': '(39.4p/100ml)'}, {'shop': 'asda', 'url': 'https://groceries.asda.com/product/910001267477', 'product_name': 'FUEL10K High Protein Vanilla Breakfast Milk Drink', 'product_price': '£1.30', 'product_additionals': '(39.4p/100ml)'}, {'shop': 'tesco', 'url': 'https://www.tesco.com/groceries/en-GB/products/306927046', 'product_name': 'Galaxy Chocolate Flavoured Milk Drink 400Ml', 'product_price': '£ 1.35', 'product_additionals': '£3.38/litre'}, {'shop': 'coop', 'url': 'https://www.coop.co.uk/products/galaxy-darker-collection-darket-milk-chocolate-bar-110g', 'product_name': 'Galaxy Darker Collection Darket Milk Chocolate Bar 110g', 'product_price': '£1.50', 'product_additionals': '110g (91p per 100g)'}, {'shop': 'asda', 'url': 'https://groceries.asda.com/product/1000113394431', 'product_name': 'Galaxy Darker Milk Chocolate Block', 'product_price': '£1.00', 'product_additionals': '(90.9p/100g)'}, {'shop': 'tesco', 'url': 'https://www.tesco.com/groceries/en-GB/products/300228255', 'product_name': 'Galaxy Milk 110G', 'product_price': '£ 1.00', 'product_additionals': '£0.91/100g'}, {'shop': 'tesco', 'url': 'https://www.tesco.com/groceries/en-GB/products/280036005', 'product_name': 'Galaxy Milk 4 Pack 168 G', 'product_price': '£ 1.25', 'product_additionals': '£0.74/100g'}, {'shop': 'tesco', 'url': 'https://www.tesco.com/groceries/en-GB/products/300795348', 'product_name': 'Galaxy Milk Chocolate 360G', 'product_price': '£ 3.50', 'product_additionals': '£0.97/100g'}, {'shop': 'tesco', 'url': 'https://www.tesco.com/groceries/en-GB/products/279935019', 'product_name': 'Galaxy Milk Chocolate 42G', 'product_price': '£ 0.60', 'product_additionals': '£1.43/100g'}, {'shop': 'tesco', 'url': 'https://www.tesco.com/groceries/en-GB/products/268549827', 'product_name': 'Galaxy Milk Chocolate Bar 200G', 'product_price': '£ 1.80', 'product_additionals': '£0.90/100g'}, {'shop': 'tesco', 'url': 'https://www.tesco.com/groceries/en-GB/products/304788276', 'product_name': 'Galaxy Milk Chocolate Egg & Enchanted Milk Chocolate Eggs 234G', 'product_price': '£ 3.00', 'product_additionals': '£1.29/100g'}, {'shop': 'tesco', 'url': 'https://www.tesco.com/groceries/en-GB/products/304788656', 'product_name': 'Galaxy Milk Chocolate Egg Plus Enchanted Milk Chocolate Eggs 528G', 'product_price': '£ 12.00', 'product_additionals': '£2.28/100g'}, {'shop': 'tesco', 'url': 'https://www.tesco.com/groceries/en-GB/products/304799954', 'product_name': 'Galaxy Milk Chocolate Egg With Truffles 301G', 'product_price': '£ 10.00', 'product_additionals': '£3.33/100g'}, {'shop': 'tesco', 'url': 'https://www.tesco.com/groceries/en-GB/products/304783068', 'product_name': 'Galaxy Milk Chocolate Enchanted Eggs 80G', 'product_price': '£ 1.00', 'product_additionals': '£1.25/100g'}, {'shop': 'tesco', 'url': 'https://www.tesco.com/groceries/en-GB/products/251118878', 'product_name': 'Galaxy Milk Chocolate Indulgent Collection Easter Egg 308G', 'product_price': '£ 5.00', 'product_additionals': '£1.63/100g'}, {'shop': 'asda', 'url': 'https://groceries.asda.com/product/910001193129', 'product_name': 'Galaxy Smooth Milk Chocolate Bar', 'product_price': '£0.55', 'product_additionals': '(£1.31/100g)'}, {'shop': 'asda', 'url': 'https://groceries.asda.com/product/910001192935', 'product_name': 'Galaxy Smooth Milk Chocolate Bars Multipack', 'product_price': '£1.25', 'product_additionals': '(74.4p/100g)'}, {'shop': 'asda', 'url': 'https://groceries.asda.com/product/1000034965894', 'product_name': 'Galaxy Smooth Milk Chocolate Block', 'product_price': '£1.00', 'product_additionals': '(90.9p/100g)'}, {'shop': 'asda', 'url': 'https://groceries.asda.com/product/1000073094536', 'product_name': 'Galaxy Smooth Milk Chocolate Christmas Advent Calendar', 'product_price': '£2.00', 'product_additionals': '(£1.82/100g)'}, {'shop': 'asda', 'url': 'https://groceries.asda.com/product/1000260230892', 'product_name': 'Galaxy Smooth Milk Chocolate Large Christmas Selection Box', 'product_price': '£2.50', 'product_additionals': '(£1.02/100g)'}, {'shop': 'asda', 'url': 'https://groceries.asda.com/product/1000034965816', 'product_name': 'Galaxy Smooth Milk Chocolate Large Gifting Block', 'product_price': '£2.50', 'product_additionals': '(69.4p/100g)'}, {'shop': 'asda', 'url': 'https://groceries.asda.com/product/910000419798', 'product_name': 'Galaxy Smooth Milk Chocolate More to Share Block', 'product_price': '£2.00', 'product_additionals': '(£1.00/100g)'}, {'shop': 'tesco', 'url': 'https://www.tesco.com/groceries/en-GB/products/272473795', 'product_name': 'Garnier Body 7Days Shea Hand Milk 100Ml', 'product_price': '£ 2.25', 'product_additionals': '£2.25/100ml'}, {'shop': 'asda', 'url': 'https://groceries.asda.com/product/1000112906987', 'product_name': 'Garnier Intensive 7 Days Coconut Milk Body Lotion Dry Rough Skin', 'product_price': '£2.50', 'product_additionals': '(62.5p/100ml)'}, {'shop': 'asda', 'url': 'https://groceries.asda.com/product/1000106117557', 'product_name': 'Garnier Micellar Milky Cleansing Water', 'product_price': '£4.00', 'product_additionals': '(£1.00/100ml)'}, {'shop': 'asda', 'url': 'https://groceries.asda.com/product/910003053234', 'product_name': 'Garnier Natural Rose Water Cleansing Milk Sensitive Skin', 'product_price': '£1.75', 'product_additionals': '(87.5p/100ml)'}, {'shop': 'asda', 'url': 'https://groceries.asda.com/product/1000215691406', 'product_name': 'Garnier Nutri Bomb Milky Face Sheet Mask Almond Milk & Hyaluronic Acid', 'product_price': '£2.95', 'product_additionals': '(£2.95/each)'}, {'shop': 'asda', 'url': 'https://groceries.asda.com/product/1000215691505', 'product_name': 'Garnier Nutri Bomb Milky Sheet Mask Coconut & Hyaluronic Acid', 'product_price': '£2.95', 'product_additionals': '(£2.95/each)'}, {'shop': 'asda', 'url': 'https://groceries.asda.com/product/1000106846628', 'product_name': 'Garnier Ultimate Blends Almond Milk & Agave Sap Normal Hair Conditioner', 'product_price': '£1.98', 'product_additionals': '(55.0p/100ml)'}, {'shop': 'asda', 'url': 'https://groceries.asda.com/product/1000106846708', 'product_name': 'Garnier Ultimate Blends Almond Milk & Agave Sap Normal Hair Shampoo', 'product_price': '£1.98', 'product_additionals': '(55.0p/100ml)'}, {'shop': 'tesco', 'url': 'https://www.tesco.com/groceries/en-GB/products/302134587', 'product_name': 'Garnier Ultimate Blends Almond Milk Normal Hair Conditioner 360Ml', 'product_price': '£ 1.99', 'product_additionals': '£0.55/100ml'}, {'shop': 'tesco', 'url': 'https://www.tesco.com/groceries/en-GB/products/302134564', 'product_name': 'Garnier Ultimate Blends Almond Milk Normal Hair Shampoo 360Ml', 'product_price': '£ 1.99', 'product_additionals': '£0.55/100ml'}, {'shop': 'tesco', 'url': 'https://www.tesco.com/groceries/en-GB/products/298817350', 'product_name': 'Garnier Ultimate Blends Coconut Milk Conditioner Dry Hair 360Ml', 'product_price': '£ 1.99', 'product_additionals': '£0.55/100ml'}, {'shop': 'asda', 'url': 'https://groceries.asda.com/product/1000012734882', 'product_name': 'Garnier Ultimate Blends Coconut Milk Dry Hair Conditioner', 'product_price': '£1.98', 'product_additionals': '(55.0p/100ml)'}, {'shop': 'asda', 'url': 'https://groceries.asda.com/product/1000012734455', 'product_name': 'Garnier Ultimate Blends Coconut Milk Dry Hair Shampoo', 'product_price': '£1.98', 'product_additionals': '(55.0p/100ml)'}, {'shop': 'tesco', 'url': 'https://www.tesco.com/groceries/en-GB/products/298817338', 'product_name': 'Garnier Ultimate Blends Coconut Milk Shampoo Dry Hair 360Ml', 'product_price': '£ 1.99', 'product_additionals': '£0.55/100ml'}, {'shop': 'asda', 'url': 'https://groceries.asda.com/product/1000012734993', 'product_name': 'Garnier Ultimate Blends Oat Milk Sensitive Scalp Conditioner', 'product_price': '£1.98', 'product_additionals': '(55.0p/100ml)'}, {'shop': 'tesco', 'url': 'https://www.tesco.com/groceries/en-GB/products/298817436', 'product_name': 'Garnier Ultimate Blends Oat Milk Sensitive Scalp Conditioner 360Ml', 'product_price': '£ 1.99', 'product_additionals': '£0.55/100ml'}, {'shop': 'asda', 'url': 'https://groceries.asda.com/product/1000012734757', 'product_name': 'Garnier Ultimate Blends Oat Milk Sensitive Scalp Shampoo', 'product_price': '£1.98', 'product_additionals': '(55.0p/100ml)'}, {'shop': 'tesco', 'url': 'https://www.tesco.com/groceries/en-GB/products/298817413', 'product_name': 'Garnier Ultimate Blends Oat Milk Sensitive Scalp Shampoo 360Ml', 'product_price': '£ 1.99', 'product_additionals': '£0.55/100ml'}, {'shop': 'asda', 'url': 'https://groceries.asda.com/product/1000229362672', 'product_name': 'George Home Bambi Milk Jug', 'product_price': '£4.00', 'product_additionals': '(£4.00/each)'}, {'shop': 'asda', 'url': 'https://groceries.asda.com/product/1000222400298', 'product_name': 'George Home Black Milk Frother', 'product_price': '£20.00', 'product_additionals': '(£20.00/each)'}, {'shop': 'asda', 'url': 'https://groceries.asda.com/product/1000229362723', 'product_name': 'George Home Multi Bloom Milk Jug', 'product_price': '£3.50', 'product_additionals': '(£3.50/each)'}, {'shop': 'asda', 'url': 'https://groceries.asda.com/product/1000011829210', 'product_name': 'George Home Non-stick Aluminium Milk Pan', 'product_price': '£4.00', 'product_additionals': '(£4.00/each)'}, {'shop': 'asda', 'url': 'https://groceries.asda.com/product/1000148283995', 'product_name': 'George Home White Porcelain Milk Jug', 'product_price': '£3.00', 'product_additionals': '(£3.00/each)'}, {'shop': 'tesco', 'url': 'https://www.tesco.com/groceries/en-GB/products/288090094', 'product_name': 'Go Cat Kitten Chicken & Carrot & Milk 825G', 'product_price': '£ 2.25', 'product_additionals': '£2.73/kg'}, {'shop': 'asda', 'url': 'https://groceries.asda.com/product/910001911324', 'product_name': 'Go-Cat Chicken Milk & Veg Dry Kitten Food', 'product_price': '£2.00', 'product_additionals': 'No weight data'}, {'shop': 'sains', 'url': 'https://www.sainsburys.co.uk/shop/gb/groceries/product/details/boxedchocolates/godiva-masterpieces-caramel-lion-with-belgian-milk-chocolate-193g', 'product_name': 'Godiva Masterpieces Caramel Lion with Belgian Milk Chocolate 193g', 'product_price': '£4.00', 'product_additionals': '£2.07 / 100g'}, {'shop': 'sains', 'url': 'https://www.sainsburys.co.uk/shop/gb/groceries/product/details/chocolate-and-sweets-/godiva-masterpieces-caramel-lion-with-belgian-milk-chocolate-193g', 'product_name': 'Godiva Masterpieces Caramel Lion with Belgian Milk Chocolate 193g', 'product_price': '£4.00', 'product_additionals': '£2.07 / 100g'}, {'shop': 'sains', 'url': 'https://www.sainsburys.co.uk/shop/gb/groceries/product/details/all-gifting/godiva-masterpieces-caramel-lion-with-belgian-milk-chocolate-193g', 'product_name': 'Godiva Masterpieces Caramel Lion with Belgian Milk Chocolate 193g', 'product_price': '£4.00', 'product_additionals': '£2.07 / 100g'}, {'shop': 'sains', 'url': 'https://www.sainsburys.co.uk/shop/gb/groceries/product/details/sweet-treats-44/godiva-masterpieces-caramel-lion-with-belgian-milk-chocolate-193g', 'product_name': 'Godiva Masterpieces Caramel Lion with Belgian Milk Chocolate 193g', 'product_price': '£4.00', 'product_additionals': '£2.07 / 100g'}, {'shop': 'sains', 'url': 'https://www.sainsburys.co.uk/shop/gb/groceries/product/details/sweet-treats-44/godiva-masterpieces-hazelnut-oyster-with-belgian-milk-chocolate-193g', 'product_name': 'Godiva Masterpieces Hazelnut Oyster with Belgian Milk Chocolate 193g', 'product_price': '£4.00', 'product_additionals': '£2.07 / 100g'}, {'shop': 'sains', 'url': 'https://www.sainsburys.co.uk/shop/gb/groceries/product/details/new-trending-special-offers/godiva-masterpieces-milk-chocolate-hazelnut-oyster-30g', 'product_name': 'Godiva Masterpieces Milk Chocolate Hazelnut Oyster 30g', 'product_price': '85p', 'product_additionals': '£2.83 / 100g'}, {'shop': 'sains', 'url': 'https://www.sainsburys.co.uk/shop/gb/groceries/product/details/sweet-treats-44/godiva-milk-chocolate-bar--salted-caramel-90g', 'product_name': 'Godiva Pure Belgian Milk Chocolate Bar, Salted Caramel 90g', 'product_price': '£2.00', 'product_additionals': '£2.22 / 100g'}, {'shop': 'sains', 'url': 'https://www.sainsburys.co.uk/shop/gb/groceries/product/details/all-gifting/godiva-milk-chocolate-bar--salted-caramel-90g', 'product_name': 'Godiva Pure Belgian Milk Chocolate Bar, Salted Caramel 90g', 'product_price': '£2.00', 'product_additionals': '£2.22 / 100g'}, {'shop': 'sains', 'url': 'https://www.sainsburys.co.uk/shop/gb/groceries/product/details/all-dairy-free/braham---murray-good-hemp-milk--original-1l', 'product_name': 'Good Hemp Seed Milk 1L', 'product_price': '£2.00', 'product_additionals': '£2.00 / ltr'}, {'shop': 'asda', 'url': 'https://groceries.asda.com/product/910001437133', 'product_name': 'Grace Coconut Milk Powder', 'product_price': '£0.64', 'product_additionals': '(£1.28/100g)'}, {'shop': 'sains', 'url': 'https://www.sainsburys.co.uk/shop/gb/groceries/product/details/milk-fresh-milk/grahams-dairies-skimmed-milk-2l', 'product_name': "Graham's Dairies Skimmed Milk 2L", 'product_price': '£1.25', 'product_additionals': '63p / ltr'}, {'shop': 'sains', 'url': 'https://www.sainsburys.co.uk/shop/gb/groceries/product/details/special-offers-/grahams-gold-jersey-full-cream-milk-1l', 'product_name': "Graham's Gold Jersey Full Cream Milk 1L", 'product_price': '£1.00', 'product_additionals': '£1.00 / ltr'}, {'shop': 'sains', 'url': 'https://www.sainsburys.co.uk/shop/gb/groceries/product/details/dairy-eggs-special-offers/grahams-gold-jersey-full-cream-milk-1l', 'product_name': "Graham's Gold Jersey Full Cream Milk 1L", 'product_price': '£1.00', 'product_additionals': '£1.00 / ltr'}, {'shop': 'sains', 'url': 'https://www.sainsburys.co.uk/shop/gb/groceries/product/details/milk-fresh-milk/grahams-whole-milk-organic-1136l-2-pint-', 'product_name': "Graham's Whole Milk, Organic 1.136L (2 pint)", 'product_price': '£1.35', 'product_additionals': '£1.19 / ltr'}, {'shop': 'sains', 'url': 'https://www.sainsburys.co.uk/shop/gb/groceries/product/details/organic-dairy-products/grahams-whole-milk-organic-1136l-2-pint-', 'product_name': "Graham's Whole Milk, Organic 1.136L (2 pint)", 'product_price': '£1.35', 'product_additionals': '£1.19 / ltr'}, {'shop': 'sains', 'url': 'https://www.sainsburys.co.uk/shop/gb/groceries/product/details/milk-fresh-milk/grahams-whole-milk--organic-1l-7844801-p-44', 'product_name': "Graham's Whole Milk, Organic 1L", 'product_price': '£1.15', 'product_additionals': '£1.15 / ltr'}, {'shop': 'sains', 'url': 'https://www.sainsburys.co.uk/shop/gb/groceries/product/details/organic-dairy-products/grahams-whole-milk--organic-1l-7844801-p-44', 'product_name': "Graham's Whole Milk, Organic 1L", 'product_price': '£1.15', 'product_additionals': '£1.15 / ltr'}, {'shop': 'sains', 'url': 'https://www.sainsburys.co.uk/shop/gb/groceries/product/details/organic-dairy-products/grahams-whole-milk-organic-2272l-4-pint-', 'product_name': "Graham's Whole Milk, Organic 2.272L (4 pint)", 'product_price': '£2.25', 'product_additionals': '99p / ltr'}, {'shop': 'tesco', 'url': 'https://www.tesco.com/groceries/en-GB/products/271249493', 'product_name': 'Green & Black Milk Cooks Bar 150G', 'product_price': '£ 2.50', 'product_additionals': '£1.67/100g'}, {'shop': 'tesco', 'url': 'https://www.tesco.com/groceries/en-GB/products/304782858', 'product_name': "Green & Black's Milk Chocolate Large Shell Egg 345G", 'product_price': '£ 10.00', 'product_additionals': '£2.90/100g'}, {'shop': 'sains', 'url': 'https://www.sainsburys.co.uk/shop/gb/groceries/product/details/all-mothers-day/green---blacks-chocolate--almond-100g', 'product_name': "Green & Black's Organic Milk Almond Chocolate Bar 90g", 'product_price': '£2.00', 'product_additionals': '£2.22 / 100g'}, {'shop': 'asda', 'url': 'https://groceries.asda.com/product/1000107814080', 'product_name': "Green & Black's Organic Milk Chocolate Bar", 'product_price': '£2.00', 'product_additionals': '(£2.22/100g)'}, {'shop': 'tesco', 'url': 'https://www.tesco.com/groceries/en-GB/products/303670290', 'product_name': 'Green & Blacks Organic Milk Chocolate 90G', 'product_price': '£ 2.00', 'product_additionals': '£2.23/100g'}, {'shop': 'tesco', 'url': 'https://www.tesco.com/groceries/en-GB/products/306816609', 'product_name': 'Gu Milk Chocolate Mousse & Ganache 2X70g', 'product_price': '£ 3.00', 'product_additionals': '£2.15/100g'}, {'shop': 'asda', 'url': 'https://groceries.asda.com/product/1000217916076', 'product_name': 'GU Milk Chocolate Mousse with Ganache Desserts', 'product_price': '£2.00', 'product_additionals': '(£2.86/100g)'}, {'shop': 'sains', 'url': 'https://www.sainsburys.co.uk/shop/gb/groceries/product/details/dairy-eggs-special-offers/gü-milk-chocolate-mousses-with-ganache-desserts-2x70g', 'product_name': 'Gü Milk Chocolate Mousses with Ganache Desserts 2x70g', 'product_price': '£2.00', 'product_additionals': '£1.43 / 100g'}, {'shop': 'sains', 'url': 'https://www.sainsburys.co.uk/shop/gb/groceries/product/details/milk-flavoured-milk/happymonkey-strawberry-milkshake-3x200ml', 'product_name': 'Happy Monkey Strawberry Milkshakes 3x200ml', 'product_price': '£1.00', 'product_additionals': '£1.67 / ltr'}, {'shop': 'tesco', 'url': 'https://www.tesco.com/groceries/en-GB/products/307740610', 'product_name': 'Haribo Supermix Fruit Milk & Sweet Foam Gums 175G', 'product_price': '£ 0.79', 'product_additionals': '£0.45/100g'}, {'shop': 'tesco', 'url': 'https://www.tesco.com/groceries/en-GB/products/299038498', 'product_name': 'Herbal Essences Bio Renew Rice Milk Shampoo 400Ml', 'product_price': '£ 4.50', 'product_additionals': '£1.13/100ml'}, {'shop': 'tesco', 'url': 'https://www.tesco.com/groceries/en-GB/products/297334726', 'product_name': 'Herbal Essences Bio. Renew Coconut Milk Conditioner 400Ml', 'product_price': '£ 4.50', 'product_additionals': '£1.13/100ml'}, {'shop': 'tesco', 'url': 'https://www.tesco.com/groceries/en-GB/products/297334860', 'product_name': 'Herbal Essences Bio. Renew Coconut Milk Shampoo 400Ml', 'product_price': '£ 4.50', 'product_additionals': '£1.13/100ml'}, {'shop': 'sains', 'url': 'https://www.sainsburys.co.uk/shop/gb/groceries/product/details/natural-beauty-products/herbal-essences-bio:renew-flower-rice-milk-nourish-conditioner-400ml', 'product_name': 'Herbal Essences Bio:Renew Flower & Rice Milk Nourish Conditioner 400ml', 'product_price': '£3.00', 'product_additionals': '75p / 100ml'}, {'shop': 'asda', 'url': 'https://groceries.asda.com/product/910003160158', 'product_name': 'Herbal Essences bio:renew Hair Conditioner Coconut Milk', 'product_price': '£3.00', 'product_additionals': '(75.0p/100ml)'}, {'shop': 'asda', 'url': 'https://groceries.asda.com/product/1000204197594', 'product_name': 'Herbal Essences bio:renew Hair Conditioner Coconut Milk Hydrate', 'product_price': '£4.00', 'product_additionals': '(£2.00/100ml)'}, {'shop': 'asda', 'url': 'https://groceries.asda.com/product/1000006804899', 'product_name': 'Herbal Essences bio:renew Hair Conditioner Passion Flower & Rice Milk Nourish', 'product_price': '£3.00', 'product_additionals': '(75.0p/100ml)'}, {'shop': 'asda', 'url': 'https://groceries.asda.com/product/1000144744829', 'product_name': 'Herbal Essences bio:renew Hair Mask Coconut Milk', 'product_price': '£3.00', 'product_additionals': '(£1.20/100ml)'}, {'shop': 'asda', 'url': 'https://groceries.asda.com/product/910003159941', 'product_name': 'Herbal Essences bio:renew Shampoo Coconut Milk Hydrate', 'product_price': '£3.00', 'product_additionals': '(75.0p/100ml)'}, {'shop': 'asda', 'url': 'https://groceries.asda.com/product/1000204197692', 'product_name': 'Herbal Essences Bio:renew Shampoo Coconut Milk Hydrate', 'product_price': '£4.00', 'product_additionals': '(£1.60/100ml)'}, {'shop': 'asda', 'url': 'https://groceries.asda.com/product/1000006805563', 'product_name': 'Herbal Essences bio:renew Shampoo Passion Flower & Rice Milk Nourish', 'product_price': '£3.00', 'product_additionals': '(75.0p/100ml)'}, {'shop': 'tesco', 'url': 'https://www.tesco.com/groceries/en-GB/products/299039382', 'product_name': 'Herbal Essences Biological Renew Rice Milk Conditioner 400Ml', 'product_price': '£ 4.50', 'product_additionals': '£1.13/100ml'}, {'shop': 'asda', 'url': 'https://groceries.asda.com/product/910000224974', 'product_name': 'HiPP 1 First Infant Baby Milk Powder From Birth', 'product_price': '£10.00', 'product_additionals': 'No weight data'}, {'shop': 'asda', 'url': 'https://groceries.asda.com/product/1000054229537', 'product_name': 'HiPP 1 First Infant Baby Milk Ready To Feed Bottle From Birth', 'product_price': '£0.90', 'product_additionals': 'No weight data'}, {'shop': 'asda', 'url': 'https://groceries.asda.com/product/910000224908', 'product_name': 'HiPP 2 Follow On Baby Milk Powder From 6 Months', 'product_price': '£10.00', 'product_additionals': 'No weight data'}, {'shop': 'asda', 'url': 'https://groceries.asda.com/product/910000224876', 'product_name': 'HiPP 3 Growing Up Baby Milk Powder From 1 Year Onwards', 'product_price': '£6.50', 'product_additionals': 'No weight data'}, {'shop': 'tesco', 'url': 'https://www.tesco.com/groceries/en-GB/products/266285519', 'product_name': 'Hipp Combiotic 12 Month Growing Up Milk 600G', 'product_price': '£ 6.65', 'product_additionals': '£11.09/kg'}, {'shop': 'sains', 'url': 'https://www.sainsburys.co.uk/shop/gb/groceries/product/details/bigger-packs-/hipp-organic-first-infant-milk-800g', 'product_name': 'HiPP Organic 1 First Milk Powder 800g', 'product_price': '£10.50', 'product_additionals': '£1.31 / 100g'}, {'shop': 'tesco', 'url': 'https://www.tesco.com/groceries/en-GB/products/306940087', 'product_name': 'Hipp Organic 2 Follow On Baby Milk Ready To Feed Bottle 6 Month Plus 200Ml', 'product_price': '£ 0.90', 'product_additionals': '£4.50/litre'}, {'shop': 'tesco', 'url': 'https://www.tesco.com/groceries/en-GB/products/266275042', 'product_name': 'Hipp Organic First Infant Milk 200Ml', 'product_price': '£ 0.90', 'product_additionals': '£4.50/litre'}, {'shop': 'tesco', 'url': 'https://www.tesco.com/groceries/en-GB/products/266239437', 'product_name': 'Hipp Organic Follow-On Milk 800G', 'product_price': '£ 10.15', 'product_additionals': '£12.69/kg'}, {'shop': 'tesco', 'url': 'https://www.tesco.com/groceries/en-GB/products/266240596', 'product_name': 'Hipp Organic Infant Milk 800G', 'product_price': '£ 10.50', 'product_additionals': '£13.13/kg'}, {'shop': 'sains', 'url': 'https://www.sainsburys.co.uk/shop/gb/groceries/product/details/milk-free-food-and-drink/holy-moly-overnight-oats-tropical-125g', 'product_name': 'Holy Moly Overnight Oats Tropical Fruit with Almond Milk 125g', 'product_price': '£1.75', 'product_additionals': '£1.40 / 100g'}, {'shop': 'asda', 'url': 'https://groceries.asda.com/product/1000000581197', 'product_name': 'HRI Milk Thistle Tablets Standardised Fruit Extract 300mg ', 'product_price': '£10.00', 'product_additionals': '(33.3p/each)'}, {'shop': 'asda', 'url': 'https://groceries.asda.com/product/1000108780467', 'product_name': 'Imperial Leather Foamburst Moisturising Luxury Gel to Foam Body Wash Jasmine & Rice Milk', 'product_price': '£2.00', 'product_additionals': '(£1.00/100ml)'}, {'shop': 'tesco', 'url': 'https://www.tesco.com/groceries/en-GB/products/303889439', 'product_name': 'Imperial Leather Foamburst Rice Milk Jasmine200ml', 'product_price': '£ 2.90', 'product_additionals': '£1.45/100ml'}, {'shop': 'asda', 'url': 'https://groceries.asda.com/product/910000395716', 'product_name': 'Island Sun Coconut Milk', 'product_price': '£0.59', 'product_additionals': '(14.8p/100ml)'}, {'shop': 'tesco', 'url': 'https://www.tesco.com/groceries/en-GB/products/259214581', 'product_name': 'Island Sun Coconut Milk 400Ml', 'product_price': '£ 0.79', 'product_additionals': '£1.98/litre'}, {'shop': 'asda', 'url': 'https://groceries.asda.com/product/910002383193', 'product_name': 'Island Sun Evaporated Milk', 'product_price': '£0.90', 'product_additionals': '(21.9p/100g)'}, {'shop': 'asda', 'url': 'https://groceries.asda.com/product/910001456445', 'product_name': 'Island Sun Sweetened Condensed Milk', 'product_price': '£1.20', 'product_additionals': '(£3.02/kg)'}, {'shop': 'tesco', 'url': 'https://www.tesco.com/groceries/en-GB/products/292991721', 'product_name': 'Jimjams Milk Chocolate Spread 350G', 'product_price': '£ 2.60', 'product_additionals': '£0.74/100g'}, {'shop': 'sains', 'url': 'https://www.sainsburys.co.uk/shop/gb/groceries/product/details/dairy-eggs-special-offers/judes-chocolate-milkshake-250ml', 'product_name': "Jude's Chocolate Milkshake 250ml", 'product_price': '95p', 'product_additionals': '£3.80 / ltr'}, {'shop': 'asda', 'url': 'https://groceries.asda.com/product/1000008341231', 'product_name': 'Kallo Milk Chocolate Rice Cake', 'product_price': '£1.39', 'product_additionals': '(£1.39/100g)'}, {'shop': 'tesco', 'url': 'https://www.tesco.com/groceries/en-GB/products/252476845', 'product_name': 'Kallo Organic Milk Chocolate Thin Rice Cakes 90G', 'product_price': '£ 1.49', 'product_additionals': '£1.66/100g'}, {'shop': 'asda', 'url': 'https://groceries.asda.com/product/23751', 'product_name': "Kellogg's Coco Pops Cereal & Milk Bars", 'product_price': '£1.00', 'product_additionals': '(83.3p/100g)'}, {'shop': 'asda', 'url': 'https://groceries.asda.com/product/2215673363471', 'product_name': "Kellogg's Coco Pops, Rice Krispies, Coco Pops Cereal Bars and Milk Bundle", 'product_price': '£6.09', 'product_additionals': 'No weight data'}, {'shop': 'asda', 'url': 'https://groceries.asda.com/product/910000562785', 'product_name': "Kellogg's Crunchy Nut Milk Chocolate Clusters", 'product_price': '£2.89', 'product_additionals': '(64.2p/100g)'}, {'shop': 'asda', 'url': 'https://groceries.asda.com/product/23752', 'product_name': "Kellogg's Frosties Cereal & Milk Bars", 'product_price': '£1.00', 'product_additionals': '(66.7p/100g)'}, {'shop': 'asda', 'url': 'https://groceries.asda.com/product/910000396055', 'product_name': "Kellogg's Krave Milk Chocolate", 'product_price': '£2.99', 'product_additionals': '(79.7p/100g)'}, {'shop': 'asda', 'url': 'https://groceries.asda.com/product/1000007182869', 'product_name': "Kellogg's Krave Milk Chocolate", 'product_price': '£4.00', 'product_additionals': '(47.1p/100g)'}, {'shop': 'coop', 'url': 'https://www.coop.co.uk/products/kelloggs-krave-milk-chocolate-375g', 'product_name': "Kellogg's Krave Milk Chocolate 375g", 'product_price': '£3.30', 'product_additionals': '375g (53.3p per 100g)'}, {'shop': 'tesco', 'url': 'https://www.tesco.com/groceries/en-GB/products/299669027', 'product_name': "Kellogg's Krave Milk Chocolate Cereal 850G", 'product_price': '£ 4.00', 'product_additionals': '£0.47/100g'}, {'shop': 'asda', 'url': 'https://groceries.asda.com/product/1000166634779', 'product_name': "Kellogg's Krave Milk Chocolate Snack Bag", 'product_price': '£1.25', 'product_additionals': '(£1.39/100g)'}, {'shop': 'asda', 'url': 'https://groceries.asda.com/product/493435', 'product_name': "Kellogg's Rice Krispies Cereal & Milk Bars", 'product_price': '£1.00', 'product_additionals': '(83.3p/100g)'}, {'shop': 'tesco', 'url': 'https://www.tesco.com/groceries/en-GB/products/252040802', 'product_name': "Kellogg's Rice Krispies Cereal Milk Bars 6X20g", 'product_price': '£ 0.99', 'product_additionals': '£0.82/100g'}, {'shop': 'asda', 'url': 'https://groceries.asda.com/product/2215673363469', 'product_name': "Kellogg's Rice Krispies, Coco Pops, Rice Krispies Cereal Bars and Milk Bundle", 'product_price': '£6.09', 'product_additionals': 'No weight data'}, {'shop': 'asda', 'url': 'https://groceries.asda.com/product/1000039942723', 'product_name': "Kellogg's Special K Bar Milk Chocolate", 'product_price': '£1.00', 'product_additionals': '(74.1p/100g)'}, {'shop': 'sains', 'url': 'https://www.sainsburys.co.uk/shop/gb/groceries/product/details/all-price-lock/kelloggs-special-k-bar-milk-chocolate-5x27g', 'product_name': "Kellogg's Special K Bar Milk Chocolate 5x27g", 'product_price': '£1.00', 'product_additionals': '74p / 100g'}, {'shop': 'sains', 'url': 'https://www.sainsburys.co.uk/shop/gb/groceries/product/details/price-lock-food-cupboard/kelloggs-special-k-bar-milk-chocolate-5x27g', 'product_name': "Kellogg's Special K Bar Milk Chocolate 5x27g", 'product_price': '£1.00', 'product_additionals': '74p / 100g'}, {'shop': 'tesco', 'url': 'https://www.tesco.com/groceries/en-GB/products/272228804', 'product_name': "Kellogg's Special K Milk Chocolate Chewy Delight 4X24g", 'product_price': '£ 1.99', 'product_additionals': '£2.08/100g'}, {'shop': 'asda', 'url': 'https://groceries.asda.com/product/910000562897', 'product_name': "Kellogg's Special K Milk Chocolate Delight Bars", 'product_price': '£1.99', 'product_additionals': '(£2.07/100g)'}, {'shop': 'asda', 'url': 'https://groceries.asda.com/product/1000228757688', 'product_name': 'Kendamil 1 First Infant Milk Powder Formula From Birth', 'product_price': '£9.00', 'product_additionals': 'No weight data'}, {'shop': 'asda', 'url': 'https://groceries.asda.com/product/1000228757661', 'product_name': 'Kendamil 2 Follow On Milk Powder Formula 6-12 Months', 'product_price': '£9.00', 'product_additionals': 'No weight data'}, {'shop': 'sains', 'url': 'https://www.sainsburys.co.uk/shop/gb/groceries/product/details/all-butter-spreads/kerrymaid-500g', 'product_name': 'Kerrymaid Creamy Buttermilk Spread 500G', 'product_price': '£2.00', 'product_additionals': '£4.00 / kg'}, {'shop': 'tesco', 'url': 'https://www.tesco.com/groceries/en-GB/products/257679200', 'product_name': 'Kinder Bueno Milk & Hazelnut 4 Pack 172G', 'product_price': '£ 1.69', 'product_additionals': '£0.98/100g'}, {'shop': 'asda', 'url': 'https://groceries.asda.com/product/13852635', 'product_name': 'Kinder Bueno Milk & Hazelnuts Multipack 4 Pack', 'product_price': '£2.00', 'product_additionals': '(£1.16/100g)'}, {'shop': 'asda', 'url': 'https://groceries.asda.com/product/910000265081', 'product_name': 'Kinder Bueno Milk and Hazelnuts Single Bar 2 finger', 'product_price': '£0.55', 'product_additionals': '(£1.28/100g)'}, {'shop': 'asda', 'url': 'https://groceries.asda.com/product/910003082301', 'product_name': 'Kinder Bueno White Milk and Hazelnuts 2 Pack', 'product_price': '£0.55', 'product_additionals': '(£1.41/100g)'}, {'shop': 'tesco', 'url': 'https://www.tesco.com/groceries/en-GB/products/295409711', 'product_name': 'Kinder Chocolate Mini Milk Chocolate Bar & Lamb Toy 73G', 'product_price': '£ 5.00', 'product_additionals': '£6.85/100g'}, {'shop': 'asda', 'url': 'https://groceries.asda.com/product/910002999587', 'product_name': 'Kinder Cocco Milk & Coconut Sponge Cake', 'product_price': '£0.75', 'product_additionals': '(£2.50/100g)'}, {'shop': 'asda', 'url': 'https://groceries.asda.com/product/1000002934342', 'product_name': 'Kinder Happy Hippo Milk Chocolate and Hazelnut Biscuits Multipack 5 Pack', 'product_price': '£1.35', 'product_additionals': '(£1.31/100g)'}, {'shop': 'asda', 'url': 'https://groceries.asda.com/product/910000272164', 'product_name': 'Kinder Milk & Honey Slice', 'product_price': '£1.25', 'product_additionals': '(89.3p/100g)'}, {'shop': 'asda', 'url': 'https://groceries.asda.com/product/1000207689245', 'product_name': 'Kinder Milk Chocolate & Hazelnut Schoko-Bons', 'product_price': '£1.00', 'product_additionals': '(£1.43/100g)'}, {'shop': 'tesco', 'url': 'https://www.tesco.com/groceries/en-GB/products/271765198', 'product_name': 'Kinder Milk Chocolate Easter Mini Figures 6 X 15G', 'product_price': '£ 2.00', 'product_additionals': '£2.23/100g'}, {'shop': 'tesco', 'url': 'https://www.tesco.com/groceries/en-GB/products/307135970', 'product_name': 'Kinder Milk Slice Milk And Honey 3 X 28G', 'product_price': '£ 1.00', 'product_additionals': '£1.20/100g'}, {'shop': 'asda', 'url': 'https://groceries.asda.com/product/1000188692440', 'product_name': 'Kingsmill Blueberry Cheesecake Buttermilk Pancakes', 'product_price': '£0.70', 'product_additionals': '(17.5p/each)'}, {'shop': 'asda', 'url': 'https://groceries.asda.com/product/1000188692389', 'product_name': 'Kingsmill Double Choc Buttermilk Pancakes', 'product_price': '£0.70', 'product_additionals': '(17.5p/each)'}, {'shop': 'asda', 'url': 'https://groceries.asda.com/product/1000235368559', 'product_name': 'Kinnerton Barbie Milk Chocolate Advent Calendar (40g)', 'product_price': '£1.00', 'product_additionals': 'No weight data'}, {'shop': 'asda', 'url': 'https://groceries.asda.com/product/1000235368514', 'product_name': 'Kinnerton Barbie Vet Set with Milk Chocolate Treats', 'product_price': '£1.00', 'product_additionals': '(£1.69/100g)'}, {'shop': 'asda', 'url': 'https://groceries.asda.com/product/1000235368538', 'product_name': 'Kinnerton Crayola Colour-in Mug with Milk Chocolate Bars', 'product_price': '£1.00', 'product_additionals': '(£4.17/100g)'}, {'shop': 'asda', 'url': 'https://groceries.asda.com/product/1000235368534', 'product_name': 'Kinnerton Paw Patrol Clock & Milk Chocolate Treats', 'product_price': '£1.00', 'product_additionals': '(£1.69/100g)'}, {'shop': 'asda', 'url': 'https://groceries.asda.com/product/1000169694810', 'product_name': 'Kinnerton PAW Patrol Milk Chocolate Advent Calendar', 'product_price': '£1.00', 'product_additionals': '(£2.50/100g)'}, {'shop': 'asda', 'url': 'https://groceries.asda.com/product/1000235368605', 'product_name': 'Kinnerton Paw Patrol Milk Chocolate Christmas Treats', 'product_price': '£1.50', 'product_additionals': 'No weight data'}, {'shop': 'asda', 'url': 'https://groceries.asda.com/product/1000235368434', 'product_name': 'Kinnerton Peppa Pig Hand Puppet with Milk Chocolate Treats', 'product_price': '£4.00', 'product_additionals': '(£7.55/100g)'}, {'shop': 'asda', 'url': 'https://groceries.asda.com/product/1000169694818', 'product_name': 'Kinnerton Peppa Pig Milk Chocolate Advent Calendar', 'product_price': '£1.00', 'product_additionals': '(£2.50/100g)'}, {'shop': 'asda', 'url': 'https://groceries.asda.com/product/1000235368445', 'product_name': 'Kinnerton Peppa Pig Milk Chocolate Treats', 'product_price': '£1.50', 'product_additionals': 'No weight data'}, {'shop': 'asda', 'url': 'https://groceries.asda.com/product/1000235368485', 'product_name': 'Kinnerton Thomas & Friends Milk Chocolate Advent Calendar (40g)', 'product_price': '£1.00', 'product_additionals': 'No weight data'}, {'shop': 'tesco', 'url': 'https://www.tesco.com/groceries/en-GB/products/307166184', 'product_name': 'Kit Kat 2 Finger Milk Chocolate 14 Bar Pack 289.8G', 'product_price': '£ 2.00', 'product_additionals': '£0.69/100g'}, {'shop': 'tesco', 'url': 'https://www.tesco.com/groceries/en-GB/products/292743872', 'product_name': 'Kit Kat 2 Finger Milk Chocolate 21 Pack 434.7G', 'product_price': '£ 2.89', 'product_additionals': '£0.66/100g'}, {'shop': 'tesco', 'url': 'https://www.tesco.com/groceries/en-GB/products/297556924', 'product_name': 'Kit Kat 2 Finger Milk Chocolate Biscuits 9 Pack 186.3G', 'product_price': '£ 1.50', 'product_additionals': '£0.81/100g'}, {'shop': 'tesco', 'url': 'https://www.tesco.com/groceries/en-GB/products/307510042', 'product_name': 'Kit Kat 2 Fingers Wafer Milk Chocolate Hazelnut 9X20.7G', 'product_price': '£ 1.50', 'product_additionals': '£0.81/100g'}, {'shop': 'tesco', 'url': 'https://www.tesco.com/groceries/en-GB/products/307510007', 'product_name': 'Kit Kat 2 Fingers Wafer Milk Chocolate Honeycomb 9X20.7G', 'product_price': '£ 1.99', 'product_additionals': '£1.07/100g'}, {'shop': 'tesco', 'url': 'https://www.tesco.com/groceries/en-GB/products/292573531', 'product_name': 'Kit Kat 4 Finger Milk Chocolate Bar 41.5G', 'product_price': '£ 0.60', 'product_additionals': '£1.45/100g'}, {'shop': 'sains', 'url': 'https://www.sainsburys.co.uk/shop/gb/groceries/product/details/top-rated-44/kit-kat-4-finger-milk-chocolate-bar-multipack-x8-415g-7541366-p', 'product_name': 'Kit Kat 4 Finger Milk Chocolate Bar Multipack x8 41.5g', 'product_price': '£2.50', 'product_additionals': '75p / 100g'}, {'shop': 'tesco', 'url': 'https://www.tesco.com/groceries/en-GB/products/308082684', 'product_name': 'Kit Kat 6 Mini Milk Chocolate Bunny 66G', 'product_price': '£ 1.00', 'product_additionals': '£1.52/100g'}, {'shop': 'tesco', 'url': 'https://www.tesco.com/groceries/en-GB/products/305554119', 'product_name': 'Kit Kat Bunny Milk Chocolate Large Egg 238G', 'product_price': '£ 3.00', 'product_additionals': '£1.27/100g'}, {'shop': 'tesco', 'url': 'https://www.tesco.com/groceries/en-GB/products/308079464', 'product_name': 'Kit Kat Chunky Milk Chocolate Easter Egg 129G', 'product_price': '£ 1.00', 'product_additionals': '£0.78/100g'}, {'shop': 'tesco', 'url': 'https://www.tesco.com/groceries/en-GB/products/305554102', 'product_name': 'Kit Kat Chunky Milk Chocolate Large Egg 260G', 'product_price': '£ 3.00', 'product_additionals': '£1.16/100g'}, {'shop': 'coop', 'url': 'https://www.coop.co.uk/products/nestle-kit-kat-milk-2-fingers-9-pack-186-3g', 'product_name': 'Kit Kat Milk 2 Fingers 9 Pack 186.3g', 'product_price': '£2', 'product_additionals': '186.3g (£1.07 per 100g)\n9 pack'}, {'shop': 'tesco', 'url': 'https://www.tesco.com/groceries/en-GB/products/292573934', 'product_name': 'Kit Kat Milk Chocolate 4 Pack 166G', 'product_price': '£ 1.00', 'product_additionals': '£0.60/100g'}, {'shop': 'tesco', 'url': 'https://www.tesco.com/groceries/en-GB/products/292573715', 'product_name': 'Kit Kat Milk Chocolate Bar 4 Finger 41.5G X 8 Pack', 'product_price': '£ 2.00', 'product_additionals': '£0.60/100g'}, {'shop': 'sains', 'url': 'https://www.sainsburys.co.uk/shop/gb/groceries/product/details/easter-special-offers/kit-kat-bunny-29g', 'product_name': 'Kit Kat Milk Chocolate Bunny 29g', 'product_price': '35p', 'product_additionals': '£1.20 / 100g'}, {'shop': 'sains', 'url': 'https://www.sainsburys.co.uk/shop/gb/groceries/product/details/all-easter-eggs-and-chocolate-/kit-kat-bunny-29g', 'product_name': 'Kit Kat Milk Chocolate Bunny 29g', 'product_price': '35p', 'product_additionals': '£1.20 / 100g'}, {'shop': 'sains', 'url': 'https://www.sainsburys.co.uk/shop/gb/groceries/product/details/easter-special-offers/kit-kat-milk-chocolate-filled-mini-eggs-pouch-81g', 'product_name': 'Kit Kat Milk Chocolate Filled Mini Eggs Pouch 81g', 'product_price': '£1.00', 'product_additionals': '£1.23 / 100g'}, {'shop': 'sains', 'url': 'https://www.sainsburys.co.uk/shop/gb/groceries/product/details/all-easter-/kit-kat-milk-chocolate-filled-mini-eggs-pouch-81g', 'product_name': 'Kit Kat Milk Chocolate Filled Mini Eggs Pouch 81g', 'product_price': '£1.00', 'product_additionals': '£1.23 / 100g'}, {'shop': 'sains', 'url': 'https://www.sainsburys.co.uk/shop/gb/groceries/product/details/all-easter-/kit-kat-bunny-pouch-66g', 'product_name': 'Kit Kat Milk Chocolate Mini Bunnies Pouch 66g', 'product_price': '£1.00', 'product_additionals': '£1.52 / 100g'}, {'shop': 'tesco', 'url': 'https://www.tesco.com/groceries/en-GB/products/308089826', 'product_name': 'Kit Kat Milk Chocolate Mini Eggs 81G', 'product_price': '£ 1.00', 'product_additionals': '£1.24/100g'}, {'shop': 'asda', 'url': 'https://groceries.asda.com/product/910003122063', 'product_name': 'KitKat 2 Finger Milk Chocolate Biscuit Bar, 9 Pack', 'product_price': '£1.50', 'product_additionals': '(80.5p/100g)'}, {'shop': 'asda', 'url': 'https://groceries.asda.com/product/1000232367042', 'product_name': 'KitKat 2 Finger Milk Chocolate Biscuit Bars', 'product_price': '£2.00', 'product_additionals': '(69.0p/100g)'}, {'shop': 'asda', 'url': 'https://groceries.asda.com/product/910002437888', 'product_name': 'KitKat 4 Finger Milk Chocolate Bar', 'product_price': '£0.55', 'product_additionals': '(£1.33/100g)'}, {'shop': 'asda', 'url': 'https://groceries.asda.com/product/910002437612', 'product_name': 'KitKat 4 Finger Milk Chocolate Bar, 4 Pack', 'product_price': '£0.98', 'product_additionals': '(59.0p/100g)'}, {'shop': 'sains', 'url': 'https://www.sainsburys.co.uk/shop/gb/groceries/product/details/easter-giant/kit-kat-bunny-giant-egg-295g', 'product_name': 'KitKat Bunny Milk Chocolate Giant Egg 295g', 'product_price': '£5.00', 'product_additionals': '£1.69 / 100g'}, {'shop': 'sains', 'url': 'https://www.sainsburys.co.uk/shop/gb/groceries/product/details/easter-special-offers/kit-kat-bunny-giant-egg-295g', 'product_name': 'KitKat Bunny Milk Chocolate Giant Egg 295g', 'product_price': '£5.00', 'product_additionals': '£1.69 / 100g'}, {'shop': 'sains', 'url': 'https://www.sainsburys.co.uk/shop/gb/groceries/product/details/all-easter-/kitkat-chunky-cookie-dough-milk-chocolate-incredible-egg-516g', 'product_name': 'KitKat Chunky Cookie Dough Milk Chocolate Incredible Egg 516g', 'product_price': '£10.00', 'product_additionals': '£1.94 / 100g'}, {'shop': 'sains', 'url': 'https://www.sainsburys.co.uk/shop/gb/groceries/product/details/easter-special-offers/kitkat-chunky-cookie-dough-milk-chocolate-incredible-egg-516g', 'product_name': 'KitKat Chunky Cookie Dough Milk Chocolate Incredible Egg 516g', 'product_price': '£10.00', 'product_additionals': '£1.94 / 100g'}, {'shop': 'sains', 'url': 'https://www.sainsburys.co.uk/shop/gb/groceries/product/details/easter-giant/kitkat-chunky-cookie-dough-milk-chocolate-incredible-egg-516g', 'product_name': 'KitKat Chunky Cookie Dough Milk Chocolate Incredible Egg 516g', 'product_price': '£10.00', 'product_additionals': '£1.94 / 100g'}, {'shop': 'asda', 'url': 'https://groceries.asda.com/product/1000236571331', 'product_name': 'KitKat Santa Milk Chocolate Advent Calendar', 'product_price': '£4.00', 'product_additionals': '(£2.05/100g)'}, {'shop': 'asda', 'url': 'https://groceries.asda.com/product/1000236571472', 'product_name': 'KitKat Santa Milk Chocolate Sharing Bag', 'product_price': '£1.00', 'product_additionals': '(£1.52/100g)'}, {'shop': 'asda', 'url': 'https://groceries.asda.com/product/910001456277', 'product_name': 'KTC Coconut Milk', 'product_price': '£0.59', 'product_additionals': '(£1.48/kg)'}, {'shop': 'asda', 'url': 'https://groceries.asda.com/product/23699423', 'product_name': 'Kulfi Ice Malai Milk Ice Lollies with Almonds & Pistachios', 'product_price': '£2.00', 'product_additionals': 'No weight data'}, {'shop': 'asda', 'url': 'https://groceries.asda.com/product/23699425', 'product_name': 'Kulfi Ice Pistachio Milk Lollies with Real Pistachos', 'product_price': '£2.00', 'product_additionals': 'No weight data'}, {'shop': 'asda', 'url': 'https://groceries.asda.com/product/1849120', 'product_name': "L'Oreal Age Perfect Cleansing Milk", 'product_price': '£2.50', 'product_additionals': '(£1.25/100ml)'}, {'shop': 'sains', 'url': 'https://www.sainsburys.co.uk/shop/gb/groceries/product/details/top-rated-44/loreal-age-perfect-cleanser-200ml', 'product_name': "L'Oreal Paris Age Perfect Cleansing Milk 200ml", 'product_price': '£2.50', 'product_additionals': '£1.25 / 100ml'}, {'shop': 'tesco', 'url': 'https://www.tesco.com/groceries/en-GB/products/252223333', 'product_name': "L'oreal Paris Age Perfect Cleansing Milk 200Ml", 'product_price': '£ 5.00', 'product_additionals': '£2.50/100ml'}, {'shop': 'asda', 'url': 'https://groceries.asda.com/product/1000112907040', 'product_name': "L'Oreal Paris Fine Flowers Cleansing Milk", 'product_price': '£3.95', 'product_additionals': '(£1.98/100ml)'}, {'shop': 'asda', 'url': 'https://groceries.asda.com/product/910002933503', 'product_name': 'Laciate Chocolate Flavoured UHT Milk', 'product_price': '£0.50', 'product_additionals': '(25.0p/100ml)'}, {'shop': 'asda', 'url': 'https://groceries.asda.com/product/910001461430', 'product_name': 'Laciate Junior UHT Milk', 'product_price': '£0.95', 'product_additionals': '(9.5p/100ml)'}, {'shop': 'asda', 'url': 'https://groceries.asda.com/product/78524096', 'product_name': 'Laciate Longlife 2% Milk', 'product_price': '£0.95', 'product_additionals': '(95.0p/lt)'}, {'shop': 'tesco', 'url': 'https://www.tesco.com/groceries/en-GB/products/263294438', 'product_name': 'Laciate Milk 2% 1 Litre', 'product_price': '£ 1.00', 'product_additionals': '£1.00/litre'}, {'shop': 'tesco', 'url': 'https://www.tesco.com/groceries/en-GB/products/263294513', 'product_name': 'Laciate Milk 3.2% 1 Litre', 'product_price': '£ 1.00', 'product_additionals': '£1.00/litre'}, {'shop': 'asda', 'url': 'https://groceries.asda.com/product/910002933764', 'product_name': 'Laciate Strawberry Flavoured UHT Milk', 'product_price': '£0.50', 'product_additionals': '(25.0p/100ml)'}, {'shop': 'asda', 'url': 'https://groceries.asda.com/product/78524097', 'product_name': 'Laciate UHT 3.2% Milk', 'product_price': '£0.95', 'product_additionals': '(95.0p/lt)'}, {'shop': 'asda', 'url': 'https://groceries.asda.com/product/910002933933', 'product_name': 'Laciate Vanilla Flavoured UHT Milk', 'product_price': '£0.50', 'product_additionals': '(25.0p/100ml)'}, {'shop': 'tesco', 'url': 'https://www.tesco.com/groceries/en-GB/products/258877943', 'product_name': 'Lactofree Fresh Semi Skimmed Milk 1L', 'product_price': '£ 1.40', 'product_additionals': '£1.40/litre'}, {'shop': 'tesco', 'url': 'https://www.tesco.com/groceries/en-GB/products/259742068', 'product_name': 'Lactofree Fresh Whole Milk 1L', 'product_price': '£ 1.40', 'product_additionals': '£1.40/litre'}, {'shop': 'tesco', 'url': 'https://www.tesco.com/groceries/en-GB/products/259366628', 'product_name': 'Lactofree Longlife Whole Milk 1L', 'product_price': '£ 1.40', 'product_additionals': '£1.40/litre'}, {'shop': 'tesco', 'url': 'https://www.tesco.com/groceries/en-GB/products/267309503', 'product_name': 'Lactofree Milk Longlife Portions 5X20ml', 'product_price': '£ 0.75', 'product_additionals': '£7.50/litre'}, {'shop': 'sains', 'url': 'https://www.sainsburys.co.uk/shop/gb/groceries/product/details/lactose-free--/arla-lactofree-semi-skimmed-milk-portions-5x20ml', 'product_name': 'Lactofree UHT Semi Skimmed Milk Portions 5x20ml', 'product_price': '75p', 'product_additionals': '£7.50 / ltr'}, {'shop': 'tesco', 'url': 'https://www.tesco.com/groceries/en-GB/products/281381884', 'product_name': 'Lancashire Farm Whole Milk Yogurt 1Kg', 'product_price': '£ 1.50', 'product_additionals': '£1.50/kg'}, {'shop': 'asda', 'url': 'https://groceries.asda.com/product/1000000473614', 'product_name': 'Lancashire Farm Wholemilk Natural Yogurt', 'product_price': '£0.80', 'product_additionals': '(17.0p/100g)'}, {'shop': 'tesco', 'url': 'https://www.tesco.com/groceries/en-GB/products/283816938', 'product_name': 'Lansinoh Breastmilk Storage Bags X25', 'product_price': '£ 5.50', 'product_additionals': '£0.22/each'}, {'shop': 'asda', 'url': 'https://groceries.asda.com/product/1000240590377', 'product_name': 'Lebkuchen Milk Chocolate Rounds Biscuits', 'product_price': '£0.25', 'product_additionals': '(12.5p/100g)'}, {'shop': 'tesco', 'url': 'https://www.tesco.com/groceries/en-GB/products/302284587', 'product_name': 'Lindt Excellence 55% Milk Chocolate Cocoa Bar 80G', 'product_price': '£ 2.00', 'product_additionals': '£2.50/100g'}, {'shop': 'tesco', 'url': 'https://www.tesco.com/groceries/en-GB/products/302300327', 'product_name': 'Lindt Excellence 65% Milk Chocolate Cocoa Bar 80G', 'product_price': '£ 2.00', 'product_additionals': '£2.50/100g'}, {'shop': 'tesco', 'url': 'https://www.tesco.com/groceries/en-GB/products/251277783', 'product_name': 'Lindt Excellence Extra Creamy Milk Chocolate Bar 100G', 'product_price': '£ 2.00', 'product_additionals': '£2.00/100g'}, {'shop': 'asda', 'url': 'https://groceries.asda.com/product/1000157579301', 'product_name': 'Lindt Excellence Milk 45% Cocoa Chocolate Bar', 'product_price': '£1.99', 'product_additionals': '(£2.49/100g)'}, {'shop': 'asda', 'url': 'https://groceries.asda.com/product/1000157579304', 'product_name': 'Lindt Excellence Milk 55% Cocoa Chocolate Bar', 'product_price': '£1.99', 'product_additionals': '(£2.49/100g)'}, {'shop': 'asda', 'url': 'https://groceries.asda.com/product/1000157579361', 'product_name': 'Lindt Excellence Milk 65% Cocoa Chocolate Bar', 'product_price': '£1.99', 'product_additionals': '(£2.49/100g)'}, {'shop': 'sains', 'url': 'https://www.sainsburys.co.uk/shop/gb/groceries/product/details/chocolate-and-sweets-/lindt-excellence-bar--creamy-milk-chocolate-100g', 'product_name': 'Lindt Excellence Milk Extra Creamy Chocolate Bar 100g', 'product_price': '£1.50', 'product_additionals': '£1.50 / 100g'}, {'shop': 'tesco', 'url': 'https://www.tesco.com/groceries/en-GB/products/304411947', 'product_name': 'Lindt Excellence Milk Sea Salt Caramel Chocolate 100G', 'product_price': '£ 2.00', 'product_additionals': '£2.00/100g'}, {'shop': 'sains', 'url': 'https://www.sainsburys.co.uk/shop/gb/groceries/product/details/all-easter-/lindt-gold-bunny-egg-115g', 'product_name': 'Lindt Gold Bunny Easter Egg Milk Chocolate 115g', 'product_price': '£5.00', 'product_additionals': '£4.35 / 100g'}, {'shop': 'sains', 'url': 'https://www.sainsburys.co.uk/shop/gb/groceries/product/details/easter-special-offers/lindt-gold-bunny-egg-115g', 'product_name': 'Lindt Gold Bunny Easter Egg Milk Chocolate 115g', 'product_price': '£5.00', 'product_additionals': '£4.35 / 100g'}, {'shop': 'tesco', 'url': 'https://www.tesco.com/groceries/en-GB/products/281221971', 'product_name': 'Lindt Gold Bunny Milk & Hazelnut 100G', 'product_price': '£ 2.50', 'product_additionals': '£2.50/100g'}, {'shop': 'tesco', 'url': 'https://www.tesco.com/groceries/en-GB/products/261845954', 'product_name': 'Lindt Gold Bunny Milk Chocolate 100G', 'product_price': '£ 2.50', 'product_additionals': '£2.50/100g'}, {'shop': 'sains', 'url': 'https://www.sainsburys.co.uk/shop/gb/groceries/product/details/all-easter-eggs-and-chocolate-/lindt-gold-bunny-milk-chocolate-100g', 'product_name': 'Lindt Gold Bunny Milk Chocolate 100g', 'product_price': '£2.50', 'product_additionals': '£2.50 / 100g'}, {'shop': 'sains', 'url': 'https://www.sainsburys.co.uk/shop/gb/groceries/product/details/all-easter-/lindt-gold-bunny-egg-195g', 'product_name': 'Lindt Gold Bunny Milk Chocolate 195g', 'product_price': '£10.00', 'product_additionals': '£5.13 / 100g'}, {'shop': 'sains', 'url': 'https://www.sainsburys.co.uk/shop/gb/groceries/product/details/easter-special-offers/lindt-gold-bunny-egg-195g', 'product_name': 'Lindt Gold Bunny Milk Chocolate 195g', 'product_price': '£10.00', 'product_additionals': '£5.13 / 100g'}, {'shop': 'tesco', 'url': 'https://www.tesco.com/groceries/en-GB/products/304791640', 'product_name': 'Lindt Gold Bunny Milk Chocolate 200G', 'product_price': '£ 4.00', 'product_additionals': '£2.00/100g'}, {'shop': 'tesco', 'url': 'https://www.tesco.com/groceries/en-GB/products/251095266', 'product_name': 'Lindt Gold Bunny Milk Chocolate 200G', 'product_price': '£ 4.00', 'product_additionals': '£2.00/100g'}, {'shop': 'tesco', 'url': 'https://www.tesco.com/groceries/en-GB/products/257054162', 'product_name': 'Lindt Gold Bunny Milk Chocolate 50G', 'product_price': '£ 1.50', 'product_additionals': '£3.00/100g'}, {'shop': 'tesco', 'url': 'https://www.tesco.com/groceries/en-GB/products/304790854', 'product_name': 'Lindt Gold Bunny Milk Chocolate Egg 115G', 'product_price': '£ 4.00', 'product_additionals': '£3.48/100g'}, {'shop': 'tesco', 'url': 'https://www.tesco.com/groceries/en-GB/products/304797294', 'product_name': 'Lindt Gold Bunny Milk Chocolate Egg 195G', 'product_price': '£ 8.00', 'product_additionals': '£4.11/100g'}, {'shop': 'tesco', 'url': 'https://www.tesco.com/groceries/en-GB/products/304399621', 'product_name': 'Lindt Gold Bunny Milk Chocolate Egg 460G', 'product_price': '£ 15.00', 'product_additionals': '£3.27/100g'}, {'shop': 'tesco', 'url': 'https://www.tesco.com/groceries/en-GB/products/264358155', 'product_name': 'Lindt Gold Milk Chocolate Easter Bunny 5 X 10G', 'product_price': '£ 2.00', 'product_additionals': '£4.00/100g'}, {'shop': 'tesco', 'url': 'https://www.tesco.com/groceries/en-GB/products/258202199', 'product_name': 'Lindt Hazelnut Milk Chocolate Bar 150G', 'product_price': '£ 2.50', 'product_additionals': '£1.67/100g'}, {'shop': 'asda', 'url': 'https://groceries.asda.com/product/1000107572027', 'product_name': 'Lindt Les Grandes Milk Chocolate Hazelnut Bar', 'product_price': '£2.50', 'product_additionals': '(£1.67/100g)'}, {'shop': 'sains', 'url': 'https://www.sainsburys.co.uk/shop/gb/groceries/product/details/top-rated-44/lindt-milk-hazelnut-150g', 'product_name': 'Lindt Les Grandes Milk Chocolate Hazelnut Bar 150g', 'product_price': '£3.00', 'product_additionals': '£2.00 / 100g'}, {'shop': 'sains', 'url': 'https://www.sainsburys.co.uk/shop/gb/groceries/product/details/chocolate-and-sweets-/lindt-milk-hazelnut-150g', 'product_name': 'Lindt Les Grandes Milk Chocolate Hazelnut Bar 150g', 'product_price': '£3.00', 'product_additionals': '£2.00 / 100g'}, {'shop': 'sains', 'url': 'https://www.sainsburys.co.uk/shop/gb/groceries/product/details/all-mothers-day/lindt-milk-hazelnut-150g', 'product_name': 'Lindt Les Grandes Milk Chocolate Hazelnut Bar 150g', 'product_price': '£3.00', 'product_additionals': '£2.00 / 100g'}, {'shop': 'asda', 'url': 'https://groceries.asda.com/product/1000157579174', 'product_name': 'Lindt Lindor Assorted Milk & White Chocolate', 'product_price': '£5.50', 'product_additionals': 'No weight data'}, {'shop': 'tesco', 'url': 'https://www.tesco.com/groceries/en-GB/products/302862404', 'product_name': 'Lindt Lindor Assorted Milk Chocolate Shell Egg 215G', 'product_price': '£ 6.00', 'product_additionals': '£2.80/100g'}, {'shop': 'asda', 'url': 'https://groceries.asda.com/product/1000157579199', 'product_name': 'Lindt Lindor Gift Wrapped Milk Chocolates', 'product_price': '£7.00', 'product_additionals': '(£2.44/100g)'}, {'shop': 'tesco', 'url': 'https://www.tesco.com/groceries/en-GB/products/302318589', 'product_name': 'Lindt Lindor Milk & White Chocolate Box 200G', 'product_price': '£ 5.00', 'product_additionals': '£2.50/100g'}, {'shop': 'asda', 'url': 'https://groceries.asda.com/product/910001431762', 'product_name': 'Lindt Lindor Milk Chocolate', 'product_price': '£0.75', 'product_additionals': '(£1.97/100g)'}, {'shop': 'tesco', 'url': 'https://www.tesco.com/groceries/en-GB/products/297057651', 'product_name': 'Lindt Lindor Milk Chocolate 4X25g', 'product_price': '£ 2.00', 'product_additionals': '£2.00/100g'}, {'shop': 'asda', 'url': 'https://groceries.asda.com/product/910000460007', 'product_name': 'Lindt Lindor Milk Chocolate Bar', 'product_price': '£1.70', 'product_additionals': '(£1.70/100g)'}, {'shop': 'tesco', 'url': 'https://www.tesco.com/groceries/en-GB/products/268370997', 'product_name': 'Lindt Lindor Milk Chocolate Bar 100G', 'product_price': '£ 1.70', 'product_additionals': '£1.70/100g'}, {'shop': 'asda', 'url': 'https://groceries.asda.com/product/1000000987071', 'product_name': 'Lindt Lindor Milk Chocolate Bars 4 Pack', 'product_price': '£2.00', 'product_additionals': '(£2.00/100g)'}, {'shop': 'asda', 'url': 'https://groceries.asda.com/product/910000464579', 'product_name': 'Lindt Lindor Milk Chocolate Carton', 'product_price': '£5.50', 'product_additionals': '(£1.63/100g)'}, {'shop': 'asda', 'url': 'https://groceries.asda.com/product/485334', 'product_name': 'Lindt Lindor Milk Chocolate Carton', 'product_price': '£3.50', 'product_additionals': '(£1.75/100g)'}, {'shop': 'tesco', 'url': 'https://www.tesco.com/groceries/en-GB/products/307151495', 'product_name': 'Lindt Lindor Milk Chocolate Eggs 80G', 'product_price': '£ 1.50', 'product_additionals': '£1.88/100g'}, {'shop': 'asda', 'url': 'https://groceries.asda.com/product/1000235368566', 'product_name': 'Lindt Lindor Milk Chocolate Mini Truffles', 'product_price': '£1.50', 'product_additionals': '(£1.88/100g)'}, {'shop': 'tesco', 'url': 'https://www.tesco.com/groceries/en-GB/products/302862387', 'product_name': 'Lindt Lindor Milk Chocolate Shell Egg 215G', 'product_price': '£ 6.00', 'product_additionals': '£2.80/100g'}, {'shop': 'asda', 'url': 'https://groceries.asda.com/product/1000208077873', 'product_name': 'Lindt Lindor Milk Chocolate Truffles Box', 'product_price': '£1.00', 'product_additionals': '(£2.70/100g)'}, {'shop': 'sains', 'url': 'https://www.sainsburys.co.uk/shop/gb/groceries/product/details/all-easter-/lindt-lindor-milk-chocolate-200g', 'product_name': 'Lindt Lindor Milk Chocolate Truffles Box 200g', 'product_price': '£4.00', 'product_additionals': '£2.00 / 100g'}, {'shop': 'sains', 'url': 'https://www.sainsburys.co.uk/shop/gb/groceries/product/details/easter-special-offers/lindt-lindor-milk-chocolate-200g', 'product_name': 'Lindt Lindor Milk Chocolate Truffles Box 200g', 'product_price': '£4.00', 'product_additionals': '£2.00 / 100g'}, {'shop': 'sains', 'url': 'https://www.sainsburys.co.uk/shop/gb/groceries/product/details/boxedchocolates/lindt-lindor-milk-chocolate-200g', 'product_name': 'Lindt Lindor Milk Chocolate Truffles Box 200g', 'product_price': '£4.00', 'product_additionals': '£2.00 / 100g'}, {'shop': 'sains', 'url': 'https://www.sainsburys.co.uk/shop/gb/groceries/product/details/chocolate-and-sweets-/lindt-lindor-milk-chocolate-200g', 'product_name': 'Lindt Lindor Milk Chocolate Truffles Box 200g', 'product_price': '£4.00', 'product_additionals': '£2.00 / 100g'}, {'shop': 'sains', 'url': 'https://www.sainsburys.co.uk/shop/gb/groceries/product/details/all-gifting/lindt-lindor-milk-chocolate-200g', 'product_name': 'Lindt Lindor Milk Chocolate Truffles Box 200g', 'product_price': '£4.00', 'product_additionals': '£2.00 / 100g'}, {'shop': 'sains', 'url': 'https://www.sainsburys.co.uk/shop/gb/groceries/product/details/chocolate-and-sweets-/lindt-lindor-milk-chocolate-337g', 'product_name': 'Lindt Lindor Milk Chocolate Truffles Box 337g', 'product_price': '£6.00', 'product_additionals': '£1.78 / 100g'}, {'shop': 'sains', 'url': 'https://www.sainsburys.co.uk/shop/gb/groceries/product/details/all-easter-eggs-and-chocolate-/lindt-lindor-milk-chocolate-337g', 'product_name': 'Lindt Lindor Milk Chocolate Truffles Box 337g', 'product_price': '£6.00', 'product_additionals': '£1.78 / 100g'}, {'shop': 'sains', 'url': 'https://www.sainsburys.co.uk/shop/gb/groceries/product/details/sweet-treats-44/lindt-lindor-milk-chocolate-337g', 'product_name': 'Lindt Lindor Milk Chocolate Truffles Box 337g', 'product_price': '£6.00', 'product_additionals': '£1.78 / 100g'}, {'shop': 'coop', 'url': 'https://www.coop.co.uk/products/lindt-lindor-milk-chocolate-truffles-box-337g', 'product_name': 'Lindt Lindor Milk Chocolate Truffles Box 337g', 'product_price': '£6', 'product_additionals': '337g (£1.78 per 100g)'}, {'shop': 'sains', 'url': 'https://www.sainsburys.co.uk/shop/gb/groceries/product/details/special-offers-/lindt-lindor-milk-chocolate-337g', 'product_name': 'Lindt Lindor Milk Chocolate Truffles Box 337g', 'product_price': '£6.00', 'product_additionals': '£1.78 / 100g'}, {'shop': 'sains', 'url': 'https://www.sainsburys.co.uk/shop/gb/groceries/product/details/boxedchocolates/lindt-lindor-milk-chocolate-337g', 'product_name': 'Lindt Lindor Milk Chocolate Truffles Box 337g', 'product_price': '£6.00', 'product_additionals': '£1.78 / 100g'}, {'shop': 'sains', 'url': 'https://www.sainsburys.co.uk/shop/gb/groceries/product/details/special-offers-/lindt-lindor-milk-chocolate-50g', 'product_name': 'Lindt Lindor Milk Chocolate Truffles Box 37g', 'product_price': '£1.00', 'product_additionals': '£2.70 / 100g'}, {'shop': 'sains', 'url': 'https://www.sainsburys.co.uk/shop/gb/groceries/product/details/chocolate-and-sweets-/lindt-lindor-milk-chocolate-50g', 'product_name': 'Lindt Lindor Milk Chocolate Truffles Box 37g', 'product_price': '£1.00', 'product_additionals': '£2.70 / 100g'}, {'shop': 'sains', 'url': 'https://www.sainsburys.co.uk/shop/gb/groceries/product/details/easter-special-offers/lindt-lindor-milk-chocolate-50g', 'product_name': 'Lindt Lindor Milk Chocolate Truffles Box 37g', 'product_price': '£1.00', 'product_additionals': '£2.70 / 100g'}, {'shop': 'tesco', 'url': 'https://www.tesco.com/groceries/en-GB/products/250265770', 'product_name': 'Lindt Lindor Milk Chocolate Truffles Carton 200G', 'product_price': '£ 5.00', 'product_additionals': '£2.50/100g'}, {'shop': 'tesco', 'url': 'https://www.tesco.com/groceries/en-GB/products/259183944', 'product_name': 'Lindt Lindor Milk Chocolate Truffles Carton 337G', 'product_price': '£ 7.40', 'product_additionals': '£2.20/100g'}, {'shop': 'asda', 'url': 'https://groceries.asda.com/product/910002593462', 'product_name': 'Lindt Lindor Milk Chocolate Truffles in a Bowl', 'product_price': '£9.00', 'product_additionals': '(£1.64/100g)'}, {'shop': 'asda', 'url': 'https://groceries.asda.com/product/1000235368506', 'product_name': 'Lindt Lindor Milk Chocolate Truffles, Hearts & Square Advent Calendar', 'product_price': '£8.00', 'product_additionals': '(£2.67/100g)'}, {'shop': 'tesco', 'url': 'https://www.tesco.com/groceries/en-GB/products/306948067', 'product_name': 'Lindt Lindor Milk Mini Chocolate Pouch 90G', 'product_price': '£ 2.50', 'product_additionals': '£2.78/100g'}, {'shop': 'tesco', 'url': 'https://www.tesco.com/groceries/en-GB/products/297738842', 'product_name': 'Lindt Lindor Milk Mint 200G', 'product_price': '£ 5.00', 'product_additionals': '£2.50/100g'}, {'shop': 'asda', 'url': 'https://groceries.asda.com/product/1000044365860', 'product_name': 'Lindt Lindor Milk Orange Chocolate Bars', 'product_price': '£2.00', 'product_additionals': '(£2.00/100g)'}, {'shop': 'sains', 'url': 'https://www.sainsburys.co.uk/shop/gb/groceries/product/details/sweet-treats-44/lindor-milk-orange-cornet-200g', 'product_name': 'Lindt Lindor Milk Orange Chocolate Truffles Box 200g', 'product_price': '£4.00', 'product_additionals': '£2.00 / 100g'}, {'shop': 'sains', 'url': 'https://www.sainsburys.co.uk/shop/gb/groceries/product/details/all-gifting/lindor-milk-orange-cornet-200g', 'product_name': 'Lindt Lindor Milk Orange Chocolate Truffles Box 200g', 'product_price': '£4.00', 'product_additionals': '£2.00 / 100g'}, {'shop': 'sains', 'url': 'https://www.sainsburys.co.uk/shop/gb/groceries/product/details/chocolate-and-sweets-/lindor-milk-orange-cornet-200g', 'product_name': 'Lindt Lindor Milk Orange Chocolate Truffles Box 200g', 'product_price': '£4.00', 'product_additionals': '£2.00 / 100g'}, {'shop': 'asda', 'url': 'https://groceries.asda.com/product/1000235368486', 'product_name': 'Lindt Lindor Milk Selection Box', 'product_price': '£6.00', 'product_additionals': '(£2.56/100g)'}, {'shop': 'tesco', 'url': 'https://www.tesco.com/groceries/en-GB/products/306503726', 'product_name': 'Lindt Lindor Milk Truffles 37G', 'product_price': '£ 1.20', 'product_additionals': '£3.25/100g'}, {'shop': 'tesco', 'url': 'https://www.tesco.com/groceries/en-GB/products/307140986', 'product_name': 'Lindt Lindor Mint Milk Chocolate Eggs 80G', 'product_price': '£ 1.50', 'product_additionals': '£1.88/100g'}, {'shop': 'asda', 'url': 'https://groceries.asda.com/product/910003081538', 'product_name': 'Lindt Lindor Orange Milk Chocolate Bar', 'product_price': '£0.75', 'product_additionals': '(£1.97/100g)'}, {'shop': 'asda', 'url': 'https://groceries.asda.com/product/910002078031', 'product_name': 'Lindt Lindor Orange Milk Chocolate Truffles with a Smooth Melting Filling', 'product_price': '£3.50', 'product_additionals': '(£1.75/100g)'}, {'shop': 'tesco', 'url': 'https://www.tesco.com/groceries/en-GB/products/302273139', 'product_name': 'Lindt Milk Chocolate & Hazelnut Wafer 30G', 'product_price': '£ 0.80', 'product_additionals': '£2.67/100g'}, {'shop': 'sains', 'url': 'https://www.sainsburys.co.uk/shop/gb/groceries/product/details/easter-special-offers/lindt-milk-chocolate-easter-egg-with-lindor-assorted-truffles-260g', 'product_name': 'Lindt Milk Chocolate Easter Egg with Lindor Assorted Truffles 260g', 'product_price': '£10.00', 'product_additionals': '£3.85 / 100g'}, {'shop': 'tesco', 'url': 'https://www.tesco.com/groceries/en-GB/products/307359123', 'product_name': 'Lindt Milk Chocolate Egg With Assorted Truffles 348G', 'product_price': '£ 15.00', 'product_additionals': '£4.32/100g'}, {'shop': 'tesco', 'url': 'https://www.tesco.com/groceries/en-GB/products/307157539', 'product_name': 'Lindt Milk Chocolate Egg With Lindor Assorted Truffles 260G', 'product_price': '£ 8.00', 'product_additionals': '£3.08/100g'}, {'shop': 'sains', 'url': 'https://www.sainsburys.co.uk/shop/gb/groceries/product/details/easterluxury/lindt-lindor-milk-chocolate-easter-egg-with-lindor-filled-eggs-322g', 'product_name': 'Lindt Milk Chocolate Egg with LINDOR Milk Filled Eggs 322g', 'product_price': '£12.00', 'product_additionals': '£3.73 / 100g'}, {'shop': 'tesco', 'url': 'https://www.tesco.com/groceries/en-GB/products/307361315', 'product_name': 'Lindt Milk Chocolate Egg With Lindor Milk Truffles 348G', 'product_price': '£ 15.00', 'product_additionals': '£4.32/100g'}, {'shop': 'tesco', 'url': 'https://www.tesco.com/groceries/en-GB/products/307159475', 'product_name': 'Lindt Milk Chocolate Egg With Lindor Mint Truffles 260G', 'product_price': '£ 8.00', 'product_additionals': '£3.08/100g'}, {'shop': 'sains', 'url': 'https://www.sainsburys.co.uk/shop/gb/groceries/product/details/all-easter-eggs-and-chocolate-/lindt-lindor-milk-mint-egg-285g-check-your-local-store-for-available-range-', 'product_name': 'Lindt Milk Chocolate Egg with LINDOR Mint Truffles 260g', 'product_price': '£10.00', 'product_additionals': '£3.85 / 100g'}, {'shop': 'tesco', 'url': 'https://www.tesco.com/groceries/en-GB/products/307341944', 'product_name': 'Lindt Milk Chocolate Egg With Milk & White Truffles 260G', 'product_price': '£ 8.00', 'product_additionals': '£3.08/100g'}, {'shop': 'tesco', 'url': 'https://www.tesco.com/groceries/en-GB/products/307354537', 'product_name': 'Lindt Milk Chocolate Egg With Milk Lndor Truffles 260G', 'product_price': '£ 8.00', 'product_additionals': '£3.08/100g'}, {'shop': 'tesco', 'url': 'https://www.tesco.com/groceries/en-GB/products/307137023', 'product_name': 'Lindt Milk Chocolate Egg With Salted Caramel Truffles 260G', 'product_price': '£ 8.00', 'product_additionals': '£3.08/100g'}, {'shop': 'asda', 'url': 'https://groceries.asda.com/product/910000464636', 'product_name': 'Lindt Milk Chocolate Gold Reindeer', 'product_price': '£2.50', 'product_additionals': '(£2.50/100g)'}, {'shop': 'asda', 'url': 'https://groceries.asda.com/product/910000464535', 'product_name': 'Lindt Milk Chocolate Santa Claus', 'product_price': '£2.50', 'product_additionals': '(£2.00/100g)'}, {'shop': 'asda', 'url': 'https://groceries.asda.com/product/910000464862', 'product_name': 'Lindt Milk Chocolate Teddy', 'product_price': '£2.50', 'product_additionals': '(£2.50/100g)'}, {'shop': 'asda', 'url': 'https://groceries.asda.com/product/1000072843061', 'product_name': 'Lindt Milk Chocolate Teddy', 'product_price': '£2.50', 'product_additionals': '(£2.50/100g)'}, {'shop': 'tesco', 'url': 'https://www.tesco.com/groceries/en-GB/products/307135479', 'product_name': 'Lindt Mini Eggs Milk Chocolate With Creamy Filling 80G', 'product_price': '£ 1.50', 'product_additionals': '£1.88/100g'}, {'shop': 'tesco', 'url': 'https://www.tesco.com/groceries/en-GB/products/307755558', 'product_name': 'Lindt Mini Milk Chocolate Eggs 177G', 'product_price': '£ 4.00', 'product_additionals': '£2.26/100g'}, {'shop': 'sains', 'url': 'https://www.sainsburys.co.uk/shop/gb/groceries/product/details/all-easter-eggs-and-chocolate-/lindt-nuxor-milk-165g', 'product_name': 'Lindt Nuxor with Milk Chocolate 165g', 'product_price': '£5.00', 'product_additionals': '£3.03 / 100g'}, {'shop': 'sains', 'url': 'https://www.sainsburys.co.uk/shop/gb/groceries/product/details/boxedchocolates/lindt-nuxor-milk-165g', 'product_name': 'Lindt Nuxor with Milk Chocolate 165g', 'product_price': '£5.00', 'product_additionals': '£3.03 / 100g'}, {'shop': 'sains', 'url': 'https://www.sainsburys.co.uk/shop/gb/groceries/product/details/all-easter-/lindt-nuxor-milk-165g', 'product_name': 'Lindt Nuxor with Milk Chocolate 165g', 'product_price': '£5.00', 'product_additionals': '£3.03 / 100g'}, {'shop': 'sains', 'url': 'https://www.sainsburys.co.uk/shop/gb/groceries/product/details/easter-special-offers/lindt-nuxor-milk-165g', 'product_name': 'Lindt Nuxor with Milk Chocolate 165g', 'product_price': '£5.00', 'product_additionals': '£3.03 / 100g'}, {'shop': 'sains', 'url': 'https://www.sainsburys.co.uk/shop/gb/groceries/product/details/sweet-treats-44/lindt-nuxor-milk-165g', 'product_name': 'Lindt Nuxor with Milk Chocolate 165g', 'product_price': '£5.00', 'product_additionals': '£3.03 / 100g'}, {'shop': 'asda', 'url': 'https://groceries.asda.com/product/910002075685', 'product_name': "Lindt Santa's Little Helpers Milk Chocolate 5 Pieces", 'product_price': '£2.00', 'product_additionals': '(£4.00/100g)'}, {'shop': 'asda', 'url': 'https://groceries.asda.com/product/1000001955109', 'product_name': 'Lindt Santa, Sleigh & 5 Gold Reindeer Milk Chocolates', 'product_price': '£2.00', 'product_additionals': '(£4.00/100g)'}, {'shop': 'sains', 'url': 'https://www.sainsburys.co.uk/shop/gb/groceries/product/details/all-easter-/lindt-gold-bunny-flower-milk-100g', 'product_name': 'Lindt Special Edition Gold Bunny Milk 100g', 'product_price': '£3.00', 'product_additionals': '£3.00 / 100g'}, {'shop': 'sains', 'url': 'https://www.sainsburys.co.uk/shop/gb/groceries/product/details/easter-special-offers/lindt-gold-bunny-flower-milk-100g', 'product_name': 'Lindt Special Edition Gold Bunny Milk 100g', 'product_price': '£3.00', 'product_additionals': '£3.00 / 100g'}, {'shop': 'asda', 'url': 'https://groceries.asda.com/product/1000179027729', 'product_name': 'Lindt Teddy Milk Chocolate Teddy Tree Decorations', 'product_price': '£3.00', 'product_additionals': '(£5.00/100g)'}, {'shop': 'asda', 'url': 'https://groceries.asda.com/product/1000196707175', 'product_name': 'Little Steps First Infant Milk From Birth', 'product_price': '£0.65', 'product_additionals': 'No weight data'}, {'shop': 'asda', 'url': 'https://groceries.asda.com/product/1000196707105', 'product_name': 'Little Steps Follow-on Milk 6mth+', 'product_price': '£0.65', 'product_additionals': 'No weight data'}, {'shop': 'asda', 'url': 'https://groceries.asda.com/product/1000196707080', 'product_name': 'Little Steps Growing up Milk 1-3yr', 'product_price': '£7.49', 'product_additionals': 'No weight data'}, {'shop': 'asda', 'url': 'https://groceries.asda.com/product/1000152808223', 'product_name': 'Lowicz Natural Buttermilk', 'product_price': '£1.05', 'product_additionals': '(10.5p/100ml)'}, {'shop': 'asda', 'url': 'https://groceries.asda.com/product/910000022507', 'product_name': 'LU Mikado Milk Chocolate Biscuits', 'product_price': '£1.00', 'product_additionals': '(£1.33/100g)'}, {'shop': 'tesco', 'url': 'https://www.tesco.com/groceries/en-GB/products/304381630', 'product_name': 'Lucy Bee Organic Coconut Milk 1 Litre', 'product_price': '£ 2.50', 'product_additionals': '£2.50/litre'}, {'shop': 'tesco', 'url': 'https://www.tesco.com/groceries/en-GB/products/306648094', 'product_name': 'M&M Crunchy Caramel Milk Chocolate 165G', 'product_price': '£ 2.00', 'product_additionals': '£1.22/100g'}, {'shop': 'tesco', 'url': 'https://www.tesco.com/groceries/en-GB/products/302303474', 'product_name': "M&M's Crispy Milk Chocolate Block 150G", 'product_price': '£ 2.00', 'product_additionals': '£1.34/100g'}, {'shop': 'tesco', 'url': 'https://www.tesco.com/groceries/en-GB/products/302276643', 'product_name': "M&M's Milk Chocolate Block 165G", 'product_price': '£ 2.00', 'product_additionals': '£1.22/100g'}, {'shop': 'tesco', 'url': 'https://www.tesco.com/groceries/en-GB/products/302317399', 'product_name': "M&M's Peanut Milk Chocolate Block 165G", 'product_price': '£ 2.00', 'product_additionals': '£1.22/100g'}, {'shop': 'coop', 'url': 'https://www.coop.co.uk/products/mackies-honeycomb-milk-chocolate-with-honeycomb-pieces-120g', 'product_name': "Mackie's Honeycomb Milk Chocolate with Honeycomb Pieces 120g", 'product_price': '£1', 'product_additionals': '120g (83.3p per 100g)'}, {'shop': 'coop', 'url': 'https://www.coop.co.uk/products/mackies-milk-chocolate-120g', 'product_name': "Mackie's Milk Chocolate 120g", 'product_price': '£1.80', 'product_additionals': '150g (66.7p per 100g)'}, {'shop': 'tesco', 'url': 'https://www.tesco.com/groceries/en-GB/products/268726658', 'product_name': 'Maggi Coconut Milk Powder 300G', 'product_price': '£ 4.39', 'product_additionals': '£1.47/100g'}, {'shop': 'coop', 'url': 'https://www.coop.co.uk/products/magnum-milk-chocolate-cookie-crunch-255ml', 'product_name': 'Magnum Milk Chocolate Cookie Crunch 255ml', 'product_price': '£2.50\nwas\n£4.10', 'product_additionals': '255ml (98.0p per 100ml)'}, {'shop': 'asda', 'url': 'https://groceries.asda.com/product/1000112907115', 'product_name': 'Mallow & Marsh Vanilla Marshmallows Coated in Milk Chocolate', 'product_price': '£2.00', 'product_additionals': '(£2.00/100g)'}, {'shop': 'tesco', 'url': 'https://www.tesco.com/groceries/en-GB/products/264282026', 'product_name': 'Malteaster Bunny Milk Chocolate Bar 29G', 'product_price': '£ 0.50', 'product_additionals': '£1.73/100g'}, {'shop': 'tesco', 'url': 'https://www.tesco.com/groceries/en-GB/products/272366605', 'product_name': 'Malteaster Minnie Bunnies Milk Chocolate Pouch 58G', 'product_price': '£ 1.00', 'product_additionals': '£1.73/100g'}, {'shop': 'tesco', 'url': 'https://www.tesco.com/groceries/en-GB/products/265947303', 'product_name': 'Maltesers Milk Chocolate Easter Egg & Chocolate 127G', 'product_price': '£ 1.00', 'product_additionals': '£0.79/100g'}, {'shop': 'tesco', 'url': 'https://www.tesco.com/groceries/en-GB/products/304403675', 'product_name': 'Maltesers Milk Chocolate Egg With 3 Bags Of Buttons 274G', 'product_price': '£ 5.00', 'product_additionals': '£1.83/100g'}, {'shop': 'tesco', 'url': 'https://www.tesco.com/groceries/en-GB/products/307140433', 'product_name': 'Maltesers Mint Buttons & Milk Chocolate Egg 274G', 'product_price': '£ 5.00', 'product_additionals': '£1.83/100g'}, {'shop': 'tesco', 'url': 'https://www.tesco.com/groceries/en-GB/products/293754713', 'product_name': 'Mars Chocolate Flavoured Milk Drink No Added Sugar 400Ml', 'product_price': '£ 1.35', 'product_additionals': '£0.34/100ml'}, {'shop': 'tesco', 'url': 'https://www.tesco.com/groceries/en-GB/products/281879774', 'product_name': 'Mars Galaxy Milk Chocolate Ripple Easter Egg 286G', 'product_price': '£ 5.00', 'product_additionals': '£1.75/100g'}, {'shop': 'tesco', 'url': 'https://www.tesco.com/groceries/en-GB/products/265946742', 'product_name': 'Mars Milk Chocolate Easter Egg & Chocolate 141G', 'product_price': '£ 1.00', 'product_additionals': '£0.71/100g'}, {'shop': 'tesco', 'url': 'https://www.tesco.com/groceries/en-GB/products/265947614', 'product_name': 'Mars Milk Chocolate Egg With Mars Bar 280G', 'product_price': '£ 3.00', 'product_additionals': '£1.08/100g'}, {'shop': 'coop', 'url': 'https://www.coop.co.uk/products/mars-milky-way-magic-stars-bag-100g', 'product_name': 'Mars Milky Way Magic Stars Bag 100g', 'product_price': '£1.55', 'product_additionals': '100g (£1.25 per 100g)'}, {'shop': 'tesco', 'url': 'https://www.tesco.com/groceries/en-GB/products/299585016', 'product_name': 'Marvel Dried Milk Powder 278G', 'product_price': '£ 4.00', 'product_additionals': '£1.44/100g'}, {'shop': 'tesco', 'url': 'https://www.tesco.com/groceries/en-GB/products/299250240', 'product_name': 'Maui Moisture Coconut Milk Conditioner 385Ml', 'product_price': '£ 8.99', 'product_additionals': '£2.34/100ml'}, {'shop': 'tesco', 'url': 'https://www.tesco.com/groceries/en-GB/products/299250332', 'product_name': 'Maui Moisture Coconut Milk Shampoo 385Ml', 'product_price': '£ 8.99', 'product_additionals': '£2.34/100ml'}, {'shop': 'tesco', 'url': 'https://www.tesco.com/groceries/en-GB/products/299250390', 'product_name': 'Maui Moisture Coconut Oil Curl Milk 236Ml', 'product_price': '£ 8.99', 'product_additionals': '£3.81/100ml'}, {'shop': 'asda', 'url': 'https://groceries.asda.com/product/1000022626818', 'product_name': 'Maui Moisture Nourish & Moisture + Coconut Milk Conditioner', 'product_price': '£4.50', 'product_additionals': '(£1.17/100ml)'}, {'shop': 'asda', 'url': 'https://groceries.asda.com/product/1000022626828', 'product_name': 'Maui Moisture Nourish & Moisture + Coconut Milk Shampoo', 'product_price': '£4.50', 'product_additionals': '(£1.17/100ml)'}, {'shop': 'asda', 'url': 'https://groceries.asda.com/product/910003066374', 'product_name': "McVitie's 5 Digestive Slices Topped with Milk Chocolate", 'product_price': '£1.00', 'product_additionals': '(20.0p/each)'}, {'shop': 'asda', 'url': 'https://groceries.asda.com/product/1000113394458', 'product_name': "McVitie's Choc Gems Milk Chocolate Topped Biscuits", 'product_price': '£1.00', 'product_additionals': '(£1.05/100g)'}, {'shop': 'asda', 'url': 'https://groceries.asda.com/product/910003066648', 'product_name': "McVitie's Digestives 5 Caramel Millionaire Slices with Milk Chocolate", 'product_price': '£1.00', 'product_additionals': '(20.0p/each)'}, {'shop': 'asda', 'url': 'https://groceries.asda.com/product/1000242811739', 'product_name': "McVitie's Digestives Christmas Pudding Milk Chocolate Biscuits", 'product_price': '£1.50', 'product_additionals': '(60.0p/100g)'}, {'shop': 'asda', 'url': 'https://groceries.asda.com/product/1000242811762', 'product_name': "McVitie's Digestives Gingerbread Milk Chocolate Biscuits", 'product_price': '£1.50', 'product_additionals': '(60.0p/100g)'}, {'shop': 'asda', 'url': 'https://groceries.asda.com/product/1000048178951', 'product_name': "McVitie's Digestives Milk Chocolate", 'product_price': '£1.00', 'product_additionals': '(37.6p/100g)'}, {'shop': 'asda', 'url': 'https://groceries.asda.com/product/1000052709811', 'product_name': "McVitie's Digestives Milk Chocolate", 'product_price': '£2.20', 'product_additionals': '(50.8p/100g)'}, {'shop': 'asda', 'url': 'https://groceries.asda.com/product/1000046413081', 'product_name': "McVitie's Digestives Milk Chocolate Twin Pack", 'product_price': '£1.50', 'product_additionals': '(23.7p/100g)'}, {'shop': 'sains', 'url': 'https://www.sainsburys.co.uk/shop/gb/groceries/product/details/bigger-packs-/mcvities-digestives-milk-chocolate-x2-316g', 'product_name': "McVitie's Digestives Milk Chocolate x2 Biscuits 316g", 'product_price': '£2.00', 'product_additionals': '31p / 100g'}, {'shop': 'asda', 'url': 'https://groceries.asda.com/product/910002325542', 'product_name': "McVitie's Digestives Nibbles Milk Chocolate", 'product_price': '£1.00', 'product_additionals': '(83.3p/100g)'}, {'shop': 'asda', 'url': 'https://groceries.asda.com/product/910002986391', 'product_name': "McVitie's Digestives Thins Milk Chocolate", 'product_price': '£1.00', 'product_additionals': '(55.6p/100g)'}, {'shop': 'asda', 'url': 'https://groceries.asda.com/product/910003066665', 'product_name': "McVitie's Hobnobs 5 Flapjacks Topped with Milk Chocolate", 'product_price': '£0.69', 'product_additionals': '(13.8p/each)'}, {'shop': 'asda', 'url': 'https://groceries.asda.com/product/910001079168', 'product_name': "McVitie's Hobnobs Milk Choc Biscuits", 'product_price': '£1.35', 'product_additionals': '(51.5p/100g)'}, {'shop': 'asda', 'url': 'https://groceries.asda.com/product/1000050944928', 'product_name': "McVitie's Hobnobs Thins Milk Chocolate", 'product_price': '£1.00', 'product_additionals': '(58.8p/100g)'}, {'shop': 'coop', 'url': 'https://www.coop.co.uk/products/mcvities-milk-chocolate-digestive-433g', 'product_name': "McVitie's Milk Chocolate Digestive 433g", 'product_price': '£2.70', 'product_additionals': '433g (31.2p per 100g)'}, {'shop': 'tesco', 'url': 'https://www.tesco.com/groceries/en-GB/products/300917199', 'product_name': "Mcvitie's Milk Chocolate Digestive Twin Pack 2X316g", 'product_price': '£ 2.10', 'product_additionals': '£0.33/100g'}, {'shop': 'coop', 'url': 'https://www.coop.co.uk/products/mcvities-milk-chocolate-digestives-266g', 'product_name': "McVitie's Milk Chocolate Digestives 266g", 'product_price': '£1.60', 'product_additionals': '266g (37.6p per 100g)'}, {'shop': 'tesco', 'url': 'https://www.tesco.com/groceries/en-GB/products/300917154', 'product_name': "Mcvitie's Milk Chocolate Digestives 433G", 'product_price': '£ 1.89', 'product_additionals': '£0.44/100g'}, {'shop': 'coop', 'url': 'https://www.coop.co.uk/products/mcvities-milk-chocolate-hobnobs-262g', 'product_name': "McVitie's Milk Chocolate Hobnobs 262g", 'product_price': '£1.80', 'product_additionals': '262g (38.2p per 100g)'}, {'shop': 'tesco', 'url': 'https://www.tesco.com/groceries/en-GB/products/300917239', 'product_name': "Mcvitie's Milk Chocolate Hobnobs 2X318g", 'product_price': '£ 2.10', 'product_additionals': '£0.33/100g'}, {'shop': 'coop', 'url': 'https://www.coop.co.uk/products/mcvities-milk-chocolate-hobnobs-431g', 'product_name': "McVitie's Milk Chocolate Hobnobs 431g", 'product_price': '£2.60', 'product_additionals': '431g (30.2p per 100g)'}, {'shop': 'asda', 'url': 'https://groceries.asda.com/product/1000005035383', 'product_name': "McVitie's Milk Chocolate Hobnobs Twin Pack", 'product_price': '£1.50', 'product_additionals': '(23.6p/100g)'}, {'shop': 'sains', 'url': 'https://www.sainsburys.co.uk/shop/gb/groceries/product/details/all-price-lock/mcvities-mini-milk-chocolate-digestive-150g', 'product_name': "McVitie's Mini Milk Chocolate Digestive Biscuits 150g", 'product_price': '£1.00', 'product_additionals': '88p / 100g'}, {'shop': 'tesco', 'url': 'https://www.tesco.com/groceries/en-GB/products/255404760', 'product_name': 'Mcvities Light Milk Chocolate Digestives 300G', 'product_price': '£ 1.50', 'product_additionals': '£0.50/100g'}, {'shop': 'tesco', 'url': 'https://www.tesco.com/groceries/en-GB/products/300917252', 'product_name': 'Mcvities Milk Chocolate Digestive 266G', 'product_price': '£ 1.35', 'product_additionals': '£0.51/100g'}, {'shop': 'tesco', 'url': 'https://www.tesco.com/groceries/en-GB/products/289205552', 'product_name': 'Mcvities Penguin Milk Chocolate Biscuit 8 Pack 196.8G', 'product_price': '£ 1.00', 'product_additionals': '£0.51/100g'}, {'shop': 'tesco', 'url': 'https://www.tesco.com/groceries/en-GB/products/306665659', 'product_name': 'Mcvities Vib Blood Orange Caramel & Milk Chocolate Biscuit 250G', 'product_price': '£ 1.75', 'product_additionals': '£0.70/100g'}, {'shop': 'tesco', 'url': 'https://www.tesco.com/groceries/en-GB/products/306657532', 'product_name': 'Mcvities Vib Classic Caramel Milk Chocolate Digestive 250G', 'product_price': '£ 1.75', 'product_additionals': '£0.70/100g'}, {'shop': 'tesco', 'url': 'https://www.tesco.com/groceries/en-GB/products/306647089', 'product_name': 'Mcvities Vib Hazelnut Caramel Milk Chocolate Digestives 250G', 'product_price': '£ 1.75', 'product_additionals': '£0.70/100g'}, {'shop': 'tesco', 'url': 'https://www.tesco.com/groceries/en-GB/products/268380680', 'product_name': 'Menier Milk Chocolate Patissier 100G', 'product_price': '£ 1.45', 'product_additionals': '£1.45/100g'}, {'shop': 'sains', 'url': 'https://www.sainsburys.co.uk/shop/gb/groceries/product/details/coffee-shop/mighty-pea-mlk-barista-1l', 'product_name': 'Mighty Pea Milk Barista 1L', 'product_price': '£2.00', 'product_additionals': '£2.00 / ltr'}, {'shop': 'sains', 'url': 'https://www.sainsburys.co.uk/shop/gb/groceries/product/details/all-dairy-free/mighty-pea-mlk-barista-1l', 'product_name': 'Mighty Pea Milk Barista 1L', 'product_price': '£2.00', 'product_additionals': '£2.00 / ltr'}, {'shop': 'sains', 'url': 'https://www.sainsburys.co.uk/shop/gb/groceries/product/details/all-future-brands/mighty-pea-mlk-barista-1l', 'product_name': 'Mighty Pea Milk Barista 1L', 'product_price': '£2.00', 'product_additionals': '£2.00 / ltr'}, {'shop': 'sains', 'url': 'https://www.sainsburys.co.uk/shop/gb/groceries/product/details/dairy-free-drinks/the-mighty-society-original-pea-mylk-1l', 'product_name': 'Mighty Pea Original Milk Alternative 1L', 'product_price': '£2.00', 'product_additionals': '£2.00 / ltr'}, {'shop': 'sains', 'url': 'https://www.sainsburys.co.uk/shop/gb/groceries/product/details/new-355373-44/mighty-pea-protein-oat-milk-alternative-1l', 'product_name': 'Mighty Pea Protein Oat Milk Alternative 1L', 'product_price': '£2.00', 'product_additionals': '£2.00 / ltr'}, {'shop': 'sains', 'url': 'https://www.sainsburys.co.uk/shop/gb/groceries/product/details/vegan-drink/The-Mighty-Society-Unsweetened-Pea-Mylk-1L', 'product_name': 'Mighty Pea Unsweetened Milk Alternative 1L', 'product_price': '£2.00', 'product_additionals': '£2.00 / ltr'}, {'shop': 'sains', 'url': 'https://www.sainsburys.co.uk/shop/gb/groceries/product/details/lactose-free--/The-Mighty-Society-Unsweetened-Pea-Mylk-1L', 'product_name': 'Mighty Pea Unsweetened Milk Alternative 1L', 'product_price': '£2.00', 'product_additionals': '£2.00 / ltr'}, {'shop': 'sains', 'url': 'https://www.sainsburys.co.uk/shop/gb/groceries/product/details/all-dairy-free-food-and-drink/The-Mighty-Society-Unsweetened-Pea-Mylk-1L', 'product_name': 'Mighty Pea Unsweetened Milk Alternative 1L', 'product_price': '£2.00', 'product_additionals': '£2.00 / ltr'}, {'shop': 'sains', 'url': 'https://www.sainsburys.co.uk/shop/gb/groceries/product/details/all-future-brands/The-Mighty-Society-Unsweetened-Pea-Mylk-1L', 'product_name': 'Mighty Pea Unsweetened Milk Alternative 1L', 'product_price': '£2.00', 'product_additionals': '£2.00 / ltr'}, {'shop': 'tesco', 'url': 'https://www.tesco.com/groceries/en-GB/products/264396691', 'product_name': 'Mikado Milk 75G', 'product_price': '£ 1.00', 'product_additionals': '£1.34/100g'}, {'shop': 'aldi', 'url': 'https://www.aldi.co.uk/milk/p/702525380821200', 'product_name': 'Milk', 'product_price': '1.49', 'product_additionals': '74.5p per 100g'}, {'shop': 'aldi', 'url': 'https://www.aldi.co.uk/milk-chocolate-biscuits/p/003754000539600', 'product_name': 'Milk Chocolate Biscuits', 'product_price': '0.99', 'product_additionals': '68.75p per 100g'}, {'shop': 'tesco', 'url': 'https://www.tesco.com/groceries/en-GB/products/276131923', 'product_name': 'Milk Chocolate Cookie 5 Pack', 'product_price': '£ 1.00', 'product_additionals': '£0.20/each'}, {'shop': 'coop', 'url': 'https://www.coop.co.uk/products/milk-chocolate-ginger-biscuits-150g', 'product_name': 'Milk Chocolate Ginger Biscuits 150g', 'product_price': '£1.70', 'product_additionals': '150g (66.6p per 100g)'}, {'shop': 'coop', 'url': 'https://www.coop.co.uk/products/milk-chocolate-viennese-biscuits-150g', 'product_name': 'Milk Chocolate Viennese Biscuits 150g', 'product_price': '£1.70', 'product_additionals': '150g (66.6p per 100g)'}, {'shop': 'aldi', 'url': 'https://www.aldi.co.uk/milk-chocolate-wafer-bars/p/045686003570600', 'product_name': 'Milk Chocolate Wafer Bars', 'product_price': '0.85', 'product_additionals': '49.1p per 100g'}, {'shop': 'asda', 'url': 'https://groceries.asda.com/product/910001790607', 'product_name': 'Milk of Magnesia Liquid', 'product_price': '£5.00', 'product_additionals': '(£2.50/100ml)'}, {'shop': 'tesco', 'url': 'https://www.tesco.com/groceries/en-GB/products/301578079', 'product_name': 'Milka Bubbly Milk&White 95G', 'product_price': '£ 1.00', 'product_additionals': '£1.06/100g'}, {'shop': 'tesco', 'url': 'https://www.tesco.com/groceries/en-GB/products/308099394', 'product_name': 'Milkbar White Chocolate Mini Eggs 80G', 'product_price': '£ 1.00', 'product_additionals': '£1.25/100g'}, {'shop': 'aldi', 'url': 'https://www.aldi.co.uk/milkshake-biscuits/p/068342258697201', 'product_name': 'Milkshake Biscuits', 'product_price': '0.99', 'product_additionals': '61.1p/ 66p per 100g'}, {'shop': 'asda', 'url': 'https://groceries.asda.com/product/1000234567246', 'product_name': 'Milky Way & Friends Chocolate Medium Christmas Selection Box', 'product_price': '£2.00', 'product_additionals': '(£1.57/100g)'}, {'shop': 'asda', 'url': 'https://groceries.asda.com/product/910001143825', 'product_name': 'Milky Way Cake Bars', 'product_price': '£2.50', 'product_additionals': '(25.0p/each)'}, {'shop': 'asda', 'url': 'https://groceries.asda.com/product/1000209848448', 'product_name': 'Milky Way Chocolate Bars Multipack 12 x 21.5g', 'product_price': '£1.99', 'product_additionals': '(77.1p/100g)'}, {'shop': 'asda', 'url': 'https://groceries.asda.com/product/1000161632935', 'product_name': 'Milky Way Chocolate Fun Size Bars Multipack 14 Bars', 'product_price': '£1.75', 'product_additionals': '(77.1p/100g)'}, {'shop': 'asda', 'url': 'https://groceries.asda.com/product/1000228555993', 'product_name': 'Milky Way Crispy Rolls Chocolate Multipack', 'product_price': '£1.00', 'product_additionals': '(80.0p/100g)'}, {'shop': 'tesco', 'url': 'https://www.tesco.com/groceries/en-GB/products/282553602', 'product_name': 'Milky Way Fun Size 14 Pack 227G', 'product_price': '£ 3.00', 'product_additionals': '£1.33/100g'}, {'shop': 'coop', 'url': 'https://www.coop.co.uk/products/milky-way-funsize-227g', 'product_name': 'Milky Way Funsize 227g', 'product_price': '£1.50', 'product_additionals': '227g (66.1p per 100g)'}, {'shop': 'asda', 'url': 'https://groceries.asda.com/product/1000209051155', 'product_name': 'Milky Way Magic Stars Chocolate Pouch', 'product_price': '£1.25', 'product_additionals': '(£1.25/100g)'}, {'shop': 'asda', 'url': 'https://groceries.asda.com/product/1000211461140', 'product_name': 'Milky Way Shooting Star Cake', 'product_price': '£12.00', 'product_additionals': '(£12.00/each)'}, {'shop': 'asda', 'url': 'https://groceries.asda.com/product/910001087913', 'product_name': 'Milky Way Twin Chocolate Bar', 'product_price': '£0.55', 'product_additionals': '(£1.28/100g)'}, {'shop': 'tesco', 'url': 'https://www.tesco.com/groceries/en-GB/products/300226999', 'product_name': 'Milkybar Big Share Bag 212G', 'product_price': '£ 2.00', 'product_additionals': '£0.94/100g'}, {'shop': 'tesco', 'url': 'https://www.tesco.com/groceries/en-GB/products/308473014', 'product_name': 'Milkybar Cookies And Cream Bites 90G', 'product_price': '£ 0.99', 'product_additionals': '£1.10/100g'}, {'shop': 'asda', 'url': 'https://groceries.asda.com/product/1000226920902', 'product_name': 'Milkybar Desserts', 'product_price': '£1.00', 'product_additionals': '(38.5p/100g)'}, {'shop': 'asda', 'url': 'https://groceries.asda.com/product/1000226920920', 'product_name': 'Milkybar Desserts', 'product_price': '£1.00', 'product_additionals': '(30.3p/100g)'}, {'shop': 'asda', 'url': 'https://groceries.asda.com/product/450730', 'product_name': 'Milkybar Medium White Chocolate Bar', 'product_price': '£0.55', 'product_additionals': '(£2.20/100g)'}, {'shop': 'asda', 'url': 'https://groceries.asda.com/product/910002976805', 'product_name': 'Milkybar Milk Slice', 'product_price': '£1.00', 'product_additionals': '(96.2p/100g)'}, {'shop': 'tesco', 'url': 'https://www.tesco.com/groceries/en-GB/products/295790856', 'product_name': 'Milkybar Milk Slices 4X26g', 'product_price': '£ 1.00', 'product_additionals': '£0.96/100g'}, {'shop': 'tesco', 'url': 'https://www.tesco.com/groceries/en-GB/products/307762238', 'product_name': 'Milkybar Mini Eggs White Chocolate 240G', 'product_price': '£ 2.00', 'product_additionals': '£0.83/100g'}, {'shop': 'asda', 'url': 'https://groceries.asda.com/product/1000110960435', 'product_name': 'Milkybar Mix Ups White and Milk Chocolate Sharing Bag', 'product_price': '£0.99', 'product_additionals': '(£1.04/100g)'}, {'shop': 'asda', 'url': 'https://groceries.asda.com/product/1000211461236', 'product_name': 'Milkybar Mixups Dessert White and Milk Chocolate Pot', 'product_price': '£1.00', 'product_additionals': '(38.5p/100g)'}, {'shop': 'tesco', 'url': 'https://www.tesco.com/groceries/en-GB/products/289043126', 'product_name': 'Milkybar Mousse 4 X 55G', 'product_price': '£ 1.50', 'product_additionals': '£0.68/100g'}, {'shop': 'asda', 'url': 'https://groceries.asda.com/product/910002040524', 'product_name': 'Milkybar Mousses', 'product_price': '£1.40', 'product_additionals': '(63.6p/100g)'}, {'shop': 'tesco', 'url': 'https://www.tesco.com/groceries/en-GB/products/300227059', 'product_name': 'Milkybar Pouch Bag 103G', 'product_price': '£ 0.99', 'product_additionals': '£0.96/100g'}, {'shop': 'tesco', 'url': 'https://www.tesco.com/groceries/en-GB/products/261592624', 'product_name': 'Milkybar Small Easter Egg 65G', 'product_price': '£ 1.00', 'product_additionals': '£1.54/100g'}, {'shop': 'tesco', 'url': 'https://www.tesco.com/groceries/en-GB/products/272097278', 'product_name': 'Milkybar White Chocolate 4 Pack 100G', 'product_price': '£ 1.00', 'product_additionals': '£1.00/100g'}, {'shop': 'asda', 'url': 'https://groceries.asda.com/product/910001440470', 'product_name': 'Milkybar White Chocolate Bar 6 Pack', 'product_price': '£1.00', 'product_additionals': '(£1.39/100g)'}, {'shop': 'tesco', 'url': 'https://www.tesco.com/groceries/en-GB/products/308093014', 'product_name': 'Milkybar White Chocolate Bunny 17G', 'product_price': '£ 0.50', 'product_additionals': '£2.95/100g'}, {'shop': 'sains', 'url': 'https://www.sainsburys.co.uk/shop/gb/groceries/product/details/easter-special-offers/milkybar-white-chocolate-bunny-44g', 'product_name': 'Milkybar White Chocolate Bunny 44g', 'product_price': '£1.00', 'product_additionals': '£2.27 / 100g'}, {'shop': 'tesco', 'url': 'https://www.tesco.com/groceries/en-GB/products/308101951', 'product_name': 'Milkybar White Chocolate Bunny 44G', 'product_price': '£ 1.00', 'product_additionals': '£2.28/100g'}, {'shop': 'sains', 'url': 'https://www.sainsburys.co.uk/shop/gb/groceries/product/details/all-easter-eggs-and-chocolate-/milkybar-white-chocolate-bunny-44g', 'product_name': 'Milkybar White Chocolate Bunny 44g', 'product_price': '£1.00', 'product_additionals': '£2.27 / 100g'}, {'shop': 'tesco', 'url': 'https://www.tesco.com/groceries/en-GB/products/308088568', 'product_name': 'Milkybar White Chocolate Bunny 88G', 'product_price': '£ 2.00', 'product_additionals': '£2.28/100g'}, {'shop': 'tesco', 'url': 'https://www.tesco.com/groceries/en-GB/products/257245057', 'product_name': 'Milkybar White Chocolate Buttons Bag', 'product_price': '£ 0.60', 'product_additionals': '£0.60/each'}, {'shop': 'asda', 'url': 'https://groceries.asda.com/product/1000107814044', 'product_name': 'Milkybar White Chocolate Buttons Bag', 'product_price': '£0.25', 'product_additionals': '(£2.08/100g)'}, {'shop': 'asda', 'url': 'https://groceries.asda.com/product/1000237573638', 'product_name': 'Milkybar White Chocolate Buttons Giant Tube', 'product_price': '£1.00', 'product_additionals': '(£1.11/100g)'}, {'shop': 'asda', 'url': 'https://groceries.asda.com/product/910000465511', 'product_name': 'Milkybar White Chocolate Christmas Advent Calendar', 'product_price': '£1.50', 'product_additionals': '(£1.76/100g)'}, {'shop': 'asda', 'url': 'https://groceries.asda.com/product/1000236571462', 'product_name': 'Milkybar White Chocolate Christmas Reindeer', 'product_price': '£2.00', 'product_additionals': '(£2.27/100g)'}, {'shop': 'asda', 'url': 'https://groceries.asda.com/product/1000236571466', 'product_name': 'Milkybar White Chocolate Christmas Reindeer', 'product_price': '£1.00', 'product_additionals': '(£2.27/100g)'}, {'shop': 'sains', 'url': 'https://www.sainsburys.co.uk/shop/gb/groceries/product/details/easter-special-offers/nestle-milkybar-giant-chocolate-buttons-pouch-126g', 'product_name': 'Milkybar White Chocolate Giant Buttons Pouch 94g', 'product_price': '£1.00', 'product_additionals': '£1.07 / 100g'}, {'shop': 'asda', 'url': 'https://groceries.asda.com/product/1000034704361', 'product_name': 'Milkybar White Chocolate Giant Buttons Sharing Bag', 'product_price': '£0.99', 'product_additionals': '(96.1p/100g)'}, {'shop': 'asda', 'url': 'https://groceries.asda.com/product/1000189263194', 'product_name': 'Milkybar White Chocolate Ice Cream 6 Pack', 'product_price': '£3.00', 'product_additionals': 'No weight data'}, {'shop': 'asda', 'url': 'https://groceries.asda.com/product/1000111446600', 'product_name': 'Milkybar White Chocolate Kid Bar', 'product_price': '£0.25', 'product_additionals': '(£2.08/100g)'}, {'shop': 'tesco', 'url': 'https://www.tesco.com/groceries/en-GB/products/307276278', 'product_name': 'Milkybar White Chocolate Sharing Bar 90G', 'product_price': '£ 0.99', 'product_additionals': '£1.10/100g'}, {'shop': 'asda', 'url': 'https://groceries.asda.com/product/1000242609598', 'product_name': 'Milkybar White Chocolate Sharing Block Bar', 'product_price': '£1.00', 'product_additionals': '(£1.11/100g)'}, {'shop': 'tesco', 'url': 'https://www.tesco.com/groceries/en-GB/products/277531004', 'product_name': 'Milkyway 6 Pack 129G', 'product_price': '£ 1.25', 'product_additionals': '£0.97/100g'}, {'shop': 'asda', 'url': 'https://groceries.asda.com/product/33045', 'product_name': 'Mini Milk 12 Vanilla Strawberry & Chocolate Ice Cream Lollies', 'product_price': '£2.17', 'product_additionals': '(51.7p/100ml)'}, {'shop': 'tesco', 'url': 'https://www.tesco.com/groceries/en-GB/products/256028662', 'product_name': 'Mini Milk Ice Cream Lollies 12 X 35Ml', 'product_price': '£ 2.20', 'product_additionals': '£0.52/100ml'}, {'shop': 'asda', 'url': 'https://groceries.asda.com/product/1000049435840', 'product_name': 'Mlekpol Milko Natural Kefir 1L', 'product_price': '£1.50', 'product_additionals': '(£1.50/lt)'}, {'shop': 'sains', 'url': 'https://www.sainsburys.co.uk/shop/gb/groceries/product/details/plant-based-drinks/moma-oat-drink-original-1l', 'product_name': 'MOMA Unsweetened Oat Milk Drink Original 1L', 'product_price': '£1.30', 'product_additionals': '£1.30 / ltr'}, {'shop': 'sains', 'url': 'https://www.sainsburys.co.uk/shop/gb/groceries/product/details/coffee-shop/monster-espresso-and-milk-250ml', 'product_name': 'Monster Espresso and Milk 250ml', 'product_price': '£2.00', 'product_additionals': '80p / 100ml'}, {'shop': 'tesco', 'url': 'https://www.tesco.com/groceries/en-GB/products/307355542', 'product_name': "Montezuma's Like No Udder Milk Chocolate Chocolate Alternative Organic 90G", 'product_price': '£ 2.50', 'product_additionals': '£2.78/100g'}, {'shop': 'tesco', 'url': 'https://www.tesco.com/groceries/en-GB/products/300472638', 'product_name': "Ms Molly's 18 Milk Chocolate Digestive Bars", 'product_price': '£ 1.20', 'product_additionals': '£0.07/each'}, {'shop': 'tesco', 'url': 'https://www.tesco.com/groceries/en-GB/products/302872853', 'product_name': "Ms. Molly's Milk Lollies 8X35ml", 'product_price': '£ 0.85', 'product_additionals': '£0.30/100ml'}, {'shop': 'tesco', 'url': 'https://www.tesco.com/groceries/en-GB/products/303674366', 'product_name': 'Muller Corner Yogurt Milk Chocolate Digestives 130G', 'product_price': '£ 0.60', 'product_additionals': '£0.46/100g'}, {'shop': 'tesco', 'url': 'https://www.tesco.com/groceries/en-GB/products/276884964', 'product_name': 'Muller Light Chocolate Fix Milk Chocolate 4 Pack 400G', 'product_price': '£ 1.60', 'product_additionals': '£0.40/100g'}, {'shop': 'asda', 'url': 'https://groceries.asda.com/product/910003081775', 'product_name': 'Munchies Milk Chocolate Tube', 'product_price': '£0.55', 'product_additionals': '(£1.06/100g)'}, {'shop': 'tesco', 'url': 'https://www.tesco.com/groceries/en-GB/products/306648883', 'product_name': 'Nannycare 1 Goat Milk Based Infant Milk 900G', 'product_price': '£ 21.00', 'product_additionals': '£23.34/kg'}, {'shop': 'tesco', 'url': 'https://www.tesco.com/groceries/en-GB/products/306664172', 'product_name': 'Nannycare 2 Goat Milk Based Follow On Milk 900G', 'product_price': '£ 21.00', 'product_additionals': '£2.34/100g'}, {'shop': 'asda', 'url': 'https://groceries.asda.com/product/1000220971651', 'product_name': 'Nannycare 2 Goat Milk Based Follow On Milk From 6 Months', 'product_price': '£21.00', 'product_additionals': 'No weight data'}, {'shop': 'tesco', 'url': 'https://www.tesco.com/groceries/en-GB/products/306651918', 'product_name': 'Nannycare 3 Goat Milk Based Growing Up Milk 900G', 'product_price': '£ 21.00', 'product_additionals': '£23.34/kg'}, {'shop': 'asda', 'url': 'https://groceries.asda.com/product/1000220971392', 'product_name': 'Nannycare 3 Goat Milk Based Growing Up Milk From 1 - 3 Years', 'product_price': '£21.00', 'product_additionals': 'No weight data'}, {'shop': 'sains', 'url': 'https://www.sainsburys.co.uk/shop/gb/groceries/product/details/natural-beauty-products/natura-siberica-moisturizing-cleansing-milk-dry-and-sensitive-skin-200ml', 'product_name': 'Natura Siberica Moisturizing Cleansing Milk Dry and Sensitive Skin 200ml', 'product_price': '£5.75', 'product_additionals': '£2.88 / 100ml'}, {'shop': 'tesco', 'url': 'https://www.tesco.com/groceries/en-GB/products/289705902', 'product_name': "Nature's Store Free From Milk Chocolate Rice Cakes 100G", 'product_price': '£ 1.50', 'product_additionals': '£1.50/100g'}, {'shop': 'asda', 'url': 'https://groceries.asda.com/product/18232503', 'product_name': 'Nesquik Banana Milkshake Mix', 'product_price': '£1.50', 'product_additionals': '(50.0p/100g)'}, {'shop': 'asda', 'url': 'https://groceries.asda.com/product/400814', 'product_name': 'Nesquik Chocolate Milk Slices', 'product_price': '£1.00', 'product_additionals': '(96.2p/100g)'}, {'shop': 'asda', 'url': 'https://groceries.asda.com/product/18232504', 'product_name': 'Nesquik Chocolate Milkshake Mix', 'product_price': '£1.50', 'product_additionals': '(50.0p/100g)'}, {'shop': 'asda', 'url': 'https://groceries.asda.com/product/910001891811', 'product_name': 'Nesquik Milk Slices', 'product_price': '£1.00', 'product_additionals': '(96.2p/100g)'}, {'shop': 'asda', 'url': 'https://groceries.asda.com/product/18232502', 'product_name': 'Nesquik Strawberry Milkshake Mix', 'product_price': '£1.50', 'product_additionals': '(50.0p/100g)'}, {'shop': 'tesco', 'url': 'https://www.tesco.com/groceries/en-GB/products/265046131', 'product_name': 'Nestle Aero Milk 4 Pack 108G', 'product_price': '£ 1.00', 'product_additionals': '£0.93/100g'}, {'shop': 'asda', 'url': 'https://groceries.asda.com/product/1000107571940', 'product_name': 'Nestle Animal Bar Milk Chocolate', 'product_price': '£0.25', 'product_additionals': '(£1.32/100g)'}, {'shop': 'tesco', 'url': 'https://www.tesco.com/groceries/en-GB/products/258510053', 'product_name': 'Nestle Cerelac 6Mnth Wheat&Milk Cereal 400G', 'product_price': '£ 3.80', 'product_additionals': '£0.95/100g'}, {'shop': 'asda', 'url': 'https://groceries.asda.com/product/60086702', 'product_name': 'Nestle Cerelac Honey & Wheat with Milk', 'product_price': '£3.77', 'product_additionals': 'No weight data'}, {'shop': 'asda', 'url': 'https://groceries.asda.com/product/910000042104', 'product_name': 'Nestle Cerelac Mixed Fruit & Wheat with Milk', 'product_price': '£3.80', 'product_additionals': 'No weight data'}, {'shop': 'asda', 'url': 'https://groceries.asda.com/product/60086389', 'product_name': 'Nestle Cerelac Wheat with Milk', 'product_price': '£3.80', 'product_additionals': 'No weight data'}, {'shop': 'asda', 'url': 'https://groceries.asda.com/product/1000236571458', 'product_name': 'Nestle Dairy Box Christmas Collection Milk Chocolate Assortment Box', 'product_price': '£6.00', 'product_additionals': '(£1.55/100g)'}, {'shop': 'tesco', 'url': 'https://www.tesco.com/groceries/en-GB/products/289880422', 'product_name': 'Nestle Lion Milk Multipack 4 X 42G', 'product_price': '£ 1.00', 'product_additionals': '£0.60/100g'}, {'shop': 'tesco', 'url': 'https://www.tesco.com/groceries/en-GB/products/305944827', 'product_name': 'Nestle Milky Bar White Chocolate Ice Cream 6X50ml', 'product_price': '£ 3.00', 'product_additionals': '£1.00/100ml'}, {'shop': 'tesco', 'url': 'https://www.tesco.com/groceries/en-GB/products/268767576', 'product_name': 'Nestle Milkybar Dessert 2X70g', 'product_price': '£ 1.50', 'product_additionals': '£1.08/100g'}, {'shop': 'sains', 'url': 'https://www.sainsburys.co.uk/shop/gb/groceries/product/details/multipack-yogurt/milkybar-desserts-2x70g', 'product_name': 'Nestle Milkybar Desserts 2x70g', 'product_price': '£1.50', 'product_additionals': '£1.07 / 100g'}, {'shop': 'tesco', 'url': 'https://www.tesco.com/groceries/en-GB/products/306709570', 'product_name': 'Nestle Milkybar Kid Bar 12G', 'product_price': '£ 0.25', 'product_additionals': '£2.09/100g'}, {'shop': 'tesco', 'url': 'https://www.tesco.com/groceries/en-GB/products/286690153', 'product_name': 'Nestle Nesquik Milk Slice Chocolate Flavour 4X26g', 'product_price': '£ 1.00', 'product_additionals': '£9.62/kg'}, {'shop': 'tesco', 'url': 'https://www.tesco.com/groceries/en-GB/products/260148289', 'product_name': 'Nestle Nido Instant Full Cream Milk Powder 400G', 'product_price': '£ 4.00', 'product_additionals': '£1.00/100g'}, {'shop': 'tesco', 'url': 'https://www.tesco.com/groceries/en-GB/products/266258950', 'product_name': 'Nestle Nido Instant Full Cream Milk Powder 900G', 'product_price': '£ 7.50', 'product_additionals': '£0.83/100g'}, {'shop': 'tesco', 'url': 'https://www.tesco.com/groceries/en-GB/products/305875160', 'product_name': 'Nestle Smarties Buttons Milk Chocolate 90G', 'product_price': '£ 0.99', 'product_additionals': '£1.10/100g'}, {'shop': 'tesco', 'url': 'https://www.tesco.com/groceries/en-GB/products/286633239', 'product_name': 'Nestle Yorkie Milk Bar 46G', 'product_price': '£ 0.60', 'product_additionals': '£1.31/100g'}, {'shop': 'tesco', 'url': 'https://www.tesco.com/groceries/en-GB/products/287221040', 'product_name': 'Nestle Yorkie Milk Chocolate Easter Egg & Chocolate 336G', 'product_price': '£ 5.00', 'product_additionals': '£1.49/100g'}, {'shop': 'tesco', 'url': 'https://www.tesco.com/groceries/en-GB/products/303717812', 'product_name': 'Nestle Yorkie Milk Chunks 100G', 'product_price': '£ 0.99', 'product_additionals': '£0.99/100g'}, {'shop': 'asda', 'url': 'https://groceries.asda.com/product/26916347', 'product_name': 'Nido Full Cream Milk Powder', 'product_price': '£3.77', 'product_additionals': '(94.2p/100g)'}, {'shop': 'asda', 'url': 'https://groceries.asda.com/product/61061636', 'product_name': 'Nido Full Cream Milk Powder', 'product_price': '£7.50', 'product_additionals': '(83.3p/100g)'}, {'shop': 'tesco', 'url': 'https://www.tesco.com/groceries/en-GB/products/302218379', 'product_name': 'Nivea Body Essential Smooth Milk 400Ml', 'product_price': '£ 4.50', 'product_additionals': '£1.13/100ml'}, {'shop': 'tesco', 'url': 'https://www.tesco.com/groceries/en-GB/products/305045215', 'product_name': 'Nivea Naturally Good Organic Green Tea Milky Face Cleanser 200Ml', 'product_price': '£ 4.00', 'product_additionals': '£2.00/100ml'}, {'shop': 'asda', 'url': 'https://groceries.asda.com/product/1000216498420', 'product_name': 'Nush Almond Milk Cheese Chive', 'product_price': '£2.50', 'product_additionals': 'No weight data'}, {'shop': 'asda', 'url': 'https://groceries.asda.com/product/1000216498264', 'product_name': 'Nush Almond Milk Cheese Natural', 'product_price': '£2.50', 'product_additionals': 'No weight data'}, {'shop': 'sains', 'url': 'https://www.sainsburys.co.uk/shop/gb/groceries/product/details/dairy-free-cheese-and-milk/nush-almond-yoghurt-350g', 'product_name': 'Nush Almond Milk Dairy Free Yoghurt 350g', 'product_price': '£3.00', 'product_additionals': '86p / 100g'}, {'shop': 'sains', 'url': 'https://www.sainsburys.co.uk/shop/gb/groceries/product/details/all-yogurt/nush-almond-yoghurt-350g', 'product_name': 'Nush Almond Milk Dairy Free Yoghurt 350g', 'product_price': '£3.00', 'product_additionals': '86p / 100g'}, {'shop': 'sains', 'url': 'https://www.sainsburys.co.uk/shop/gb/groceries/product/details/all-yogurt/nush-dairy-free-almond-milk-yog-strawberry-350g', 'product_name': 'Nush Dairy Free Almond Milk Yog Strawberry 350g', 'product_price': '£3.00', 'product_additionals': '86p / 100g'}, {'shop': 'tesco', 'url': 'https://www.tesco.com/groceries/en-GB/products/261746812', 'product_name': 'Oatly Longlife Milk Drink 1 Litre', 'product_price': '£ 1.50', 'product_additionals': '£1.50/litre'}, {'shop': 'tesco', 'url': 'https://www.tesco.com/groceries/en-GB/products/259454394', 'product_name': 'Ogx Coconut Milk Conditioner 385Ml', 'product_price': '£ 7.00', 'product_additionals': '£1.82/100ml'}, {'shop': 'asda', 'url': 'https://groceries.asda.com/product/910001485375', 'product_name': 'OGX Nourishing Coconut Milk Conditioner', 'product_price': '£5.00', 'product_additionals': '(£1.30/100ml)'}, {'shop': 'asda', 'url': 'https://groceries.asda.com/product/910001485971', 'product_name': 'OGX Nourishing Coconut Milk Shampoo', 'product_price': '£5.00', 'product_additionals': '(£1.30/100ml)'}, {'shop': 'tesco', 'url': 'https://www.tesco.com/groceries/en-GB/products/305037939', 'product_name': 'Olay Cleanse Make Up Face Cleansing Milk 200Ml', 'product_price': '£ 4.00', 'product_additionals': '£2.00/100ml'}, {'shop': 'tesco', 'url': 'https://www.tesco.com/groceries/en-GB/products/302290660', 'product_name': 'Oreo Crunchy Bites Milk Chocolate Biscuits 110G', 'product_price': '£ 1.50', 'product_additionals': '£1.37/100g'}, {'shop': 'tesco', 'url': 'https://www.tesco.com/groceries/en-GB/products/258492318', 'product_name': 'Ovaltine Original Add Milk 300G', 'product_price': '£ 3.40', 'product_additionals': '£1.14/100g'}, {'shop': 'tesco', 'url': 'https://www.tesco.com/groceries/en-GB/products/251690108', 'product_name': 'Palmolive Milk & Honey Liquid Handwash 300Ml', 'product_price': '£ 0.90', 'product_additionals': '£0.30/100ml'}, {'shop': 'asda', 'url': 'https://groceries.asda.com/product/1000203039125', 'product_name': 'Palmolive Milk Shower Gel', 'product_price': '£1.50', 'product_additionals': '(30.0p/100ml)'}, {'shop': 'asda', 'url': 'https://groceries.asda.com/product/910000026669', 'product_name': 'Palmolive Naturals Almond & Milk Handwash', 'product_price': '£0.90', 'product_additionals': '(30.0p/100ml)'}, {'shop': 'asda', 'url': 'https://groceries.asda.com/product/910000026713', 'product_name': 'Palmolive Naturals Milk & Honey Handwash', 'product_price': '£0.90', 'product_additionals': '(30.0p/100ml)'}, {'shop': 'tesco', 'url': 'https://www.tesco.com/groceries/en-GB/products/266548751', 'product_name': 'Palmolive Naturals Milk & Honey Shower Cream 750Ml', 'product_price': '£ 2.80', 'product_additionals': '£0.37/100ml'}, {'shop': 'asda', 'url': 'https://groceries.asda.com/product/1000109264280', 'product_name': 'Palmolive Naturals Milk & Honey Shower Gel', 'product_price': '£1.50', 'product_additionals': '(30.0p/100ml)'}, {'shop': 'asda', 'url': 'https://groceries.asda.com/product/910000782116', 'product_name': 'Palmolive Naturals Milk & Honey Shower Gel', 'product_price': '£0.90', 'product_additionals': '(36.0p/100ml)'}, {'shop': 'asda', 'url': 'https://groceries.asda.com/product/910000431575', 'product_name': 'Palmolive Naturals Milk & Honey Shower Gel', 'product_price': '£2.50', 'product_additionals': '(33.3p/100ml)'}, {'shop': 'asda', 'url': 'https://groceries.asda.com/product/910000782587', 'product_name': 'Palmolive Naturals Sensitive Skin Milk Proteins Shower Gel', 'product_price': '£0.90', 'product_additionals': '(36.0p/100ml)'}, {'shop': 'tesco', 'url': 'https://www.tesco.com/groceries/en-GB/products/302226467', 'product_name': 'Pantene Gold Leave In Detangling Milk 225Ml', 'product_price': '£ 8.00', 'product_additionals': '£3.56/100ml'}, {'shop': 'sains', 'url': 'https://www.sainsburys.co.uk/shop/gb/groceries/product/details/all-fruit/parrs-retro-milk-chocolate-coated-apple', 'product_name': 'Parrs Retro Milk Chocolate Coated Apple', 'product_price': '75p', 'product_additionals': '75p / ea'}, {'shop': 'tesco', 'url': 'https://www.tesco.com/groceries/en-GB/products/304403220', 'product_name': 'Philadelphia Milka Cheese 150G', 'product_price': '£ 1.95', 'product_additionals': '£13.00/kg'}, {'shop': 'asda', 'url': 'https://groceries.asda.com/product/1000118028743', 'product_name': 'Philadelphia Milka Soft Cheese', 'product_price': '£1.80', 'product_additionals': '(£12.00/kg)'}, {'shop': 'sains', 'url': 'https://www.sainsburys.co.uk/shop/gb/groceries/product/details/all-organic-/pico-fairtrade-organic-coconut-milk-chocolate-bar-80g', 'product_name': 'Pico Fairtrade Organic Coconut Milk Chocolate Bar 80g', 'product_price': '£2.95', 'product_additionals': '£3.69 / 100g'}, {'shop': 'sains', 'url': 'https://www.sainsburys.co.uk/shop/gb/groceries/product/details/milk-free-chocolate-and-biscuits/pico-fairtrade-organic-coconut-milk-chocolate-bar-80g', 'product_name': 'Pico Fairtrade Organic Coconut Milk Chocolate Bar 80g', 'product_price': '£2.95', 'product_additionals': '£3.69 / 100g'}, {'shop': 'sains', 'url': 'https://www.sainsburys.co.uk/shop/gb/groceries/product/details/all-easter-/pico-fairtrade-organic-hazelnut-milk-chocolate-bar-80g', 'product_name': 'Pico Fairtrade Organic Hazelnut Milk Chocolate Bar 80g', 'product_price': '£2.95', 'product_additionals': '£3.69 / 100g'}, {'shop': 'sains', 'url': 'https://www.sainsburys.co.uk/shop/gb/groceries/product/details/chocolate-and-sweets-/pico-fairtrade-organic-hazelnut-milk-chocolate-bar-80g', 'product_name': 'Pico Fairtrade Organic Hazelnut Milk Chocolate Bar 80g', 'product_price': '£2.95', 'product_additionals': '£3.69 / 100g'}, {'shop': 'sains', 'url': 'https://www.sainsburys.co.uk/shop/gb/groceries/product/details/all-mothers-day/pico-fairtrade-organic-hazelnut-milk-chocolate-bar-80g', 'product_name': 'Pico Fairtrade Organic Hazelnut Milk Chocolate Bar 80g', 'product_price': '£2.95', 'product_additionals': '£3.69 / 100g'}, {'shop': 'sains', 'url': 'https://www.sainsburys.co.uk/shop/gb/groceries/product/details/vegetarian-food/plenish-coconut-milk-organic-1l', 'product_name': 'Plenish Organic Coconut Milk 1L', 'product_price': '£2.50', 'product_additionals': '£2.50 / ltr'}, {'shop': 'sains', 'url': 'https://www.sainsburys.co.uk/shop/gb/groceries/product/details/plant-based-drinks/plenish-coconut-milk-organic-1l', 'product_name': 'Plenish Organic Coconut Milk 1L', 'product_price': '£2.50', 'product_additionals': '£2.50 / ltr'}, {'shop': 'sains', 'url': 'https://www.sainsburys.co.uk/shop/gb/groceries/product/details/dairy-free-drinks/plenish-organic-oat-dairy-free-milk-alternative-1-litre', 'product_name': 'Plenish Organic Oat Dairy Free Milk Alternative 1 Litre', 'product_price': '£2.05', 'product_additionals': '£2.05 / ltr'}, {'shop': 'asda', 'url': 'https://groceries.asda.com/product/1000194416645', 'product_name': 'Polar Gear Squishy Novelty Milk Carton', 'product_price': '£3.00', 'product_additionals': '(£3.00/each)'}, {'shop': 'tesco', 'url': 'https://www.tesco.com/groceries/en-GB/products/261626649', 'product_name': 'Pride Coconut Milk 400Ml', 'product_price': '£ 1.00', 'product_additionals': '£2.50/litre'}, {'shop': 'asda', 'url': 'https://groceries.asda.com/product/1000129611302', 'product_name': 'PRO 2GO Gooey Protein Bar Coconut & Milk Choc', 'product_price': '£2.50', 'product_additionals': 'No weight data'}, {'shop': 'asda', 'url': 'https://groceries.asda.com/product/1000230965212', 'product_name': 'PRO 2GO Gooey Protein Bar Peanut & Milk Chocolate', 'product_price': '£2.50', 'product_additionals': 'No weight data'}, {'shop': 'asda', 'url': 'https://groceries.asda.com/product/1000230965257', 'product_name': 'PRO 2GO Gooey Protein Bar Salted Caramel & Milk Chocolate Flavour', 'product_price': '£2.50', 'product_additionals': 'No weight data'}, {'shop': 'sains', 'url': 'https://www.sainsburys.co.uk/shop/gb/groceries/product/details/protein-food-and-bars/pro2go-gooey-protein-bar-salted-caramel-milk-chocolate-flavour-60g', 'product_name': 'Pro2Go Gooey Protein Bar Salted Caramel & Milk Chocolate Flavour 60g', 'product_price': '£2.50', 'product_additionals': '£4.17 / 100g'}, {'shop': 'tesco', 'url': 'https://www.tesco.com/groceries/en-GB/products/302134817', 'product_name': 'Pro2go Peanut & Milk Chocolate Bar 60G', 'product_price': '£ 2.50', 'product_additionals': '£4.17/100g'}, {'shop': 'sains', 'url': 'https://www.sainsburys.co.uk/shop/gb/groceries/product/details/all-easter-eggs-and-chocolate-/quality-street-easter-egg-277g-check-your-local-store-for-available-range-', 'product_name': 'Quality Street Milk Chocolate Giant Easter Egg 311g', 'product_price': '£6.00', 'product_additionals': '£1.93 / 100g'}, {'shop': 'tesco', 'url': 'https://www.tesco.com/groceries/en-GB/products/305554367', 'product_name': 'Quality Street Milk Chocolate Giant Egg 311G', 'product_price': '£ 5.00', 'product_additionals': '£1.61/100g'}, {'shop': 'sains', 'url': 'https://www.sainsburys.co.uk/shop/gb/groceries/product/details/dairy-free-drinks/rebel-kitchen-dairy-free-organic-coconut-milk-drink-with-cocoa-330ml', 'product_name': 'Rebel Kitchen Dairy Free Organic Coconut Milk Drink with Cocoa 330ml', 'product_price': '£1.70', 'product_additionals': '52p / 100ml'}, {'shop': 'sains', 'url': 'https://www.sainsburys.co.uk/shop/gb/groceries/product/details/milk-flavoured-milk/rebel-kitchen-dairy-free-organic-coconut-milk-drink-with-coffee-330ml', 'product_name': 'Rebel Kitchen Dairy Free Organic Coconut Milk Drink with Coffee 330ml', 'product_price': '£1.70', 'product_additionals': '52p / 100ml'}, {'shop': 'asda', 'url': 'https://groceries.asda.com/product/1000157579330', 'product_name': "Reese's 2 Milk ChocolateKing Size Peanut Butter Trees", 'product_price': '£1.00', 'product_additionals': '(£1.61/100g)'}, {'shop': 'tesco', 'url': 'https://www.tesco.com/groceries/en-GB/products/304794752', 'product_name': "Reese's Milk Chocolate Egg With 3 Peanut Butter Creme Eggs 232G", 'product_price': '£ 5.00', 'product_additionals': '£2.16/100g'}, {'shop': 'tesco', 'url': 'https://www.tesco.com/groceries/en-GB/products/292607176', 'product_name': 'Reeses Milk Chocolate Peanut Butter Cups Minis 70G', 'product_price': '£ 1.60', 'product_additionals': '£2.29/100g'}, {'shop': 'tesco', 'url': 'https://www.tesco.com/groceries/en-GB/products/308110109', 'product_name': 'Rolo Milk Chocolate Easter Egg 128G', 'product_price': '£ 1.00', 'product_additionals': '£0.78/100g'}, {'shop': 'sains', 'url': 'https://www.sainsburys.co.uk/shop/gb/groceries/product/details/dairyeggschilled-pricelockdown/sainsburys-1-fat-northern-irish-milk-227l-4-pint-', 'product_name': "Sainsbury's 1% Fat Northern Irish Milk 2.27L (4 Pint)", 'product_price': '£1.10', 'product_additionals': '55p / ltr'}, {'shop': 'sains', 'url': 'https://www.sainsburys.co.uk/shop/gb/groceries/product/details/milk-fresh-milk/sainsburys-1-fat-northern-irish-milk-227l-4-pint-', 'product_name': "Sainsbury's 1% Fat Northern Irish Milk 2.27L (4 Pint)", 'product_price': '£1.10', 'product_additionals': '55p / ltr'}, {'shop': 'sains', 'url': 'https://www.sainsburys.co.uk/shop/gb/groceries/product/details/milk-fresh-milk/sainsburys-1-fat-scottish-milk-227l-4-pint-', 'product_name': "Sainsbury's 1% Fat Scottish Milk 2.27L (4 Pint)", 'product_price': '£1.10', 'product_additionals': '48p / ltr'}, {'shop': 'sains', 'url': 'https://www.sainsburys.co.uk/shop/gb/groceries/product/details/dairyeggschilled-pricelockdown/sainsburys-1-fat-scottish-milk-227l-4-pint-', 'product_name': "Sainsbury's 1% Fat Scottish Milk 2.27L (4 Pint)", 'product_price': '£1.10', 'product_additionals': '48p / ltr'}, {'shop': 'sains', 'url': 'https://www.sainsburys.co.uk/shop/gb/groceries/product/details/milk-fresh-milk/sainsburys-british-1-fat-milk-113l-2-pint-', 'product_name': "Sainsbury's British 1% Fat Milk 1.13L (2 Pint)", 'product_price': '80p', 'product_additionals': '70p / ltr'}, {'shop': 'sains', 'url': 'https://www.sainsburys.co.uk/shop/gb/groceries/product/details/dairyeggschilled-pricelockdown/sainsburys-british-1-fat-milk-227l-4pint-', 'product_name': "Sainsbury's British 1% Fat Milk 2.27L (4pint)", 'product_price': '£1.10', 'product_additionals': '48p / ltr'}, {'shop': 'sains', 'url': 'https://www.sainsburys.co.uk/shop/gb/groceries/product/details/milk-fresh-milk/sainsburys-filtered-semi-skimmed-milk-2l', 'product_name': "Sainsbury's British Filtered Semi Skimmed Milk 2L", 'product_price': '£1.35', 'product_additionals': '68p / ltr'}, {'shop': 'sains', 'url': 'https://www.sainsburys.co.uk/shop/gb/groceries/product/details/milk-fresh-milk/sainsburys-british-semi-skimmed-milk-1-pint', 'product_name': "Sainsbury's British Semi Skimmed Milk 1 Pint", 'product_price': '55p', 'product_additionals': '97p / ltr'}, {'shop': 'sains', 'url': 'https://www.sainsburys.co.uk/shop/gb/groceries/product/details/milk-fresh-milk/sainsburys-british-semi-skimmed-milk-113l-2-pint-', 'product_name': "Sainsbury's British Semi Skimmed Milk 1.13L (2 pint)", 'product_price': '80p', 'product_additionals': '70p / ltr'}, {'shop': 'sains', 'url': 'https://www.sainsburys.co.uk/shop/gb/groceries/product/details/dairyeggschilled-pricelockdown/sainsburys-british-semi-skimmed-milk-113l-2-pint-', 'product_name': "Sainsbury's British Semi Skimmed Milk 1.13L (2 pint)", 'product_price': '80p', 'product_additionals': '70p / ltr'}, {'shop': 'sains', 'url': 'https://www.sainsburys.co.uk/shop/gb/groceries/product/details/dairy-and-chilled-essentials/sainsburys-british-semi-skimmed-milk-113l-2-pint-', 'product_name': "Sainsbury's British Semi Skimmed Milk 1.13L (2 pint)", 'product_price': '80p', 'product_additionals': '70p / ltr'}, {'shop': 'sains', 'url': 'https://www.sainsburys.co.uk/shop/gb/groceries/product/details/dairyeggschilled-pricelockdown/sainsburys-british-semi-skimmed-milk-227l-4-pint-', 'product_name': "Sainsbury's British Semi Skimmed Milk 2.27L (4 pint)", 'product_price': '£1.09', 'product_additionals': '48p / ltr'}, {'shop': 'sains', 'url': 'https://www.sainsburys.co.uk/shop/gb/groceries/product/details/make-a-smoothie/sainsburys-british-semi-skimmed-milk-227l-4-pint-', 'product_name': "Sainsbury's British Semi Skimmed Milk 2.27L (4 pint)", 'product_price': '£1.09', 'product_additionals': '48p / ltr'}, {'shop': 'sains', 'url': 'https://www.sainsburys.co.uk/shop/gb/groceries/product/details/milk-fresh-milk/sainsburys-british-semi-skimmed-milk-227l-4-pint-', 'product_name': "Sainsbury's British Semi Skimmed Milk 2.27L (4 pint)", 'product_price': '£1.09', 'product_additionals': '48p / ltr'}, {'shop': 'sains', 'url': 'https://www.sainsburys.co.uk/shop/gb/groceries/product/details/all-organic-/sainsburys-british-semi-skimmed-milk-so-organic-227l-4-pint-', 'product_name': "Sainsbury's British Semi Skimmed Milk, SO Organic 2.27L (4 pint)", 'product_price': '£1.55', 'product_additionals': '68p / ltr'}, {'shop': 'sains', 'url': 'https://www.sainsburys.co.uk/shop/gb/groceries/product/details/make-a-smoothie/sainsburys-british-semi-skimmed-milk-so-organic-227l-4-pint-', 'product_name': "Sainsbury's British Semi Skimmed Milk, SO Organic 2.27L (4 pint)", 'product_price': '£1.55', 'product_additionals': '68p / ltr'}, {'shop': 'sains', 'url': 'https://www.sainsburys.co.uk/shop/gb/groceries/product/details/organic-dairy-products/sainsburys-british-semi-skimmed-milk-so-organic-568ml-1-pint-', 'product_name': "Sainsbury's British Semi Skimmed Milk, SO Organic 568ml (1 pint)", 'product_price': '65p', 'product_additionals': '£1.14 / ltr'}, {'shop': 'sains', 'url': 'https://www.sainsburys.co.uk/shop/gb/groceries/product/details/milk-fresh-milk/sainsburys-british-semi-skimmed-milk-so-organic-568ml-1-pint-', 'product_name': "Sainsbury's British Semi Skimmed Milk, SO Organic 568ml (1 pint)", 'product_price': '65p', 'product_additionals': '£1.14 / ltr'}, {'shop': 'sains', 'url': 'https://www.sainsburys.co.uk/shop/gb/groceries/product/details/dairy-and-chilled-essentials/sainsburys-british-skimmed-milk-113l-2-pint-', 'product_name': "Sainsbury's British Skimmed Milk 1.13L (2 pint)", 'product_price': '80p', 'product_additionals': '70p / ltr'}, {'shop': 'sains', 'url': 'https://www.sainsburys.co.uk/shop/gb/groceries/product/details/dairyeggschilled-pricelockdown/sainsburys-british-skimmed-milk-113l-2-pint-', 'product_name': "Sainsbury's British Skimmed Milk 1.13L (2 pint)", 'product_price': '80p', 'product_additionals': '70p / ltr'}, {'shop': 'sains', 'url': 'https://www.sainsburys.co.uk/shop/gb/groceries/product/details/milk-fresh-milk/sainsburys-british-skimmed-milk-113l-2-pint-', 'product_name': "Sainsbury's British Skimmed Milk 1.13L (2 pint)", 'product_price': '80p', 'product_additionals': '70p / ltr'}, {'shop': 'sains', 'url': 'https://www.sainsburys.co.uk/shop/gb/groceries/product/details/dairyeggschilled-pricelockdown/sainsburys-british-skimmed-milk-227l-4-pint-', 'product_name': "Sainsbury's British Skimmed Milk 2.27L (4 pint)", 'product_price': '£1.09', 'product_additionals': '48p / ltr'}, {'shop': 'sains', 'url': 'https://www.sainsburys.co.uk/shop/gb/groceries/product/details/aldi-price-match/sainsburys-british-skimmed-milk-227l-4-pint-', 'product_name': "Sainsbury's British Skimmed Milk 2.27L (4 pint)", 'product_price': '£1.09', 'product_additionals': '48p / ltr'}, {'shop': 'sains', 'url': 'https://www.sainsburys.co.uk/shop/gb/groceries/product/details/aldi-price-match/sainsburys-british-whole-milk-113l-2-pint-', 'product_name': "Sainsbury's British Whole Milk 1.13L (2 pint)", 'product_price': '80p', 'product_additionals': '70p / ltr'}, {'shop': 'sains', 'url': 'https://www.sainsburys.co.uk/shop/gb/groceries/product/details/dairyeggschilled-pricelockdown/sainsburys-british-whole-milk-227l-4-pint-', 'product_name': "Sainsbury's British Whole Milk 2.27L (4 pint)", 'product_price': '£1.09', 'product_additionals': '48p / ltr'}, {'shop': 'sains', 'url': 'https://www.sainsburys.co.uk/shop/gb/groceries/product/details/latest-information--/sainsburys-british-whole-milk-568ml-1-pint-', 'product_name': "Sainsbury's British Whole Milk 568ml (1 pint)", 'product_price': '55p', 'product_additionals': '97p / ltr'}, {'shop': 'sains', 'url': 'https://www.sainsburys.co.uk/shop/gb/groceries/product/details/milk-fresh-milk/sainsburys-british-whole-milk-so-organic-113l-2-pint-', 'product_name': "Sainsbury's British Whole Milk, SO Organic 1.13L (2 pint)", 'product_price': '£1.05', 'product_additionals': '92p / ltr'}, {'shop': 'sains', 'url': 'https://www.sainsburys.co.uk/shop/gb/groceries/product/details/organic-dairy-products/sainsburys-british-whole-milk-so-organic-113l-2-pint-', 'product_name': "Sainsbury's British Whole Milk, SO Organic 1.13L (2 pint)", 'product_price': '£1.05', 'product_additionals': '92p / ltr'}, {'shop': 'sains', 'url': 'https://www.sainsburys.co.uk/shop/gb/groceries/product/details/all-organic-/sainsburys-british-whole-milk-so-organic-568ml-1-pint-', 'product_name': "Sainsbury's British Whole Milk, SO Organic 568ml (1 pint)", 'product_price': '65p', 'product_additionals': '£1.14 / ltr'}, {'shop': 'sains', 'url': 'https://www.sainsburys.co.uk/shop/gb/groceries/product/details/cream-custard/sainsburys-buttermilk-300ml', 'product_name': "Sainsbury's Buttermilk 300ml", 'product_price': '85p', 'product_additionals': '28p / 100ml'}, {'shop': 'sains', 'url': 'https://www.sainsburys.co.uk/shop/gb/groceries/product/details/price-lock-bakery/sainsburys-buttermilk-pancakes-x4', 'product_name': "Sainsbury's Buttermilk Pancakes x4", 'product_price': '85p', 'product_additionals': '21p / ea'}, {'shop': 'sains', 'url': 'https://www.sainsburys.co.uk/shop/gb/groceries/product/details/breakfast-in-bed/sainsburys-buttermilk-pancakes-x8', 'product_name': "Sainsbury's Buttermilk Pancakes x8", 'product_price': '£1.20', 'product_additionals': '15p / ea'}, {'shop': 'sains', 'url': 'https://www.sainsburys.co.uk/shop/gb/groceries/product/details/all-easter-/sainsburys-buttermilk-pancakes-x8', 'product_name': "Sainsbury's Buttermilk Pancakes x8", 'product_price': '£1.20', 'product_additionals': '15p / ea'}, {'shop': 'sains', 'url': 'https://www.sainsburys.co.uk/shop/gb/groceries/product/details/breakfastbrunch/sainsburys-buttermilk-pancakes-x8', 'product_name': "Sainsbury's Buttermilk Pancakes x8", 'product_price': '£1.20', 'product_additionals': '15p / ea'}, {'shop': 'sains', 'url': 'https://www.sainsburys.co.uk/shop/gb/groceries/product/details/milk-flavoured-milk/sainsburys-fresh-chocolate-flavoured-milk-1l', 'product_name': "Sainsbury's Chocolate Milkshake 1L", 'product_price': '£1.00', 'product_additionals': '£1.00 / ltr'}, {'shop': 'sains', 'url': 'https://www.sainsburys.co.uk/shop/gb/groceries/product/details/all-gluten-free-food-and-drink/sainsburys-ff-choc-bar-100g', 'product_name': "Sainsbury's Deliciously Free From Milk Choc Bar 100g", 'product_price': '£1.10', 'product_additionals': '£1.10 / 100g'}, {'shop': 'sains', 'url': 'https://www.sainsburys.co.uk/shop/gb/groceries/product/details/new-355373-44/sainsburys-home-drury-lane-milk-jug-134435430-p', 'product_name': "Sainsbury's Home Drury Lane Milk Jug", 'product_price': '£8.00', 'product_additionals': '£8.00 / ea'}, {'shop': 'sains', 'url': 'https://www.sainsburys.co.uk/shop/gb/groceries/product/details/all-price-lock/sainsburys-long-life-semi-skimmed-milk-500ml', 'product_name': "Sainsbury's Long Life Semi Skimmed Milk 500ml", 'product_price': '55p', 'product_additionals': '£1.10 / ltr'}, {'shop': 'sains', 'url': 'https://www.sainsburys.co.uk/shop/gb/groceries/product/details/price-lock-drinks/sainsburys-long-life-semi-skimmed-milk-500ml', 'product_name': "Sainsbury's Long Life Semi Skimmed Milk 500ml", 'product_price': '55p', 'product_additionals': '£1.10 / ltr'}, {'shop': 'sains', 'url': 'https://www.sainsburys.co.uk/shop/gb/groceries/product/details/aldi-price-match/sainsburys-malted-milk-biscuits-200g', 'product_name': "Sainsbury's Malted Milk Biscuits 200g", 'product_price': '29p', 'product_additionals': '15p / 100g'}, {'shop': 'sains', 'url': 'https://www.sainsburys.co.uk/shop/gb/groceries/product/details/all-easter-/sainsburys-milk-chocolate-chips-100g', 'product_name': "Sainsbury's Milk Chocolate Chips 100g", 'product_price': '80p', 'product_additionals': '80p / 100g'}, {'shop': 'sains', 'url': 'https://www.sainsburys.co.uk/shop/gb/groceries/product/details/price-lock-bakery/sainsburys-milk-chocolate-flapjack-bites-x18', 'product_name': "Sainsbury's Milk Chocolate Flapjack Bites x18", 'product_price': '£1.50', 'product_additionals': '8p / ea'}, {'shop': 'sains', 'url': 'https://www.sainsburys.co.uk/shop/gb/groceries/product/details/easter-special-offers/sainsburys-egg-hunt-bag-200g', 'product_name': "Sainsbury's Milk Chocolate Hollow Eggs 200g", 'product_price': '£2.50', 'product_additionals': '£1.25 / 100g'}, {'shop': 'sains', 'url': 'https://www.sainsburys.co.uk/shop/gb/groceries/product/details/price-lock-bakery/sainsburys-milk-chocolate-mini-rolls-x14', 'product_name': "Sainsbury's Milk Chocolate Mini Rolls x14", 'product_price': '£1.50', 'product_additionals': '11p / ea'}, {'shop': 'sains', 'url': 'https://www.sainsburys.co.uk/shop/gb/groceries/product/details/all-price-lock/sainsburys-milk-chocolate-rice-cakes-4x3575g', 'product_name': "Sainsbury's Milk Chocolate Rice Cakes 4x35.75g", 'product_price': '£1.30', 'product_additionals': '87p / 100g'}, {'shop': 'sains', 'url': 'https://www.sainsburys.co.uk/shop/gb/groceries/product/details/price-lock-food-cupboard/sainsburys-milk-chocolate-rice-cakes-4x3575g', 'product_name': "Sainsbury's Milk Chocolate Rice Cakes 4x35.75g", 'product_price': '£1.30', 'product_additionals': '87p / 100g'}, {'shop': 'sains', 'url': 'https://www.sainsburys.co.uk/shop/gb/groceries/product/details/chocolate-and-sweets-/sainsburys-no-added-sugar-milk-chocolate-100g', 'product_name': "Sainsbury's No Added Sugar Milk Chocolate 100g", 'product_price': '85p', 'product_additionals': '85p / 100g'}, {'shop': 'sains', 'url': 'https://www.sainsburys.co.uk/shop/gb/groceries/product/details/all-mothers-day/sainsburys-no-added-sugar-milk-chocolate-100g', 'product_name': "Sainsbury's No Added Sugar Milk Chocolate 100g", 'product_price': '85p', 'product_additionals': '85p / 100g'}, {'shop': 'sains', 'url': 'https://www.sainsburys.co.uk/shop/gb/groceries/product/details/milk-fresh-milk/sainsburys-northern-irish-semi-skimmed-milk-1l', 'product_name': "Sainsbury's Northern Irish Semi-skimmed Milk 1L", 'product_price': '75p', 'product_additionals': '75p / ltr'}, {'shop': 'sains', 'url': 'https://www.sainsburys.co.uk/shop/gb/groceries/product/details/milk-fresh-milk/sainsburys-northern-irish-skimmed-milk-1-pint-568ml', 'product_name': "Sainsbury's Northern Irish Skimmed Milk 568ml (1 Pint)", 'product_price': '55p', 'product_additionals': '97p / ltr'}, {'shop': 'sains', 'url': 'https://www.sainsburys.co.uk/shop/gb/groceries/product/details/milk-fresh-milk/sainsburys-northern-irish-whole-milk-3l', 'product_name': "Sainsbury's Northern Irish Whole Milk 3L", 'product_price': '£1.40', 'product_additionals': '47p / ltr'}, {'shop': 'sains', 'url': 'https://www.sainsburys.co.uk/shop/gb/groceries/product/details/dairyeggschilled-pricelockdown/sainsburys-scottish-semi-skimmed-milk-113l-2-pint-', 'product_name': "Sainsbury's Scottish Semi Skimmed Milk 1.13L (2 pint)", 'product_price': '80p', 'product_additionals': '70p / ltr'}, {'shop': 'sains', 'url': 'https://www.sainsburys.co.uk/shop/gb/groceries/product/details/dairyeggschilled-pricelockdown/sainsburys-scottish-semi-skimmed-milk-227l-4-pint-', 'product_name': "Sainsbury's Scottish Semi Skimmed Milk 2.27L (4 pint)", 'product_price': '£1.09', 'product_additionals': '48p / ltr'}, {'shop': 'sains', 'url': 'https://www.sainsburys.co.uk/shop/gb/groceries/product/details/milk-fresh-milk/sainsburys-scottish-semi-skimmed-milk-227l-4-pint-', 'product_name': "Sainsbury's Scottish Semi Skimmed Milk 2.27L (4 pint)", 'product_price': '£1.09', 'product_additionals': '48p / ltr'}, {'shop': 'sains', 'url': 'https://www.sainsburys.co.uk/shop/gb/groceries/product/details/all-organic-/sainsburys-scottish-semi-skimmed-milk-so-organic-227l-4-pint-', 'product_name': "Sainsbury's Scottish Semi Skimmed Milk, SO Organic 2.27L (4 pint)", 'product_price': '£1.55', 'product_additionals': '68p / ltr'}, {'shop': 'sains', 'url': 'https://www.sainsburys.co.uk/shop/gb/groceries/product/details/organic-dairy-products/sainsburys-scottish-semi-skimmed-milk-so-organic-568ml-1-pint-', 'product_name': "Sainsbury's Scottish Semi Skimmed Milk, SO Organic 568ml (1 pint)", 'product_price': '65p', 'product_additionals': '£1.14 / ltr'}, {'shop': 'sains', 'url': 'https://www.sainsburys.co.uk/shop/gb/groceries/product/details/milk-fresh-milk/sainsburys-scottish-semi-skimmed-milk-so-organic-568ml-1-pint-', 'product_name': "Sainsbury's Scottish Semi Skimmed Milk, SO Organic 568ml (1 pint)", 'product_price': '65p', 'product_additionals': '£1.14 / ltr'}, {'shop': 'sains', 'url': 'https://www.sainsburys.co.uk/shop/gb/groceries/product/details/dairyeggschilled-pricelockdown/sainsburys-scottish-skimmed-milk-113l-2-pint-', 'product_name': "Sainsbury's Scottish Skimmed Milk 1.13L (2 pint)", 'product_price': '80p', 'product_additionals': '70p / ltr'}, {'shop': 'sains', 'url': 'https://www.sainsburys.co.uk/shop/gb/groceries/product/details/aldi-price-match/sainsburys-scottish-skimmed-milk-227l-4pint-', 'product_name': "Sainsbury's Scottish Skimmed Milk 2.27L (4pint)", 'product_price': '£1.09', 'product_additionals': '48p / ltr'}, {'shop': 'sains', 'url': 'https://www.sainsburys.co.uk/shop/gb/groceries/product/details/all-organic-/sainsburys-scottish-skimmed-milk-so-organic-113l-2-pint-', 'product_name': "Sainsbury's Scottish Skimmed Milk, SO Organic 1.13L (2 pint)", 'product_price': '£1.05', 'product_additionals': '92p / ltr'}, {'shop': 'sains', 'url': 'https://www.sainsburys.co.uk/shop/gb/groceries/product/details/organic-dairy-products/sainsburys-scottish-skimmed-milk-so-organic-568ml-1-pint-', 'product_name': "Sainsbury's Scottish Skimmed Milk, SO Organic 568ml (1 pint)", 'product_price': '65p', 'product_additionals': '£1.14 / ltr'}, {'shop': 'sains', 'url': 'https://www.sainsburys.co.uk/shop/gb/groceries/product/details/milk-fresh-milk/sainsburys-scottish-skimmed-milk-so-organic-568ml-1-pint-', 'product_name': "Sainsbury's Scottish Skimmed Milk, SO Organic 568ml (1 pint)", 'product_price': '65p', 'product_additionals': '£1.14 / ltr'}, {'shop': 'sains', 'url': 'https://www.sainsburys.co.uk/shop/gb/groceries/product/details/aldi-price-match/sainsburys-scottish-whole-milk-113l-2-pint-', 'product_name': "Sainsbury's Scottish Whole Milk 1.13L (2 pint)", 'product_price': '80p', 'product_additionals': '70p / ltr'}, {'shop': 'sains', 'url': 'https://www.sainsburys.co.uk/shop/gb/groceries/product/details/dairyeggschilled-pricelockdown/sainsburys-scottish-whole-milk-227l-4-pint-', 'product_name': "Sainsbury's Scottish Whole Milk 2.27L (4 pint)", 'product_price': '£1.09', 'product_additionals': '48p / ltr'}, {'shop': 'sains', 'url': 'https://www.sainsburys.co.uk/shop/gb/groceries/product/details/milk-fresh-milk/sainsburys-scottish-whole-milk-6pint-34l', 'product_name': "Sainsbury's Scottish Whole Milk 3.4L (6 pint)", 'product_price': '£1.55', 'product_additionals': '45p / ltr'}, {'shop': 'sains', 'url': 'https://www.sainsburys.co.uk/shop/gb/groceries/product/details/organic-dairy-products/sainsburys-scottish-whole-milk-so-organic-113l-2-pint-', 'product_name': "Sainsbury's Scottish Whole Milk, SO Organic 1.13L (2 pint)", 'product_price': '£1.05', 'product_additionals': '92p / ltr'}, {'shop': 'sains', 'url': 'https://www.sainsburys.co.uk/shop/gb/groceries/product/details/milk-fresh-milk/sainsburys-scottish-whole-milk-so-organic-113l-2-pint-', 'product_name': "Sainsbury's Scottish Whole Milk, SO Organic 1.13L (2 pint)", 'product_price': '£1.05', 'product_additionals': '92p / ltr'}, {'shop': 'sains', 'url': 'https://www.sainsburys.co.uk/shop/gb/groceries/product/details/milk-fresh-milk/sainsburys-scottish-whole-milk-so-organic-568ml-1-pint-', 'product_name': "Sainsbury's Scottish Whole Milk, SO Organic 568ml (1 pint)", 'product_price': '65p', 'product_additionals': '£1.14 / ltr'}, {'shop': 'sains', 'url': 'https://www.sainsburys.co.uk/shop/gb/groceries/product/details/organic-dairy-products/sainsburys-scottish-whole-milk-so-organic-568ml-1-pint-', 'product_name': "Sainsbury's Scottish Whole Milk, SO Organic 568ml (1 pint)", 'product_price': '65p', 'product_additionals': '£1.14 / ltr'}, {'shop': 'sains', 'url': 'https://www.sainsburys.co.uk/shop/gb/groceries/product/details/price-lock-drinks/sainsburys-semi-skimmed-british-milk-1l', 'product_name': "Sainsbury's Semi Skimmed British Milk 1L", 'product_price': '80p', 'product_additionals': '80p / ltr'}, {'shop': 'sains', 'url': 'https://www.sainsburys.co.uk/shop/gb/groceries/product/details/all-price-lock/sainsburys-semi-skimmed-long-life-milk-6x1l', 'product_name': "Sainsbury's Semi Skimmed Long Life Milk 6x1L", 'product_price': '£4.25', 'product_additionals': '71p / ltr'}, {'shop': 'sains', 'url': 'https://www.sainsburys.co.uk/shop/gb/groceries/product/details/all-price-lock/sainsburys-skimmed-milk-powder-300g', 'product_name': "Sainsbury's Skimmed Milk Powder 300g", 'product_price': '£1.80', 'product_additionals': '60p / 100g'}, {'shop': 'sains', 'url': 'https://www.sainsburys.co.uk/shop/gb/groceries/product/details/miniandtreat-size/sainsburys-swiss-milk-choc-mini-eggs-taste-the-difference-120g-check-your-local-store-for-available-range-', 'product_name': "Sainsbury's Swiss Milk Chocolate Eggs, Taste the Difference 120g", 'product_price': '£2.00', 'product_additionals': '£1.67 / 100g'}, {'shop': 'sains', 'url': 'https://www.sainsburys.co.uk/shop/gb/groceries/product/details/all-price-lock/sainsburys-west-country-1-fat-milk-4-pint-227l-7938735-p-44', 'product_name': "Sainsbury's West Country 1% Fat Milk (4 Pint) 2.27L", 'product_price': '£1.10', 'product_additionals': '48p / ltr'}, {'shop': 'sains', 'url': 'https://www.sainsburys.co.uk/shop/gb/groceries/product/details/milk-fresh-milk/sainsburys-west-country-1-fat-milk-4-pint-227l', 'product_name': "Sainsbury's West Country 1% Fat Milk (4 Pint) 2.27L", 'product_price': '£1.15', 'product_additionals': '51p / ltr'}, {'shop': 'sains', 'url': 'https://www.sainsburys.co.uk/shop/gb/groceries/product/details/dairyeggschilled-pricelockdown/sainsburys-west-country-1-fat-milk-4-pint-227l-7938735-p-44', 'product_name': "Sainsbury's West Country 1% Fat Milk (4 Pint) 2.27L", 'product_price': '£1.10', 'product_additionals': '48p / ltr'}, {'shop': 'sains', 'url': 'https://www.sainsburys.co.uk/shop/gb/groceries/product/details/milk-fresh-milk/sainsburys-west-country-semi-skimmed-milk-113l-2-pint-', 'product_name': "Sainsbury's West Country Semi Skimmed Milk 1.13L (2 Pint)", 'product_price': '80p', 'product_additionals': '70p / ltr'}, {'shop': 'sains', 'url': 'https://www.sainsburys.co.uk/shop/gb/groceries/product/details/dairyeggschilled-pricelockdown/sainsburys-west-country-semi-skimmed-milk-113l-2-pint-7938683-p-44', 'product_name': "Sainsbury's West Country Semi Skimmed Milk 1.13L (2 Pint)", 'product_price': '80p', 'product_additionals': '70p / ltr'}, {'shop': 'sains', 'url': 'https://www.sainsburys.co.uk/shop/gb/groceries/product/details/aldi-price-match/sainsburys-west-country-semi-skimmed-milk-113l-2-pint-7938683-p-44', 'product_name': "Sainsbury's West Country Semi Skimmed Milk 1.13L (2 Pint)", 'product_price': '80p', 'product_additionals': '70p / ltr'}, {'shop': 'sains', 'url': 'https://www.sainsburys.co.uk/shop/gb/groceries/product/details/dairyeggschilled-pricelockdown/sainsburys-west-country-semi-skimmed-milk-227l-4-pint-7938693-p-44', 'product_name': "Sainsbury's West Country Semi-Skimmed Milk 2.27L (4 Pint)", 'product_price': '£1.09', 'product_additionals': '48p / ltr'}, {'shop': 'sains', 'url': 'https://www.sainsburys.co.uk/shop/gb/groceries/product/details/milk-fresh-milk/sainsburys-west-country-skimmed-milk-1-pint-568ml-7938602-p-44', 'product_name': "Sainsbury's West Country Skimmed Milk (1 Pint) 568ml", 'product_price': '55p', 'product_additionals': '97p / ltr'}, {'shop': 'sains', 'url': 'https://www.sainsburys.co.uk/shop/gb/groceries/product/details/dairyeggschilled-pricelockdown/sainsburys-west-country-skimmed-milk-113l-2-pint-', 'product_name': "Sainsbury's West Country Skimmed Milk 1.13L (2 Pint)", 'product_price': '80p', 'product_additionals': '70p / ltr'}, {'shop': 'sains', 'url': 'https://www.sainsburys.co.uk/shop/gb/groceries/product/details/dairyeggschilled-pricelockdown/sainsburys-west-country-skimmed-milk-227l-4-pint-7938647-p-44', 'product_name': "Sainsbury's West Country Skimmed Milk 2.27L (4 Pint)", 'product_price': '£1.09', 'product_additionals': '48p / ltr'}, {'shop': 'sains', 'url': 'https://www.sainsburys.co.uk/shop/gb/groceries/product/details/dairyeggschilled-pricelockdown/sainsburys-west-country-whole-milk-113l-2-pint-7938763-p-44', 'product_name': "Sainsbury's West Country Whole Milk 1.13L (2 Pint)", 'product_price': '80p', 'product_additionals': '70p / ltr'}, {'shop': 'sains', 'url': 'https://www.sainsburys.co.uk/shop/gb/groceries/product/details/milk-fresh-milk/sainsburys-west-country-whole-milk-113l-2-pint-7938763-p-44', 'product_name': "Sainsbury's West Country Whole Milk 1.13L (2 Pint)", 'product_price': '80p', 'product_additionals': '70p / ltr'}, {'shop': 'sains', 'url': 'https://www.sainsburys.co.uk/shop/gb/groceries/product/details/milk-fresh-milk/sainsburys-west-country-whole-milk-227l-4-pint-', 'product_name': "Sainsbury's West Country Whole Milk 2.27L (4 Pint)", 'product_price': '£1.15', 'product_additionals': '51p / ltr'}, {'shop': 'sains', 'url': 'https://www.sainsburys.co.uk/shop/gb/groceries/product/details/dairyeggschilled-pricelockdown/sainsburys-west-country-whole-milk-227l-4-pint-7938770-p-44', 'product_name': "Sainsbury's West Country Whole Milk 2.27L (4 Pint)", 'product_price': '£1.09', 'product_additionals': '48p / ltr'}, {'shop': 'sains', 'url': 'https://www.sainsburys.co.uk/shop/gb/groceries/product/details/milk-fresh-milk/sainsburys-west-country-whole-milk-568ml-1-pint-7938754-p-44', 'product_name': "Sainsbury's West Country Whole Milk 568ml (1 Pint)", 'product_price': '55p', 'product_additionals': '97p / ltr'}, {'shop': 'asda', 'url': 'https://groceries.asda.com/product/910002101271', 'product_name': 'Schar Gluten Free Milk Chocolate Nobbles', 'product_price': '£1.20', 'product_additionals': 'No weight data'}, {'shop': 'tesco', 'url': 'https://www.tesco.com/groceries/en-GB/products/279946951', 'product_name': 'Schmerlings Rosemarie Milk Chocolate 100G', 'product_price': '£ 2.69', 'product_additionals': '£0.27/10g'}, {'shop': 'sains', 'url': 'https://www.sainsburys.co.uk/shop/gb/groceries/product/details/protein-food-and-bars/sci-mx-nutrition-pro-2-go-high-protein-bar-peanut-milk-chocolate-60g', 'product_name': 'Sci-MX Nutrition Pro 2 Go High Protein Bar Peanut & Milk Chocolate 60g', 'product_price': '£2.50', 'product_additionals': '£4.17 / 100g'}, {'shop': 'aldi', 'url': 'https://www.aldi.co.uk/scottish-semi-skimmed-milk---1l/p/062203006335000', 'product_name': 'Scottish Semi Skimmed Milk - 1L', 'product_price': '0.70', 'product_additionals': '70p per litre'}, {'shop': 'tesco', 'url': 'https://www.tesco.com/groceries/en-GB/products/302300689', 'product_name': 'Shaken Udder Chocolush Milk Shake 750Ml', 'product_price': '£ 2.10', 'product_additionals': '£0.28/100ml'}, {'shop': 'tesco', 'url': 'https://www.tesco.com/groceries/en-GB/products/268891449', 'product_name': 'Shaken Udder Chocolush Milkshake 330Ml', 'product_price': '£ 1.35', 'product_additionals': '£0.41/100ml'}, {'shop': 'sains', 'url': 'https://www.sainsburys.co.uk/shop/gb/groceries/product/details/milk-flavoured-milk/shaken-udder-top-banana!-banana-milkshake-330ml', 'product_name': 'Shaken Udder Top Banana! Banana Milkshake 330ml', 'product_price': '£1.40', 'product_additionals': '42p / 100ml'}, {'shop': 'tesco', 'url': 'https://www.tesco.com/groceries/en-GB/products/268890865', 'product_name': 'Shaken Udder Vanilla-Licious Milkshake 330Ml', 'product_price': '£ 1.35', 'product_additionals': '£0.41/100ml'}, {'shop': 'tesco', 'url': 'https://www.tesco.com/groceries/en-GB/products/255801128', 'product_name': 'Skimmed Cravendale Milk Purfiltre 2 Litre', 'product_price': '£ 1.85', 'product_additionals': '£0.92/litre'}, {'shop': 'sains', 'url': 'https://www.sainsburys.co.uk/shop/gb/groceries/product/details/milk-flavoured-milk/sleep-well-vanilla-milk-drink-uht-200ml', 'product_name': 'Sleep Well Vanilla Milk Drink UHT 200ml', 'product_price': '£1.25', 'product_additionals': '63p / 100ml'}, {'shop': 'tesco', 'url': 'https://www.tesco.com/groceries/en-GB/products/289663291', 'product_name': 'Slim-Fast Multipack Milkshakesberry 1X6x325ml', 'product_price': '£ 9.50', 'product_additionals': '£0.49/100ml'}, {'shop': 'tesco', 'url': 'https://www.tesco.com/groceries/en-GB/products/289668352', 'product_name': 'Slimfast Cafe Latte Milkshake 6X325ml', 'product_price': '£ 9.50', 'product_additionals': '£0.49/100ml'}, {'shop': 'sains', 'url': 'https://www.sainsburys.co.uk/shop/gb/groceries/product/details/weight-management/slimfast-ready-to-drink-chocolate-6x325ml', 'product_name': 'Slimfast Ready To Drink Milkshake Chocolate 6x325ml', 'product_price': '£9.50', 'product_additionals': '49p / 100ml'}, {'shop': 'asda', 'url': 'https://groceries.asda.com/product/910000778593', 'product_name': 'SMA 1 Comfort Easy to Digest Baby Milk Powder Formula', 'product_price': '£12.97', 'product_additionals': 'No weight data'}, {'shop': 'asda', 'url': 'https://groceries.asda.com/product/1000111203346', 'product_name': 'SMA Advanced 1 First Infant Milk Powder Formula', 'product_price': '£14.45', 'product_additionals': 'No weight data'}, {'shop': 'asda', 'url': 'https://groceries.asda.com/product/1000111203497', 'product_name': 'SMA Advanced 2 Follow On Milk Powder Formula', 'product_price': '£14.45', 'product_additionals': 'No weight data'}, {'shop': 'asda', 'url': 'https://groceries.asda.com/product/1000111203452', 'product_name': 'SMA Advanced 3 Growing Up Milk Powder Formula', 'product_price': '£14.45', 'product_additionals': 'No weight data'}, {'shop': 'tesco', 'url': 'https://www.tesco.com/groceries/en-GB/products/303215110', 'product_name': 'Sma Advanced Follow-On-Milk 6 Months+ 800G', 'product_price': '£ 14.50', 'product_additionals': '£18.13/kg'}, {'shop': 'tesco', 'url': 'https://www.tesco.com/groceries/en-GB/products/303215133', 'product_name': 'Sma Advanced Growing Up Milk 1-3Yr 800G', 'product_price': '£ 16.00', 'product_additionals': '£20.00/kg'}, {'shop': 'tesco', 'url': 'https://www.tesco.com/groceries/en-GB/products/305527901', 'product_name': 'Sma Anti Reflux Infant Milk From Birth 800G', 'product_price': '£ 13.00', 'product_additionals': '£16.25/kg'}, {'shop': 'tesco', 'url': 'https://www.tesco.com/groceries/en-GB/products/273760989', 'product_name': 'Sma Comfort Infant Milk From Birth 800G', 'product_price': '£ 13.00', 'product_additionals': '£16.25/kg'}, {'shop': 'asda', 'url': 'https://groceries.asda.com/product/1000111203307', 'product_name': 'SMA Little Steps 1 First Infant Milk Powder Formula From Birth', 'product_price': '£8.00', 'product_additionals': 'No weight data'}, {'shop': 'asda', 'url': 'https://groceries.asda.com/product/1000111203284', 'product_name': 'SMA Little Steps 2 Follow On Milk Powder Formula 6+ Months', 'product_price': '£7.49', 'product_additionals': 'No weight data'}, {'shop': 'tesco', 'url': 'https://www.tesco.com/groceries/en-GB/products/305256138', 'product_name': 'Sma Little Steps First Infant Milk 200Ml', 'product_price': '£ 0.65', 'product_additionals': '£0.32/100ml'}, {'shop': 'tesco', 'url': 'https://www.tesco.com/groceries/en-GB/products/303215156', 'product_name': 'Sma Little Steps First Milk 1 From Birth 800G', 'product_price': '£ 8.00', 'product_additionals': '£10.00/kg'}, {'shop': 'tesco', 'url': 'https://www.tesco.com/groceries/en-GB/products/303215179', 'product_name': 'Sma Little Steps Follow On Milk 6Mth+ 800G', 'product_price': '£ 8.00', 'product_additionals': '£10.00/kg'}, {'shop': 'tesco', 'url': 'https://www.tesco.com/groceries/en-GB/products/301282631', 'product_name': 'Sma Organic First Milk 800G', 'product_price': '£ 12.00', 'product_additionals': '£15.00/kg'}, {'shop': 'tesco', 'url': 'https://www.tesco.com/groceries/en-GB/products/307346864', 'product_name': 'Sma Pro 3 Growing Up Milk 200Ml', 'product_price': '£ 0.80', 'product_additionals': '£4.00/litre'}, {'shop': 'tesco', 'url': 'https://www.tesco.com/groceries/en-GB/products/307361298', 'product_name': 'Sma Pro Extra Hungry Infant Milk 800G', 'product_price': '£ 10.75', 'product_additionals': '£13.44/kg'}, {'shop': 'tesco', 'url': 'https://www.tesco.com/groceries/en-GB/products/305781627', 'product_name': 'Sma Pro First Infant Milk Birth 1 Litre', 'product_price': '£ 4.00', 'product_additionals': '£4.00/litre'}, {'shop': 'tesco', 'url': 'https://www.tesco.com/groceries/en-GB/products/305781702', 'product_name': 'Sma Pro First Infant Milk Birth 200Ml', 'product_price': '£ 0.85', 'product_additionals': '£4.25/litre'}, {'shop': 'asda', 'url': 'https://groceries.asda.com/product/1000196707142', 'product_name': 'SMA PRO First Infant Milk From Birth', 'product_price': '£10.75', 'product_additionals': 'No weight data'}, {'shop': 'asda', 'url': 'https://groceries.asda.com/product/1000212268834', 'product_name': 'SMA PRO First Infant Milk From Birth 6 x 70 ml Starter Pack', 'product_price': '£7.45', 'product_additionals': '(£1.77/100ml)'}, {'shop': 'tesco', 'url': 'https://www.tesco.com/groceries/en-GB/products/305781649', 'product_name': 'Sma Pro First Infant Milk From Birth 800G', 'product_price': '£ 10.75', 'product_additionals': '£13.44/kg'}, {'shop': 'sains', 'url': 'https://www.sainsburys.co.uk/shop/gb/groceries/product/details/bigger-packs-/sma-1-first-infant-milk-900g', 'product_name': 'SMA PRO First Infant Milk From Birth 800g', 'product_price': '£10.75', 'product_additionals': '£1.34 / 100g'}, {'shop': 'asda', 'url': 'https://groceries.asda.com/product/1000196707097', 'product_name': 'SMA PRO First Infant Milk from Birth Ready to Drink', 'product_price': '£0.80', 'product_additionals': 'No weight data'}, {'shop': 'asda', 'url': 'https://groceries.asda.com/product/1000196706968', 'product_name': 'SMA PRO First Infant Milk From Birth Ready to Drink', 'product_price': '£3.70', 'product_additionals': 'No weight data'}, {'shop': 'asda', 'url': 'https://groceries.asda.com/product/1000204779055', 'product_name': 'SMA PRO First Infant Milk From Birth Ready to Feed Multipack', 'product_price': '£4.70', 'product_additionals': 'No weight data'}, {'shop': 'asda', 'url': 'https://groceries.asda.com/product/1000196707017', 'product_name': 'SMA PRO Follow-on Milk 6 mth+', 'product_price': '£9.40', 'product_additionals': 'No weight data'}, {'shop': 'asda', 'url': 'https://groceries.asda.com/product/1000196706943', 'product_name': 'SMA PRO Follow-on Milk 6 mth+ Ready to Drink', 'product_price': '£0.75', 'product_additionals': 'No weight data'}, {'shop': 'asda', 'url': 'https://groceries.asda.com/product/1000204779018', 'product_name': 'SMA PRO Follow-on Milk 6 mth+ Ready to Feed Multipack', 'product_price': '£3.75', 'product_additionals': 'No weight data'}, {'shop': 'tesco', 'url': 'https://www.tesco.com/groceries/en-GB/products/305782724', 'product_name': 'Sma Pro Follow-On Milk 6Mth+ 200Ml', 'product_price': '£ 0.85', 'product_additionals': '£4.25/litre'}, {'shop': 'tesco', 'url': 'https://www.tesco.com/groceries/en-GB/products/305782747', 'product_name': 'Sma Pro Follow-On Milk 6Mth+ 800G', 'product_price': '£ 9.50', 'product_additionals': '£11.88/kg'}, {'shop': 'sains', 'url': 'https://www.sainsburys.co.uk/shop/gb/groceries/product/details/all-price-lock/sma-3-toddler-milk--ready-to-use-200ml', 'product_name': 'SMA PRO Growing Up Milk 1-3 Years 800g', 'product_price': '70p', 'product_additionals': '35p / 100ml'}, {'shop': 'asda', 'url': 'https://groceries.asda.com/product/1000196707070', 'product_name': 'SMA PRO Growing Up Milk 1-3yr', 'product_price': '£9.10', 'product_additionals': 'No weight data'}, {'shop': 'tesco', 'url': 'https://www.tesco.com/groceries/en-GB/products/305782851', 'product_name': 'Sma Pro Gum Milk Powder Can 800G', 'product_price': '£ 9.15', 'product_additionals': '£11.44/kg'}, {'shop': 'tesco', 'url': 'https://www.tesco.com/groceries/en-GB/products/305553938', 'product_name': 'Smarties Bunny Milk Chocolate Hollow Figure 18.5G', 'product_price': '£ 0.50', 'product_additionals': '£2.71/100g'}, {'shop': 'tesco', 'url': 'https://www.tesco.com/groceries/en-GB/products/305548029', 'product_name': 'Smarties Bunny Milk Chocolate Hollow Figure 94G', 'product_price': '£ 2.00', 'product_additionals': '£2.13/100g'}, {'shop': 'tesco', 'url': 'https://www.tesco.com/groceries/en-GB/products/307961204', 'product_name': 'Smarties Buttons Milk Chocolate Easter Egg 290G', 'product_price': '£ 5.00', 'product_additionals': '£1.73/100g'}, {'shop': 'asda', 'url': 'https://groceries.asda.com/product/1000193654277', 'product_name': 'Smarties Buttons Orange Milk Chocolate Sharing Pouch', 'product_price': '£0.99', 'product_additionals': 'No weight data'}, {'shop': 'sains', 'url': 'https://www.sainsburys.co.uk/shop/gb/groceries/product/details/easter-special-offers/smarties-giant-inclusion-egg-470g', 'product_name': 'Smarties Incredible Inclusion Milk Chocolate Giant Easter Egg 470g', 'product_price': '£1.00', 'product_additionals': '21p / 100g'}, {'shop': 'tesco', 'url': 'https://www.tesco.com/groceries/en-GB/products/305548185', 'product_name': 'Smarties Milk Cho Incredible Easter Egg 470G', 'product_price': '£ 8.00', 'product_additionals': '£1.71/100g'}, {'shop': 'asda', 'url': 'https://groceries.asda.com/product/1000193654276', 'product_name': 'Smarties Milk Chocolate Buttons Sharing Bag', 'product_price': '£0.99', 'product_additionals': '(£1.10/100g)'}, {'shop': 'asda', 'url': 'https://groceries.asda.com/product/1000150186073', 'product_name': 'Smarties Milk Chocolate Christmas Penguin', 'product_price': '£2.00', 'product_additionals': '(£2.13/100g)'}, {'shop': 'asda', 'url': 'https://groceries.asda.com/product/1000150185969', 'product_name': 'Smarties Milk Chocolate Christmas Penguin', 'product_price': '£1.00', 'product_additionals': '(£1.99/100g)'}, {'shop': 'asda', 'url': 'https://groceries.asda.com/product/1000150186042', 'product_name': 'Smarties Milk Chocolate Christmas Penguin Multipack', 'product_price': '£1.50', 'product_additionals': '(£2.08/100g)'}, {'shop': 'tesco', 'url': 'https://www.tesco.com/groceries/en-GB/products/308103753', 'product_name': 'Smarties Milk Chocolate Easter Egg 119G', 'product_price': '£ 1.00', 'product_additionals': '£0.84/100g'}, {'shop': 'tesco', 'url': 'https://www.tesco.com/groceries/en-GB/products/307961066', 'product_name': 'Smarties Milk Chocolate Easter Egg Hunt 8 Pack 140G', 'product_price': '£ 3.00', 'product_additionals': '£2.15/100g'}, {'shop': 'tesco', 'url': 'https://www.tesco.com/groceries/en-GB/products/305554281', 'product_name': 'Smarties Milk Chocolate Mini Eggs 80G', 'product_price': '£ 1.00', 'product_additionals': '£1.25/100g'}, {'shop': 'tesco', 'url': 'https://www.tesco.com/groceries/en-GB/products/305554465', 'product_name': 'Smarties Milk Chocolate Mini Eggs Giant Bag 240G', 'product_price': '£ 2.00', 'product_additionals': '£0.83/100g'}, {'shop': 'asda', 'url': 'https://groceries.asda.com/product/1000034704520', 'product_name': 'Smarties Milk Chocolate Sharing Bag', 'product_price': '£0.99', 'product_additionals': '(83.9p/100g)'}, {'shop': 'asda', 'url': 'https://groceries.asda.com/product/910000522670', 'product_name': 'Smarties Milk Chocolate Sweets Tube Multipack 4 Pack', 'product_price': '£1.00', 'product_additionals': '(65.8p/100g)'}, {'shop': 'asda', 'url': 'https://groceries.asda.com/product/1000107813970', 'product_name': 'Smarties Mini Milk Chocolate Sweets Bag', 'product_price': '£0.25', 'product_additionals': '(£1.67/100g)'}, {'shop': 'asda', 'url': 'https://groceries.asda.com/product/1000072842960', 'product_name': 'Smarties Pink Milk Chocolate Giant Tube', 'product_price': '£1.00', 'product_additionals': '(76.9p/100g)'}, {'shop': 'asda', 'url': 'https://groceries.asda.com/product/1000161632967', 'product_name': 'Smarties Retro Edition Milk Chocolate Giant Tube', 'product_price': '£1.00', 'product_additionals': 'No weight data'}, {'shop': 'asda', 'url': 'https://groceries.asda.com/product/1000136352517', 'product_name': 'So...? Twilight Kiss Perfume Mist Vanilla Fudge Milkshake', 'product_price': '£6.00', 'product_additionals': '(£4.29/100ml)'}, {'shop': 'asda', 'url': 'https://groceries.asda.com/product/910001297523', 'product_name': 'Soft & Gentle 48hr Protection Jasmine & Coco Milk Anti-Perspirant Deodorant', 'product_price': '£0.95', 'product_additionals': '(63.3p/100ml)'}, {'shop': 'tesco', 'url': 'https://www.tesco.com/groceries/en-GB/products/281947400', 'product_name': 'Soft And Gentle Jasmine&Coco Milk Deodorant Rollon 50Ml', 'product_price': '£ 0.89', 'product_additionals': '£1.78/100ml'}, {'shop': 'sains', 'url': 'https://www.sainsburys.co.uk/shop/gb/groceries/product/details/all-future-brands/source-of-nature-cleansing-milk-white-tea---shea-butter-200ml', 'product_name': 'Source of Nature Cleansing Milk White Tea & Shea Butter 200ml', 'product_price': '£2.00', 'product_additionals': '£1.00 / 100ml'}, {'shop': 'tesco', 'url': 'https://www.tesco.com/groceries/en-GB/products/301011521', 'product_name': 'Special K Milk Chocolate Bars 5X27g', 'product_price': '£ 1.00', 'product_additionals': '£0.74/100g'}, {'shop': 'sains', 'url': 'https://www.sainsburys.co.uk/shop/gb/groceries/product/details/big-pot-yogurts/st-helens-farm-natural-goats-milk-yogurt-450g', 'product_name': "St Helen's Farm Goat's Milk Natural Yogurt 450g", 'product_price': '£2.40', 'product_additionals': '53p / 100g'}, {'shop': 'sains', 'url': 'https://www.sainsburys.co.uk/shop/gb/groceries/product/details/top-rated-44/st-helens-farm-natural-goats-milk-yogurt-450g', 'product_name': "St Helen's Farm Goat's Milk Natural Yogurt 450g", 'product_price': '£2.40', 'product_additionals': '53p / 100g'}, {'shop': 'tesco', 'url': 'https://www.tesco.com/groceries/en-GB/products/264016416', 'product_name': "St Helen's Fresh Skimmed Goats Milk 1L", 'product_price': '£ 1.75', 'product_additionals': '£1.75/litre'}, {'shop': 'tesco', 'url': 'https://www.tesco.com/groceries/en-GB/products/260454295', 'product_name': "St Helen's Semi Skimmed Goats Milk 1L", 'product_price': '£ 1.75', 'product_additionals': '£1.75/litre'}, {'shop': 'tesco', 'url': 'https://www.tesco.com/groceries/en-GB/products/260378143', 'product_name': 'St Helens Farm Natural Goats Milk Yogurt 450G', 'product_price': '£ 2.40', 'product_additionals': '£0.53/100g'}, {'shop': 'tesco', 'url': 'https://www.tesco.com/groceries/en-GB/products/254262853', 'product_name': 'St Ivel Buttermilk 284Ml', 'product_price': '£ 0.75', 'product_additionals': '£2.65/litre'}, {'shop': 'sains', 'url': 'https://www.sainsburys.co.uk/shop/gb/groceries/product/details/dairy-eggs-special-offers/starbucks-fairtrade-dark-with-a-splash-of-milk-doubleshot-intenso-200ml', 'product_name': 'Starbucks Fairtrade Dark with A Splash of Milk Doubleshot Intenso 200ml', 'product_price': '£2.00', 'product_additionals': '£10.00 / ltr'}, {'shop': 'tesco', 'url': 'https://www.tesco.com/groceries/en-GB/products/301603040', 'product_name': 'Stock Knoppers Milk And Nut Wafers 75G', 'product_price': '£ 1.50', 'product_additionals': '£0.20/10g'}, {'shop': 'asda', 'url': 'https://groceries.asda.com/product/910002987974', 'product_name': 'Storck Knoppers Milk and Nut Wafers', 'product_price': '£1.25', 'product_additionals': '(£1.67/100g)'}, {'shop': 'aldi', 'url': 'https://www.aldi.co.uk/strawberry-flavoured-1%25-fat-milk/p/063364386467200', 'product_name': 'Strawberry Flavoured 1% Fat Milk', 'product_price': '0.85', 'product_additionals': '85p per litre'}, {'shop': 'asda', 'url': 'https://groceries.asda.com/product/1000234566986', 'product_name': 'Summer Pride Coconut Milk', 'product_price': '£0.79', 'product_additionals': '(19.8p/100ml)'}, {'shop': 'asda', 'url': 'https://groceries.asda.com/product/1000234567324', 'product_name': 'Summer Pride Reduced Fat Coconut Milk', 'product_price': '£0.79', 'product_additionals': 'No weight data'}, {'shop': 'asda', 'url': 'https://groceries.asda.com/product/910003081224', 'product_name': 'Swizzels Drumstick Squashies Mini Bags Raspberry & Milk Flavour 20 Pack', 'product_price': '£2.00', 'product_additionals': '(71.4p/100g)'}, {'shop': 'sains', 'url': 'https://www.sainsburys.co.uk/shop/gb/groceries/product/details/price-lock-food-cupboard/swizzels-drumstick-squashies-mini-bags-raspberry-milk-flavour-sweets-x20', 'product_name': 'Swizzels Drumstick Squashies Mini Bags Raspberry & Milk Flavour Sweets x20', 'product_price': '£2.00', 'product_additionals': '71p / 100g'}, {'shop': 'sains', 'url': 'https://www.sainsburys.co.uk/shop/gb/groceries/product/details/all-price-lock/swizzels-drumstick-squashies-mini-bags-raspberry-milk-flavour-sweets-x20', 'product_name': 'Swizzels Drumstick Squashies Mini Bags Raspberry & Milk Flavour Sweets x20', 'product_price': '£2.00', 'product_additionals': '71p / 100g'}, {'shop': 'asda', 'url': 'https://groceries.asda.com/product/1000039942609', 'product_name': 'Swizzels Drumstick Squashies Original Raspberry & Milk Flavour', 'product_price': '£0.90', 'product_additionals': '(56.2p/100g)'}, {'shop': 'asda', 'url': 'https://groceries.asda.com/product/1000189263421', 'product_name': 'Swizzels Drumstick Squashies Raspberries & Milk Flavour Jumbo Lollies 4 Pack', 'product_price': '£2.00', 'product_additionals': 'No weight data'}, {'shop': 'tesco', 'url': 'https://www.tesco.com/groceries/en-GB/products/254278011', 'product_name': 'T.Skimmed Longlife Milk 6X1l', 'product_price': '£ 4.25', 'product_additionals': '£0.71/litre'}, {'shop': 'asda', 'url': 'https://groceries.asda.com/product/910002751801', 'product_name': 'Tassimo 16 Creamer from Milk Pods', 'product_price': '£3.99', 'product_additionals': '(£1.16/100g)'}, {'shop': 'tesco', 'url': 'https://www.tesco.com/groceries/en-GB/products/274445780', 'product_name': 'Tassimo Milk Pods 16 Servings', 'product_price': '£ 3.50', 'product_additionals': '£0.22/each'}, {'shop': 'asda', 'url': 'https://groceries.asda.com/product/1000072843086', 'product_name': "Terry's Chocolate Orange Milk", 'product_price': '£1.00', 'product_additionals': '(63.7p/100g)'}, {'shop': 'sains', 'url': 'https://www.sainsburys.co.uk/shop/gb/groceries/product/details/all-easter-eggs-and-chocolate-/terrys-milk-chocolate-orange-175g', 'product_name': "Terry's Chocolate Orange Milk Ball 157g", 'product_price': '£1.95', 'product_additionals': '£1.24 / 100g'}, {'shop': 'sains', 'url': 'https://www.sainsburys.co.uk/shop/gb/groceries/product/details/chocolate-and-sweets-/terrys-milk-chocolate-orange-175g', 'product_name': "Terry's Chocolate Orange Milk Ball 157g", 'product_price': '£1.95', 'product_additionals': '£1.24 / 100g'}, {'shop': 'sains', 'url': 'https://www.sainsburys.co.uk/shop/gb/groceries/product/details/special-offers-/terrys-milk-chocolate-orange-175g', 'product_name': "Terry's Chocolate Orange Milk Ball 157g", 'product_price': '£1.95', 'product_additionals': '£1.24 / 100g'}, {'shop': 'sains', 'url': 'https://www.sainsburys.co.uk/shop/gb/groceries/product/details/boxedchocolates/terrys-milk-chocolate-orange-175g', 'product_name': "Terry's Chocolate Orange Milk Ball 157g", 'product_price': '£1.95', 'product_additionals': '£1.24 / 100g'}, {'shop': 'asda', 'url': 'https://groceries.asda.com/product/1000194797272', 'product_name': "Terry's Chocolate Orange Milk Bar", 'product_price': '£1.00', 'product_additionals': '(£1.11/100g)'}, {'shop': 'asda', 'url': 'https://groceries.asda.com/product/1000194797186', 'product_name': "Terry's Chocolate Orange Milk Chocolate Bars 3 Pack", 'product_price': '£1.00', 'product_additionals': '(95.2p/100g)'}, {'shop': 'tesco', 'url': 'https://www.tesco.com/groceries/en-GB/products/293749766', 'product_name': "Terry's Chocolate Orange Milk Chocolate Box 157G", 'product_price': '£ 1.95', 'product_additionals': '£1.25/100g'}, {'shop': 'asda', 'url': 'https://groceries.asda.com/product/1000235168241', 'product_name': "Terry's Limited Edition Milk Chocolate Orange & Cranberry Bar", 'product_price': '£0.25', 'product_additionals': '(27.8p/100g)'}, {'shop': 'tesco', 'url': 'https://www.tesco.com/groceries/en-GB/products/301012899', 'product_name': 'Tesco 6 Chocolate & Milk Crispy Bars 126G', 'product_price': '£ 0.89', 'product_additionals': '£0.71/100g'}, {'shop': 'tesco', 'url': 'https://www.tesco.com/groceries/en-GB/products/268040017', 'product_name': 'Tesco 8 Milk Chocolate Ices 560Ml Price Marked', 'product_price': '£ 1.00', 'product_additionals': '£0.18/100ml'}, {'shop': 'tesco', 'url': 'https://www.tesco.com/groceries/en-GB/products/302063906', 'product_name': 'Tesco Banana Flavour Milk 1 Litre', 'product_price': '£ 1.10', 'product_additionals': '£1.10/litre'}, {'shop': 'tesco', 'url': 'https://www.tesco.com/groceries/en-GB/products/302064214', 'product_name': 'Tesco Banana Flavour Milk 330Ml', 'product_price': '£ 0.60', 'product_additionals': '£0.18/100ml'}, {'shop': 'tesco', 'url': 'https://www.tesco.com/groceries/en-GB/products/275049199', 'product_name': 'Tesco Banana Milkshake Bottle 80G', 'product_price': '£ 0.40', 'product_additionals': '£0.50/100g'}, {'shop': 'tesco', 'url': 'https://www.tesco.com/groceries/en-GB/products/254656543', 'product_name': 'Tesco British Semi Skimmed Milk 2.272L 4 Pints', 'product_price': '£ 1.09', 'product_additionals': '£0.48/litre'}, {'shop': 'tesco', 'url': 'https://www.tesco.com/groceries/en-GB/products/302063941', 'product_name': 'Tesco Brownie Flavour Milk 1 Litre', 'product_price': '£ 1.10', 'product_additionals': '£1.10/litre'}, {'shop': 'tesco', 'url': 'https://www.tesco.com/groceries/en-GB/products/305971593', 'product_name': 'Tesco Buttermilk Chicken Mini Fillets 305G', 'product_price': '£ 2.50', 'product_additionals': '£8.20/kg'}, {'shop': 'tesco', 'url': 'https://www.tesco.com/groceries/en-GB/products/302063929', 'product_name': 'Tesco Chocolate Flavour Milk 1 Litre', 'product_price': '£ 1.10', 'product_additionals': '£1.10/litre'}, {'shop': 'tesco', 'url': 'https://www.tesco.com/groceries/en-GB/products/302064237', 'product_name': 'Tesco Chocolate Flavour Milk 330Ml', 'product_price': '£ 0.60', 'product_additionals': '£0.18/100ml'}, {'shop': 'tesco', 'url': 'https://www.tesco.com/groceries/en-GB/products/266045712', 'product_name': 'Tesco Chocolate Malted Milk Biscuits 250G', 'product_price': '£ 0.85', 'product_additionals': '£0.34/100g'}, {'shop': 'tesco', 'url': 'https://www.tesco.com/groceries/en-GB/products/288716611', 'product_name': 'Tesco Condensed Milk 397G', 'product_price': '£ 1.05', 'product_additionals': '£2.65/kg'}, {'shop': 'tesco', 'url': 'https://www.tesco.com/groceries/en-GB/products/290595440', 'product_name': 'Tesco Easter Milk Chocolate Bunny 100G', 'product_price': '£ 0.89', 'product_additionals': '£0.89/100g'}, {'shop': 'tesco', 'url': 'https://www.tesco.com/groceries/en-GB/products/256909311', 'product_name': 'Tesco Evaporated Milk 170G', 'product_price': '£ 0.50', 'product_additionals': '£2.95/kg'}, {'shop': 'tesco', 'url': 'https://www.tesco.com/groceries/en-GB/products/256909870', 'product_name': 'Tesco Evaporated Milk 410G', 'product_price': '£ 0.65', 'product_additionals': '£1.59/kg'}, {'shop': 'tesco', 'url': 'https://www.tesco.com/groceries/en-GB/products/260388246', 'product_name': 'Tesco Filtered Semi Skimmed Milk 1 Litre', 'product_price': '£ 0.85', 'product_additionals': '£0.85/litre'}, {'shop': 'tesco', 'url': 'https://www.tesco.com/groceries/en-GB/products/253737115', 'product_name': 'Tesco Filtered Semi Skimmed Milk 2 Litre', 'product_price': '£ 1.35', 'product_additionals': '£0.68/litre'}, {'shop': 'tesco', 'url': 'https://www.tesco.com/groceries/en-GB/products/253732988', 'product_name': 'Tesco Filtered Whole Milk 2 Litre', 'product_price': '£ 1.35', 'product_additionals': '£0.68/litre'}, {'shop': 'tesco', 'url': 'https://www.tesco.com/groceries/en-GB/products/275412034', 'product_name': 'Tesco Finest Baking Chocolate Milk 100G', 'product_price': '£ 1.30', 'product_additionals': '£1.30/100g'}, {'shop': 'tesco', 'url': 'https://www.tesco.com/groceries/en-GB/products/304380717', 'product_name': 'Tesco Finest Belgian Milk Chocolate Cookies 210G', 'product_price': '£ 1.69', 'product_additionals': '£0.80/100g'}, {'shop': 'tesco', 'url': 'https://www.tesco.com/groceries/en-GB/products/257750530', 'product_name': 'Tesco Finest Channel Island Milk 1L', 'product_price': '£ 1.15', 'product_additionals': '£1.15/litre'}, {'shop': 'tesco', 'url': 'https://www.tesco.com/groceries/en-GB/products/300228693', 'product_name': 'Tesco Finest Chunky Milk Chocolate & Hazelnut Cookies 200G', 'product_price': '£ 1.59', 'product_additionals': '£0.80/100g'}, {'shop': 'tesco', 'url': 'https://www.tesco.com/groceries/en-GB/products/267377676', 'product_name': 'Tesco Instant Dried Skimmed Milk 340G', 'product_price': '£ 2.00', 'product_additionals': '£5.89/kg'}, {'shop': 'tesco', 'url': 'https://www.tesco.com/groceries/en-GB/products/300118011', 'product_name': 'Tesco Lactose Free Semi Skimmed Milk 1 Litre', 'product_price': '£ 1.20', 'product_additionals': '£1.20/litre'}, {'shop': 'tesco', 'url': 'https://www.tesco.com/groceries/en-GB/products/256909294', 'product_name': 'Tesco Light Choices Evaporated Semi Skimmed Milk 170G', 'product_price': '£ 0.50', 'product_additionals': '£2.95/kg'}, {'shop': 'tesco', 'url': 'https://www.tesco.com/groceries/en-GB/products/295790361', 'product_name': 'Tesco Longlife Unsweetened Soya Milk Alternative 1L', 'product_price': '£ 0.85', 'product_additionals': '£0.85/litre'}, {'shop': 'tesco', 'url': 'https://www.tesco.com/groceries/en-GB/products/256909887', 'product_name': 'Tesco Low Fat Evaporated Semi Skimmed Milk 410G', 'product_price': '£ 0.65', 'product_additionals': '£1.59/kg'}, {'shop': 'tesco', 'url': 'https://www.tesco.com/groceries/en-GB/products/255220251', 'product_name': 'Tesco Malted Milk Biscuits 200G', 'product_price': '£ 0.45', 'product_additionals': '£0.22/100g'}, {'shop': 'tesco', 'url': 'https://www.tesco.com/groceries/en-GB/products/307347863', 'product_name': 'Tesco Milk & White Egg Hunt 475G', 'product_price': '£ 5.00', 'product_additionals': '£1.06/100g'}, {'shop': 'tesco', 'url': 'https://www.tesco.com/groceries/en-GB/products/270965130', 'product_name': 'Tesco Milk Bottles 75G', 'product_price': '£ 0.40', 'product_additionals': '£0.53/100g'}, {'shop': 'tesco', 'url': 'https://www.tesco.com/groceries/en-GB/products/255762801', 'product_name': 'Tesco Milk Chocolate Biscuit Break 8 Pack 172G', 'product_price': '£ 0.89', 'product_additionals': '£0.52/100g'}, {'shop': 'tesco', 'url': 'https://www.tesco.com/groceries/en-GB/products/297549518', 'product_name': 'Tesco Milk Chocolate Biscuit Selection 450G', 'product_price': '£ 4.00', 'product_additionals': '£0.89/100g'}, {'shop': 'tesco', 'url': 'https://www.tesco.com/groceries/en-GB/products/307364796', 'product_name': 'Tesco Milk Chocolate Bunnies 75G', 'product_price': '£ 0.75', 'product_additionals': '£1.00/100g'}, {'shop': 'tesco', 'url': 'https://www.tesco.com/groceries/en-GB/products/261356853', 'product_name': 'Tesco Milk Chocolate Butter Biscuits 125G', 'product_price': '£ 0.85', 'product_additionals': '£0.68/100g'}, {'shop': 'tesco', 'url': 'https://www.tesco.com/groceries/en-GB/products/259595923', 'product_name': 'Tesco Milk Chocolate Buttons 70G', 'product_price': '£ 0.40', 'product_additionals': '£0.57/100g'}, {'shop': 'tesco', 'url': 'https://www.tesco.com/groceries/en-GB/products/254913717', 'product_name': 'Tesco Milk Chocolate Cake Covering 300G', 'product_price': '£ 0.80', 'product_additionals': '£0.27/100g'}, {'shop': 'tesco', 'url': 'https://www.tesco.com/groceries/en-GB/products/278244694', 'product_name': 'Tesco Milk Chocolate Chips 100G', 'product_price': '£ 0.80', 'product_additionals': '£0.80/100g'}, {'shop': 'tesco', 'url': 'https://www.tesco.com/groceries/en-GB/products/278274664', 'product_name': 'Tesco Milk Chocolate Chunks 100G', 'product_price': '£ 1.00', 'product_additionals': '£1.00/100g'}, {'shop': 'tesco', 'url': 'https://www.tesco.com/groceries/en-GB/products/254924572', 'product_name': 'Tesco Milk Chocolate Digestive 300G', 'product_price': '£ 0.60', 'product_additionals': '£0.20/100g'}, {'shop': 'tesco', 'url': 'https://www.tesco.com/groceries/en-GB/products/303067941', 'product_name': 'Tesco Milk Chocolate Ice Cream 3X110ml', 'product_price': '£ 1.00', 'product_additionals': '£0.30/100ml'}, {'shop': 'tesco', 'url': 'https://www.tesco.com/groceries/en-GB/products/300792887', 'product_name': 'Tesco Milk Chocolate Peanut 200G', 'product_price': '£ 0.75', 'product_additionals': '£0.38/100g'}, {'shop': 'tesco', 'url': 'https://www.tesco.com/groceries/en-GB/products/300792956', 'product_name': 'Tesco Milk Chocolate Raisins 200G', 'product_price': '£ 0.75', 'product_additionals': '£0.38/100g'}, {'shop': 'tesco', 'url': 'https://www.tesco.com/groceries/en-GB/products/307737200', 'product_name': 'Tesco Milk Chocolate Viennese Fingers 130G', 'product_price': '£ 1.00', 'product_additionals': '£0.77/100g'}, {'shop': 'tesco', 'url': 'https://www.tesco.com/groceries/en-GB/products/258520070', 'product_name': 'Tesco Milk Cooking Chocolate 150G', 'product_price': '£ 0.80', 'product_additionals': '£0.53/100g'}, {'shop': 'tesco', 'url': 'https://www.tesco.com/groceries/en-GB/products/305831811', 'product_name': 'Tesco Milk For Kittens 200Ml', 'product_price': '£ 0.70', 'product_additionals': '£0.35/100ml'}, {'shop': 'tesco', 'url': 'https://www.tesco.com/groceries/en-GB/products/305833930', 'product_name': 'Tesco Milk For Milk For Cats 200Ml', 'product_price': '£ 0.70', 'product_additionals': '£0.35/100ml'}, {'shop': 'tesco', 'url': 'https://www.tesco.com/groceries/en-GB/products/268395167', 'product_name': 'Tesco Mini Milk Chocolate Cookie Bites 20 Pack', 'product_price': '£ 1.80', 'product_additionals': '£0.09/each'}, {'shop': 'tesco', 'url': 'https://www.tesco.com/groceries/en-GB/products/251499710', 'product_name': 'Tesco Organic Semi- Skimmed Milk 1.136L/2 Pints', 'product_price': '£ 0.89', 'product_additionals': '£0.78/litre'}, {'shop': 'tesco', 'url': 'https://www.tesco.com/groceries/en-GB/products/251499998', 'product_name': 'Tesco Organic Semi- Skimmed Milk 2.272L/4 Pints', 'product_price': '£ 1.50', 'product_additionals': '£0.66/litre'}, {'shop': 'tesco', 'url': 'https://www.tesco.com/groceries/en-GB/products/251499687', 'product_name': 'Tesco Organic Skimmed Milk 1.136L/2 Pints', 'product_price': '£ 0.89', 'product_additionals': '£0.78/litre'}, {'shop': 'tesco', 'url': 'https://www.tesco.com/groceries/en-GB/products/251499900', 'product_name': 'Tesco Organic Whole Milk 1.136L/2 Pints', 'product_price': '£ 0.89', 'product_additionals': '£0.78/litre'}, {'shop': 'tesco', 'url': 'https://www.tesco.com/groceries/en-GB/products/251500030', 'product_name': 'Tesco Organic Whole Milk 2.272L/4 Pints', 'product_price': '£ 1.50', 'product_additionals': '£0.66/litre'}, {'shop': 'tesco', 'url': 'https://www.tesco.com/groceries/en-GB/products/292975954', 'product_name': 'Tesco Pillows With Milk Chocolate Filling 375G', 'product_price': '£ 1.10', 'product_additionals': '£0.29/100g'}, {'shop': 'tesco', 'url': 'https://www.tesco.com/groceries/en-GB/products/305973297', 'product_name': 'Tesco Rice Cakes Milk Chocolate 105G', 'product_price': '£ 1.00', 'product_additionals': '£9.53/kg'}, {'shop': 'tesco', 'url': 'https://www.tesco.com/groceries/en-GB/products/254278040', 'product_name': 'Tesco Semi Skimmed Longlife Milk 1 Litre', 'product_price': '£ 0.79', 'product_additionals': '£0.79/litre'}, {'shop': 'tesco', 'url': 'https://www.tesco.com/groceries/en-GB/products/255026297', 'product_name': 'Tesco Semi Skimmed Longlife Milk 6X1l', 'product_price': '£ 4.25', 'product_additionals': '£0.71/litre'}, {'shop': 'tesco', 'url': 'https://www.tesco.com/groceries/en-GB/products/252207537', 'product_name': 'Tesco Semi Skimmed Milk 1.13L/2 Pints', 'product_price': '£ 0.80', 'product_additionals': '£0.71/litre'}, {'shop': 'tesco', 'url': 'https://www.tesco.com/groceries/en-GB/products/255986260', 'product_name': 'Tesco Semi Skimmed Milk 3.408L/6 Pints', 'product_price': '£ 1.50', 'product_additionals': '£0.44/litre'}, {'shop': 'tesco', 'url': 'https://www.tesco.com/groceries/en-GB/products/251314158', 'product_name': 'Tesco Semi Skimmed Milk 568Ml/1 Pint', 'product_price': '£ 0.50', 'product_additionals': '£0.88/litre'}, {'shop': 'tesco', 'url': 'https://www.tesco.com/groceries/en-GB/products/254277997', 'product_name': 'Tesco Skimmed Longlife Milk 1L', 'product_price': '£ 0.79', 'product_additionals': '£0.79/litre'}, {'shop': 'tesco', 'url': 'https://www.tesco.com/groceries/en-GB/products/252208041', 'product_name': 'Tesco Skimmed Milk 1.136L/2 Pints', 'product_price': '£ 0.80', 'product_additionals': '£0.70/litre'}, {'shop': 'tesco', 'url': 'https://www.tesco.com/groceries/en-GB/products/254656508', 'product_name': 'Tesco Skimmed Milk 2.272L/4 Pints', 'product_price': '£ 1.09', 'product_additionals': '£0.48/litre'}, {'shop': 'tesco', 'url': 'https://www.tesco.com/groceries/en-GB/products/251314095', 'product_name': 'Tesco Skimmed Milk 568Ml/1 Pint', 'product_price': '£ 0.50', 'product_additionals': '£0.88/litre'}, {'shop': 'tesco', 'url': 'https://www.tesco.com/groceries/en-GB/products/302932397', 'product_name': 'Tesco Slim Milk Chocolate Crunch Meal Replacement Bars 4X60g', 'product_price': '£ 4.00', 'product_additionals': '£1.67/100g'}, {'shop': 'tesco', 'url': 'https://www.tesco.com/groceries/en-GB/products/300661927', 'product_name': 'Tesco Sweetened Almond Milk Alternative 1L', 'product_price': '£ 0.95', 'product_additionals': '£0.95/litre'}, {'shop': 'tesco', 'url': 'https://www.tesco.com/groceries/en-GB/products/300118119', 'product_name': 'Tesco Sweetened Coconut Milk Alternative 1L', 'product_price': '£ 0.95', 'product_additionals': '£0.95/litre'}, {'shop': 'tesco', 'url': 'https://www.tesco.com/groceries/en-GB/products/300118132', 'product_name': 'Tesco Unsweetened Almond Milk Alternative 1L', 'product_price': '£ 0.95', 'product_additionals': '£0.95/litre'}, {'shop': 'tesco', 'url': 'https://www.tesco.com/groceries/en-GB/products/300118034', 'product_name': 'Tesco Unsweetened Soya Milk Alternative 1L', 'product_price': '£ 0.95', 'product_additionals': '£0.95/litre'}, {'shop': 'tesco', 'url': 'https://www.tesco.com/groceries/en-GB/products/302063987', 'product_name': 'Tesco Vanilla Flavour Milk 1 Litre', 'product_price': '£ 1.10', 'product_additionals': '£1.10/litre'}, {'shop': 'tesco', 'url': 'https://www.tesco.com/groceries/en-GB/products/254277974', 'product_name': 'Tesco Whole Longlife Milk 1L', 'product_price': '£ 0.79', 'product_additionals': '£0.79/litre'}, {'shop': 'tesco', 'url': 'https://www.tesco.com/groceries/en-GB/products/260333496', 'product_name': 'Tesco Whole Longlife Milk 6X1l', 'product_price': '£ 4.25', 'product_additionals': '£0.71/litre'}, {'shop': 'tesco', 'url': 'https://www.tesco.com/groceries/en-GB/products/252207566', 'product_name': 'Tesco Whole Milk 2 Pints/1.13L', 'product_price': '£ 0.80', 'product_additionals': '£0.71/litre'}, {'shop': 'tesco', 'url': 'https://www.tesco.com/groceries/en-GB/products/254656399', 'product_name': 'Tesco Whole Milk 2.272L/4 Pints', 'product_price': '£ 1.09', 'product_additionals': '£0.48/litre'}, {'shop': 'tesco', 'url': 'https://www.tesco.com/groceries/en-GB/products/254957550', 'product_name': 'Tesco Whole Milk 3.408L/6 Pints', 'product_price': '£ 1.50', 'product_additionals': '£0.44/litre'}, {'shop': 'tesco', 'url': 'https://www.tesco.com/groceries/en-GB/products/251314233', 'product_name': 'Tesco Whole Milk 568Ml/1 Pint', 'product_price': '£ 0.50', 'product_additionals': '£0.88/litre'}, {'shop': 'tesco', 'url': 'https://www.tesco.com/groceries/en-GB/products/307340945', 'product_name': 'Tescomilk Chocolate Eggs 75G', 'product_price': '£ 0.75', 'product_additionals': '£1.00/100g'}, {'shop': 'tesco', 'url': 'https://www.tesco.com/groceries/en-GB/products/305979515', 'product_name': 'The Collective Kefir Natural Milk Drink 500Ml', 'product_price': '£ 1.90', 'product_additionals': '£3.80/litre'}, {'shop': 'sains', 'url': 'https://www.sainsburys.co.uk/shop/gb/groceries/product/details/new-355373-44/thorntons-billionaire-brownie-fingers-milk-chocolate-x5', 'product_name': 'Thorntons Billionaire Brownie Fingers Milk Chocolate x5', 'product_price': '£1.50', 'product_additionals': '17p / ea'}, {'shop': 'tesco', 'url': 'https://www.tesco.com/groceries/en-GB/products/302295999', 'product_name': 'Thorntons Classic Collection Of Milk, Dark & White Chocolate 449G', 'product_price': '£ 8.50', 'product_additionals': '£1.90/100g'}, {'shop': 'sains', 'url': 'https://www.sainsburys.co.uk/shop/gb/groceries/product/details/all-gifting/thorntons-continental-gift-wrap-chocolate-box-284g', 'product_name': 'Thorntons Continental Milk & Dark & White Chocolates Wrapped Gift Box 284g', 'product_price': '£10.00', 'product_additionals': '£4.03 / 100g'}, {'shop': 'tesco', 'url': 'https://www.tesco.com/groceries/en-GB/products/307363630', 'product_name': 'Thorntons Continental Milk Chocolate Easter Egg 257G', 'product_price': '£ 8.00', 'product_additionals': '£3.12/100g'}, {'shop': 'asda', 'url': 'https://groceries.asda.com/product/1000000982681', 'product_name': 'Thorntons Continental Milk, Dark, White Chocolate Gift Box', 'product_price': '£7.00', 'product_additionals': '(£2.46/100g)'}, {'shop': 'tesco', 'url': 'https://www.tesco.com/groceries/en-GB/products/297058391', 'product_name': 'Thorntons Dark Continental Milk White Chocolates 142G', 'product_price': '£ 6.00', 'product_additionals': '£4.23/100g'}, {'shop': 'tesco', 'url': 'https://www.tesco.com/groceries/en-GB/products/297058097', 'product_name': 'Thorntons Dark Continental Milk White Chocolates 284G', 'product_price': '£ 10.00', 'product_additionals': '£3.53/100g'}, {'shop': 'tesco', 'url': 'https://www.tesco.com/groceries/en-GB/products/295065362', 'product_name': 'Thorntons Milk Chocolate Bunny 200G', 'product_price': '£ 4.00', 'product_additionals': '£2.00/100g'}, {'shop': 'sains', 'url': 'https://www.sainsburys.co.uk/shop/gb/groceries/product/details/miniandtreat-size/thorntons-milk-chocolate-bunny-29g', 'product_name': 'Thorntons Milk Chocolate Bunny 29g', 'product_price': '55p', 'product_additionals': '£1.90 / 100g'}, {'shop': 'asda', 'url': 'https://groceries.asda.com/product/1000170163602', 'product_name': 'Thorntons Milk Chocolate Caramel Shortcake Bites', 'product_price': '£1.00', 'product_additionals': '(10.0p/each)'}, {'shop': 'asda', 'url': 'https://groceries.asda.com/product/1000159964014', 'product_name': 'Thorntons Milk Chocolate Cheeky Elf Model', 'product_price': '£4.00', 'product_additionals': '(£2.00/100g)'}, {'shop': 'tesco', 'url': 'https://www.tesco.com/groceries/en-GB/products/304788973', 'product_name': 'Thorntons Milk Chocolate Dinosaur Egg 151G', 'product_price': '£ 2.50', 'product_additionals': '£1.66/100g'}, {'shop': 'asda', 'url': 'https://groceries.asda.com/product/1000177860894', 'product_name': 'Thorntons Milk Chocolate Festive Caramel Shortcake Bites', 'product_price': '£1.00', 'product_additionals': '(10.0p/each)'}, {'shop': 'asda', 'url': 'https://groceries.asda.com/product/1000177860948', 'product_name': 'Thorntons Milk Chocolate Festive Spiced Toffee Bites', 'product_price': '£1.00', 'product_additionals': '(10.0p/each)'}, {'shop': 'asda', 'url': 'https://groceries.asda.com/product/1000170163549', 'product_name': 'Thorntons Milk Chocolate Fudge Brownie Bites', 'product_price': '£1.00', 'product_additionals': '(10.0p/each)'}, {'shop': 'sains', 'url': 'https://www.sainsburys.co.uk/shop/gb/groceries/product/details/new-trending-special-offers/thorntons-choc-brownies-x10', 'product_name': 'Thorntons Milk Chocolate Fudge Brownie Bites x10', 'product_price': '£1.50', 'product_additionals': '15p / ea'}, {'shop': 'sains', 'url': 'https://www.sainsburys.co.uk/shop/gb/groceries/product/details/all-easter-/thorntons-milk-chocolate-unicorn-easter-egg-151g', 'product_name': 'Thorntons Milk Chocolate Unicorn Easter Egg 151g', 'product_price': '£3.50', 'product_additionals': '£2.35 / 100g'}, {'shop': 'tesco', 'url': 'https://www.tesco.com/groceries/en-GB/products/304414558', 'product_name': 'Thorntons Milk Chocolate Unicorn Egg 151G', 'product_price': '£ 2.50', 'product_additionals': '£1.66/100g'}, {'shop': 'asda', 'url': 'https://groceries.asda.com/product/1000159963991', 'product_name': 'Thorntons Milk, Dark, White Classic Collection Chocolate Box', 'product_price': '£7.00', 'product_additionals': '(£1.56/100g)'}, {'shop': 'sains', 'url': 'https://www.sainsburys.co.uk/shop/gb/groceries/product/details/gifting-special-offers/thorntons-milk-dark-white-classic-collection-chocolate-box-262g', 'product_name': 'Thorntons Milk, Dark, White Classic Collection Chocolate Box 262g', 'product_price': '£4.50', 'product_additionals': '£1.72 / 100g'}, {'shop': 'sains', 'url': 'https://www.sainsburys.co.uk/shop/gb/groceries/product/details/boxedchocolates/thorntons-milk-dark-white-classic-collection-chocolate-box-449g', 'product_name': 'Thorntons Milk, Dark, White Classic Collection Chocolate Box 449g', 'product_price': '£7.00', 'product_additionals': '£1.56 / 100g'}, {'shop': 'sains', 'url': 'https://www.sainsburys.co.uk/shop/gb/groceries/product/details/easterluxury/thorntons-milk-dark-white-classic-collection-chocolate-box-449g', 'product_name': 'Thorntons Milk, Dark, White Classic Collection Chocolate Box 449g', 'product_price': '£7.00', 'product_additionals': '£1.56 / 100g'}, {'shop': 'asda', 'url': 'https://groceries.asda.com/product/1000161871320', 'product_name': 'Thorntons Milk, Dark, White Classic Collection Gift Wrapped Chocolate Box', 'product_price': '£6.00', 'product_additionals': '(£2.29/100g)'}, {'shop': 'tesco', 'url': 'https://www.tesco.com/groceries/en-GB/products/293368289', 'product_name': 'Toblerone Milk 360G', 'product_price': '£ 5.00', 'product_additionals': '£1.39/100g'}, {'shop': 'asda', 'url': 'https://groceries.asda.com/product/43638001', 'product_name': 'Toblerone Milk Chocolate Bar', 'product_price': '£1.15', 'product_additionals': '(£1.15/100g)'}, {'shop': 'coop', 'url': 'https://www.coop.co.uk/products/toblerone-milk-100g', 'product_name': 'Toblerone Milk Chocolate Bar 100g', 'product_price': '£1.65', 'product_additionals': '100g (£1.00 per 100g)'}, {'shop': 'sains', 'url': 'https://www.sainsburys.co.uk/shop/gb/groceries/product/details/special-offers-/toblerone-milk-chocolate-400g', 'product_name': 'Toblerone Milk Chocolate Bar 360g', 'product_price': '£5.00', 'product_additionals': '£1.39 / 100g'}, {'shop': 'sains', 'url': 'https://www.sainsburys.co.uk/shop/gb/groceries/product/details/boxedchocolates/toblerone-milk-chocolate-400g', 'product_name': 'Toblerone Milk Chocolate Bar 360g', 'product_price': '£5.00', 'product_additionals': '£1.39 / 100g'}, {'shop': 'asda', 'url': 'https://groceries.asda.com/product/910002593443', 'product_name': 'Toblerone Milk Chocolate Large Bar', 'product_price': '£3.50', 'product_additionals': '(97.2p/100g)'}, {'shop': 'coop', 'url': 'https://www.coop.co.uk/products/toblerone-milk-chocolate-large-bar-360g', 'product_name': 'Toblerone Milk Chocolate Large Bar 360g', 'product_price': '£4.99', 'product_additionals': '360g (97.2p per 100g)'}, {'shop': 'asda', 'url': 'https://groceries.asda.com/product/1000236571412', 'product_name': 'Toblerone Milk with Crunchy Almonds Chocolate Bar', 'product_price': '£3.50', 'product_additionals': 'No weight data'}, {'shop': 'asda', 'url': 'https://groceries.asda.com/product/910001736097', 'product_name': 'Toffee Crisp Milk Chocolate Bar', 'product_price': '£0.55', 'product_additionals': '(£1.45/100g)'}, {'shop': 'asda', 'url': 'https://groceries.asda.com/product/65015835', 'product_name': 'Tommee Tippee 6 Milk Powder Dispensers 0m+', 'product_price': '£5.19', 'product_additionals': '(£5.19/each)'}, {'shop': 'asda', 'url': 'https://groceries.asda.com/product/910002491240', 'product_name': 'Tommee Tippee Closer to Nature 2 Milk Feeding Bibs 0m+', 'product_price': '£4.80', 'product_additionals': '(£2.40/each)'}, {'shop': 'tesco', 'url': 'https://www.tesco.com/groceries/en-GB/products/257278528', 'product_name': 'Tommee Tippee Closer To Nature Milk Feed Bibs X2', 'product_price': '£ 5.00', 'product_additionals': '£2.50/each'}, {'shop': 'sains', 'url': 'https://www.sainsburys.co.uk/shop/gb/groceries/product/details/all-future-brands/tonys-chocolonely-dark-milk-chocolate-pretzel-toffee-42-180g', 'product_name': "Tony's Chocolonely Dark Milk Chocolate Pretzel Toffee 42% 180g", 'product_price': '£2.75', 'product_additionals': '£1.52 / 100g'}, {'shop': 'sains', 'url': 'https://www.sainsburys.co.uk/shop/gb/groceries/product/details/all-future-brands/tonys-chocolonely-fairtrade-milk-chocolate-hazelnut-180g', 'product_name': "Tony's Chocolonely Fairtrade Milk Chocolate Hazelnut 180g", 'product_price': '£2.75', 'product_additionals': '£1.52 / 100g'}, {'shop': 'sains', 'url': 'https://www.sainsburys.co.uk/shop/gb/groceries/product/details/small-and-medium/tonys-easter-milk-meringue-lemon-180g', 'product_name': "Tony's Chocolonely Fairtrade Milk Chocolate Meringue and Lemon 180g", 'product_price': '£3.50', 'product_additionals': '£1.94 / 100g'}, {'shop': 'sains', 'url': 'https://www.sainsburys.co.uk/shop/gb/groceries/product/details/easter-special-offers/tonys-easter-milk-meringue-lemon-180g', 'product_name': "Tony's Chocolonely Fairtrade Milk Chocolate Meringue and Lemon 180g", 'product_price': '£3.50', 'product_additionals': '£1.94 / 100g'}, {'shop': 'sains', 'url': 'https://www.sainsburys.co.uk/shop/gb/groceries/product/details/about-future-brands/tonys-chocolonely-milk-chocolate-caramel-sea-salt-180g', 'product_name': "Tony's Chocolonely Milk Chocolate Caramel Sea Salt 180g", 'product_price': '£2.75', 'product_additionals': '£1.52 / 100g'}, {'shop': 'tesco', 'url': 'https://www.tesco.com/groceries/en-GB/products/260587673', 'product_name': 'Top Life Formula Puppy Milk 200Ml', 'product_price': '£ 0.70', 'product_additionals': '£3.50/litre'}, {'shop': 'asda', 'url': 'https://groceries.asda.com/product/25611931', 'product_name': 'Toplife Puppy Formula Milk', 'product_price': '£0.70', 'product_additionals': 'No weight data'}, {'shop': 'asda', 'url': 'https://groceries.asda.com/product/910001455940', 'product_name': 'Tropical Sun 100% Natural Coconut Milk', 'product_price': '£1.50', 'product_additionals': '(£3.75/kg)'}, {'shop': 'asda', 'url': 'https://groceries.asda.com/product/1000049687364', 'product_name': 'Tropical Sun Premium Coconut Milk', 'product_price': '£0.45', 'product_additionals': '(27.3p/100ml)'}, {'shop': 'asda', 'url': 'https://groceries.asda.com/product/19924', 'product_name': "Tunnock's Milk Chocolate Caramel Wafer Biscuits", 'product_price': '£1.39', 'product_additionals': 'No weight data'}, {'shop': 'asda', 'url': 'https://groceries.asda.com/product/19874', 'product_name': "Tunnock's Milk Chocolate Tea Cakes", 'product_price': '£0.95', 'product_additionals': 'No weight data'}, {'shop': 'sains', 'url': 'https://www.sainsburys.co.uk/shop/gb/groceries/product/details/top-rated-44/tunnocks-milk-chocolate-teacakes-biscuits-x10', 'product_name': "Tunnock's Milk Chocolate Teacakes Biscuits x10", 'product_price': '£1.80', 'product_additionals': '18p / unit'}, {'shop': 'tesco', 'url': 'https://www.tesco.com/groceries/en-GB/products/255526609', 'product_name': 'Tunnocks Milk Chocolate Caramel Wafer 240G', 'product_price': '£ 1.39', 'product_additionals': '£0.58/100g'}, {'shop': 'tesco', 'url': 'https://www.tesco.com/groceries/en-GB/products/254923832', 'product_name': 'Tunnocks Milk Chocolate Teacakes 6X24g', 'product_price': '£ 0.95', 'product_additionals': '£0.66/100g'}, {'shop': 'tesco', 'url': 'https://www.tesco.com/groceries/en-GB/products/308079366', 'product_name': 'Ufit High Protein Milkshake Banana Flavoured 500Ml', 'product_price': '£ 3.00', 'product_additionals': '£0.60/100ml'}, {'shop': 'tesco', 'url': 'https://www.tesco.com/groceries/en-GB/products/306504230', 'product_name': 'Ufit High Protein Milkshake Drink Strawberry 330Ml', 'product_price': '£ 2.00', 'product_additionals': '£0.61/100ml'}, {'shop': 'tesco', 'url': 'https://www.tesco.com/groceries/en-GB/products/308115508', 'product_name': 'Ufit High Protein Milkshake White Chocolate Flavoured 330Ml', 'product_price': '£ 2.00', 'product_additionals': '£0.61/100ml'}, {'shop': 'asda', 'url': 'https://groceries.asda.com/product/1000190025657', 'product_name': 'USN Trust 50 Protein Banana Flavoured Milkshake', 'product_price': '£3.50', 'product_additionals': 'No weight data'}, {'shop': 'asda', 'url': 'https://groceries.asda.com/product/1000190025627', 'product_name': 'USN Trust 50 Protein Chocolate Flavoured Milkshake', 'product_price': '£3.50', 'product_additionals': 'No weight data'}, {'shop': 'asda', 'url': 'https://groceries.asda.com/product/2215673273474', 'product_name': 'USN Trust 50 Protein Milkshakes - Vanilla, Strawberry, Banana & Chocolate', 'product_price': '£14.00', 'product_additionals': 'No weight data'}, {'shop': 'asda', 'url': 'https://groceries.asda.com/product/1000190025674', 'product_name': 'USN Trust 50 Protein Strawberry Flavoured Milkshake', 'product_price': '£3.50', 'product_additionals': 'No weight data'}, {'shop': 'asda', 'url': 'https://groceries.asda.com/product/1000190025615', 'product_name': 'USN Trust 50 Protein Vanilla Flavoured Milkshake', 'product_price': '£3.50', 'product_additionals': 'No weight data'}, {'shop': 'asda', 'url': 'https://groceries.asda.com/product/3184189', 'product_name': 'Veet Normal Skin Lotus Milk & Jasmine Fragrance Hair Removal Cream', 'product_price': '£5.00', 'product_additionals': '(£5.00/100ml)'}, {'shop': 'sains', 'url': 'https://www.sainsburys.co.uk/shop/gb/groceries/product/details/all-dairy-free/vita-coco-coconut-milk-original-750ml', 'product_name': 'Vita Coco Coconut Milk Original 750ml', 'product_price': '£1.95', 'product_additionals': '£2.60 / ltr'}, {'shop': 'sains', 'url': 'https://www.sainsburys.co.uk/shop/gb/groceries/product/details/milk-flavoured-milk/vita-coco-coconut-milk-original-750ml', 'product_name': 'Vita Coco Coconut Milk Original 750ml', 'product_price': '£1.95', 'product_additionals': '£2.60 / ltr'}, {'shop': 'tesco', 'url': 'https://www.tesco.com/groceries/en-GB/products/254942734', 'product_name': 'Warburtons Milk Roll Sliced White Bread 400G', 'product_price': '£ 0.90', 'product_additionals': '£0.22/100g'}, {'shop': 'sains', 'url': 'https://www.sainsburys.co.uk/shop/gb/groceries/product/details/top-rated-44/warburtons-blackpool-milk-roll-400g', 'product_name': 'Warburtons Milk Roll Soft Medium Sliced White Bread 400g', 'product_price': '£1.00', 'product_additionals': '25p / 100g'}, {'shop': 'asda', 'url': 'https://groceries.asda.com/product/36473', 'product_name': 'Warburtons White Milk Roll Bread', 'product_price': '£0.95', 'product_additionals': '(23.8p/100g)'}, {'shop': 'tesco', 'url': 'https://www.tesco.com/groceries/en-GB/products/250610878', 'product_name': 'Whiskas Cat Milk 3 Pack 3X200ml', 'product_price': '£ 2.75', 'product_additionals': '£4.59/litre'}, {'shop': 'asda', 'url': 'https://groceries.asda.com/product/3225107', 'product_name': 'Whiskas Cat Milk Cat Treat Bottle', 'product_price': '£1.09', 'product_additionals': '(£5.45/lt)'}, {'shop': 'asda', 'url': 'https://groceries.asda.com/product/2110661', 'product_name': 'Whiskas Cat Milk Cat Treat Bottles x 3', 'product_price': '£2.70', 'product_additionals': '(£4.50/lt)'}, {'shop': 'sains', 'url': 'https://www.sainsburys.co.uk/shop/gb/groceries/product/details/all-yogurt/woodlands-park-sheeps-milk-yogurt-450g', 'product_name': "Woodlands Sheep's Milk Yogurt 450g", 'product_price': '£2.60', 'product_additionals': '58p / 100g'}, {'shop': 'asda', 'url': 'https://groceries.asda.com/product/20760', 'product_name': 'Yakult Fermented Milk', 'product_price': '£3.00', 'product_additionals': '(65.9p/100g)'}, {'shop': 'tesco', 'url': 'https://www.tesco.com/groceries/en-GB/products/251354317', 'product_name': 'Yakult Fermented Milk Drink 7X65ml', 'product_price': '£ 3.00', 'product_additionals': '£0.66/100ml'}, {'shop': 'asda', 'url': 'https://groceries.asda.com/product/922100', 'product_name': 'Yakult Fermented Milk Light', 'product_price': '£3.10', 'product_additionals': '(68.1p/100ml)'}, {'shop': 'tesco', 'url': 'https://www.tesco.com/groceries/en-GB/products/253530336', 'product_name': 'Yakult Light Milk Drink 7X65ml', 'product_price': '£ 3.00', 'product_additionals': '£0.66/100ml'}, {'shop': 'asda', 'url': 'https://groceries.asda.com/product/910002785811', 'product_name': 'Yazoo Banana Flavoured Milk', 'product_price': '£1.50', 'product_additionals': '(£1.50/lt)'}, {'shop': 'tesco', 'url': 'https://www.tesco.com/groceries/en-GB/products/251328672', 'product_name': 'Yazoo Banana Milkshake 1 Litre Bottle', 'product_price': '£ 1.50', 'product_additionals': '£0.15/100ml'}, {'shop': 'tesco', 'url': 'https://www.tesco.com/groceries/en-GB/products/290369673', 'product_name': 'Yazoo Chilled Banana Flavour Milkshake 400Ml', 'product_price': '£ 1.00', 'product_additionals': '£0.25/100ml'}, {'shop': 'tesco', 'url': 'https://www.tesco.com/groceries/en-GB/products/290369696', 'product_name': 'Yazoo Chilled Chocolate Flavoured Milkshake 400Ml', 'product_price': '£ 1.00', 'product_additionals': '£0.25/100ml'}, {'shop': 'tesco', 'url': 'https://www.tesco.com/groceries/en-GB/products/290369713', 'product_name': 'Yazoo Chilled Strawberry Flavoured Milkshake 400Ml', 'product_price': '£ 1.00', 'product_additionals': '£0.25/100ml'}, {'shop': 'tesco', 'url': 'https://www.tesco.com/groceries/en-GB/products/307365173', 'product_name': 'Yazoo Choc-Hazelicious Flavoured Milk 400Ml', 'product_price': '£ 1.00', 'product_additionals': '£0.25/100ml'}, {'shop': 'tesco', 'url': 'https://www.tesco.com/groceries/en-GB/products/307158067', 'product_name': 'Yazoo Choc-Hazelicious Flavoured Milk Drink 1L', 'product_price': '£ 1.50', 'product_additionals': '£0.15/100ml'}, {'shop': 'asda', 'url': 'https://groceries.asda.com/product/910002786409', 'product_name': 'Yazoo Chocolate Flavoured Milk', 'product_price': '£1.50', 'product_additionals': '(£1.50/lt)'}, {'shop': 'asda', 'url': 'https://groceries.asda.com/product/910002182124', 'product_name': 'Yazoo Chocolate Flavoured Milk', 'product_price': '£0.50', 'product_additionals': '(£1.25/lt)'}, {'shop': 'tesco', 'url': 'https://www.tesco.com/groceries/en-GB/products/257524758', 'product_name': 'Yazoo Chocolate Milkshake 1 Litre Bottle', 'product_price': '£ 1.50', 'product_additionals': '£0.15/100ml'}, {'shop': 'sains', 'url': 'https://www.sainsburys.co.uk/shop/gb/groceries/product/details/milk-flavoured-milk/yazoo-kids-chocolate-4x200ml', 'product_name': 'Yazoo Kids Chocolate Milk Drink, No Added Sugar 4x200ml', 'product_price': '£2.00', 'product_additionals': '£2.50 / ltr'}, {'shop': 'asda', 'url': 'https://groceries.asda.com/product/1000015538112', 'product_name': 'Yazoo Kids No Added Sugar Strawberry Milk Drink', 'product_price': '£2.00', 'product_additionals': '(16.7p/100ml)'}, {'shop': 'asda', 'url': 'https://groceries.asda.com/product/1000015538441', 'product_name': 'Yazoo No Added Sugar Banana Milk', 'product_price': '£2.00', 'product_additionals': '(16.7p/100ml)'}, {'shop': 'asda', 'url': 'https://groceries.asda.com/product/1000015538600', 'product_name': 'Yazoo No Added Sugar Chocolate Milk', 'product_price': '£2.00', 'product_additionals': '(16.7p/100ml)'}, {'shop': 'tesco', 'url': 'https://www.tesco.com/groceries/en-GB/products/297763713', 'product_name': 'Yazoo No Added Sugar Chocolate Milkshake4x200ml', 'product_price': '£ 1.60', 'product_additionals': '£0.20/100ml'}, {'shop': 'asda', 'url': 'https://groceries.asda.com/product/910002181842', 'product_name': 'Yazoo Strawberry Flavoured Milk', 'product_price': '£0.50', 'product_additionals': '(£1.25/lt)'}, {'shop': 'asda', 'url': 'https://groceries.asda.com/product/910002786546', 'product_name': 'Yazoo Strawberry Flavoured Milk', 'product_price': '£1.50', 'product_additionals': '(£1.50/lt)'}, {'shop': 'sains', 'url': 'https://www.sainsburys.co.uk/shop/gb/groceries/product/details/milk-flavoured-milk/yazoo-strawberry-milk-drink-6x200ml', 'product_name': 'Yazoo Strawberry Milk Drink 6x200ml', 'product_price': '£2.40', 'product_additionals': '£2.00 / ltr'}, {'shop': 'tesco', 'url': 'https://www.tesco.com/groceries/en-GB/products/258836704', 'product_name': 'Yazoo Strawberry Milkshake 1 Litre Bottle', 'product_price': '£ 1.50', 'product_additionals': '£0.15/100ml'}, {'shop': 'asda', 'url': 'https://groceries.asda.com/product/910002182753', 'product_name': 'Yazoo Vanilla Flavoured Milk', 'product_price': '£0.50', 'product_additionals': '(£1.25/lt)'}, {'shop': 'tesco', 'url': 'https://www.tesco.com/groceries/en-GB/products/289767548', 'product_name': 'Yazoo Vanilla Milk 400Ml', 'product_price': '£ 1.00', 'product_additionals': '£0.02/10ml'}, {'shop': 'tesco', 'url': 'https://www.tesco.com/groceries/en-GB/products/257862017', 'product_name': 'Yeo Valley Organic Semi Skimmed Milk 1L', 'product_price': '£ 1.15', 'product_additionals': '£1.15/litre'}, {'shop': 'sains', 'url': 'https://www.sainsburys.co.uk/shop/gb/groceries/product/details/milk-fresh-milk/yeo-valley-organic-semi-skimmed-milk-1l', 'product_name': 'Yeo Valley Organic Semi Skimmed Milk 1L', 'product_price': '£1.30', 'product_additionals': '£1.30 / ltr'}, {'shop': 'tesco', 'url': 'https://www.tesco.com/groceries/en-GB/products/258882358', 'product_name': 'Yeo Valley Organic Semi Skimmed Milk 2L', 'product_price': '£ 1.90', 'product_additionals': '£0.95/litre'}, {'shop': 'sains', 'url': 'https://www.sainsburys.co.uk/shop/gb/groceries/product/details/special-offers-462368-44/yeo-valley-organic-semi-skimmed-milk-2l', 'product_name': 'Yeo Valley Organic Semi Skimmed Milk 2L', 'product_price': '£1.80', 'product_additionals': '90p / ltr'}, {'shop': 'asda', 'url': 'https://groceries.asda.com/product/1000204779000', 'product_name': 'Yeo Valley Organic Semi-Skimmed Milk', 'product_price': '£1.90', 'product_additionals': 'No weight data'}, {'shop': 'sains', 'url': 'https://www.sainsburys.co.uk/shop/gb/groceries/product/details/milk-fresh-milk/yeo-valley-skimmed-milk-2l', 'product_name': 'Yeo Valley Organic Skimmed Milk 2L', 'product_price': '£1.80', 'product_additionals': '90p / ltr'}, {'shop': 'asda', 'url': 'https://groceries.asda.com/product/1000204779175', 'product_name': 'Yeo Valley Organic Whole Milk', 'product_price': '£1.90', 'product_additionals': 'No weight data'}, {'shop': 'tesco', 'url': 'https://www.tesco.com/groceries/en-GB/products/262586694', 'product_name': 'Yeo Valley Organic Whole Milk 2 Litre', 'product_price': '£ 1.90', 'product_additionals': '£0.95/litre'}, {'shop': 'sains', 'url': 'https://www.sainsburys.co.uk/shop/gb/groceries/product/details/organic-dairy-products/yeo-valley-organic-whole-milk-2l', 'product_name': 'Yeo Valley Organic Whole Milk 2L', 'product_price': '£1.80', 'product_additionals': '90p / ltr'}, {'shop': 'sains', 'url': 'https://www.sainsburys.co.uk/shop/gb/groceries/product/details/special-offers-462368-44/yeo-valley-organic-whole-milk-2l', 'product_name': 'Yeo Valley Organic Whole Milk 2L', 'product_price': '£1.80', 'product_additionals': '90p / ltr'}, {'shop': 'sains', 'url': 'https://www.sainsburys.co.uk/shop/gb/groceries/product/details/milk-fresh-milk/yeo-valley-organic-whole-milk-2l', 'product_name': 'Yeo Valley Organic Whole Milk 2L', 'product_price': '£1.80', 'product_additionals': '90p / ltr'}, {'shop': 'asda', 'url': 'https://groceries.asda.com/product/1558656', 'product_name': 'Yorkie Milk Chocolate Biscuit Bar 7 Pack', 'product_price': '£1.00', 'product_additionals': '(58.3p/100g)'}, {'shop': 'tesco', 'url': 'https://www.tesco.com/groceries/en-GB/products/263538128', 'product_name': 'Yorkie Milk Chocolate Biscuits 7 Pack 171.5G', 'product_price': '£ 1.00', 'product_additionals': '£0.58/100g'}, {'shop': 'sains', 'url': 'https://www.sainsburys.co.uk/shop/gb/groceries/product/details/easter-giant/yorkie-milk-chocolate-collection-giant-easter-egg-336g', 'product_name': 'Yorkie Milk Chocolate Collection Giant Easter Egg 336g', 'product_price': '£5.00', 'product_additionals': '£1.49 / 100g'}, {'shop': 'tesco', 'url': 'https://www.tesco.com/groceries/en-GB/products/286616442', 'product_name': 'Yorkie Milk Multi Pack 138G', 'product_price': '£ 1.00', 'product_additionals': '£0.72/100g'}, {'shop': 'asda', 'url': 'https://groceries.asda.com/product/910001590670', 'product_name': 'Yorkie Original Milk Chocolate Bar', 'product_price': '£0.55', 'product_additionals': '(£1.20/100g)'}, {'shop': 'asda', 'url': 'https://groceries.asda.com/product/1000006616995', 'product_name': "Zaad Cow's Milk Cheese", 'product_price': '£2.79', 'product_additionals': '(£7.97/kg)'}, {'shop': 'asda', 'url': 'https://groceries.asda.com/product/910002157230', 'product_name': 'Zott Milk & Chocolate Dessert', 'product_price': '£1.89', 'product_additionals': '(47.2p/100g)'}]

grouped
([({'shop': 'asda', 'url': 'https://groceries.asda.com/product/910001142882', 'product_name': 'Aquafresh Milk Teeth 0-2 Yrs Soft Toothbrush', 'product_price': '£1.75', 'product_additionals': '(£1.75/each)'}, 14.0, 0.125), ({'shop': 'tesco', 'url': 'https://www.tesco.com/groceries/en-GB/products/278398500', 'product_name': 'Aquafresh Milk Teeth Tooth Brush', 'product_price': '£ 1.75', 'product_additionals': '£1.75/each'}, 10.500000000000002, 0.16666666666666663), ({'shop': 'asda', 'url': 'https://groceries.asda.com/product/1000056262057', 'product_name': "ASDA Baker's Selection 20 Mini Milk Choc Chip Cookies", 'product_price': '£2.00', 'product_additionals': '(10.0p/each)'}, 95.0, 0.10526315789473684), ({'shop': 'asda', 'url': 'https://groceries.asda.com/product/25620', 'product_name': "ASDA Baker's Selection Milk Chocolate Cookies", 'product_price': '£0.99', 'product_additionals': '(19.8p/each)'}, 161.69999999999996, 0.12244897959183676), ({'shop': 'asda', 'url': 'https://groceries.asda.com/product/910002946246', 'product_name': "ASDA Baker's Selection Milk Chocolate Pancakes", 'product_price': '£1.00', 'product_additionals': '(20.0p/each)'}, 166.66666666666669, 0.12), ({'shop': 'asda', 'url': 'https://groceries.asda.com/product/1000001821680', 'product_name': 'ASDA Extra Special 4 Buttermilk Pancakes', 'product_price': '£1.45', 'product_additionals': '(36.2p/each)'}, 199.09999999999994, 0.18181818181818188), ({'shop': 'asda', 'url': 'https://groceries.asda.com/product/1000009131506', 'product_name': 'ASDA Maternity 25 Breast Milk Storage Bags', 'product_price': '£4.00', 'product_additionals': '(16.0p/each)'}, 122.66666666666664, 0.13043478260869568), ({'shop': 'asda', 'url': 'https://groceries.asda.com/product/910001113198', 'product_name': 'ASDA Milk Chocolate Loaf Cake', 'product_price': '£1.00', 'product_additionals': '(£1.00/each)'}, 5.499999999999998, 0.18181818181818188), ({'shop': 'asda', 'url': 'https://groceries.asda.com/product/910003218409', 'product_name': 'ASDA Milk Chocolate Mini Rolls', 'product_price': '£0.95', 'product_additionals': '(9.5p/each)'}, 53.83333333333332, 0.17647058823529416), ({'shop': 'asda', 'url': 'https://groceries.asda.com/product/910001568439', 'product_name': 'ASDA Milk Thistle Film Coated Tablets', 'product_price': '£4.00', 'product_additionals': '(6.7p/each)'}, 45.78333333333333, 0.14634146341463417), ({'shop': 'asda', 'url': 'https://groceries.asda.com/product/910001084218', 'product_name': 'Balconi Mix Milk', 'product_price': '£1.00', 'product_additionals': '(10.0p/each)'}, 33.33333333333333, 0.30000000000000004), ({'shop': 'tesco', 'url': 'https://www.tesco.com/groceries/en-GB/products/286749264', 'product_name': "Bioglan Biotic Balance Chocball Milk 30'S", 'product_price': '£ 9.50', 'product_additionals': '£0.32/each'}, 2.400000000000001, 0.1333333333333333), ({'shop': 'tesco', 'url': 'https://www.tesco.com/groceries/en-GB/products/265169066', 'product_name': 'Brioche Pasquier Milk Brioche Rolls 8Pk', 'product_price': '£ 1.50', 'product_additionals': '£0.19/each'}, 1.3616666666666664, 0.13953488372093026), ({'shop': 'asda', 'url': 'https://groceries.asda.com/product/1000015061126', 'product_name': 'Cadbury 5 Milk Chocolate Cake Bars', 'product_price': '£0.80', 'product_additionals': '(16.0p/each)'}, 101.3333333333333, 0.1578947368421053), ({'shop': 'tesco', 'url': 'https://www.tesco.com/groceries/en-GB/products/302959129', 'product_name': 'Cadbury Dairy 15 Milk Cornflake Cluster Bites', 'product_price': '£ 1.80', 'product_additionals': '£0.12/each'}, 0.9799999999999998, 0.12244897959183676), ({'shop': 'tesco', 'url': 'https://www.tesco.com/groceries/en-GB/products/307760959', 'product_name': 'Cadbury Dairy Milk 15 Brownie Bites', 'product_price': '£ 1.80', 'product_additionals': '£0.12/each'}, 0.7799999999999999, 0.15384615384615385), ({'shop': 'tesco', 'url': 'https://www.tesco.com/groceries/en-GB/products/302959106', 'product_name': 'Cadbury Dairy Milk 16 Flapjack Bites', 'product_price': '£ 1.80', 'product_additionals': '£0.11/each'}, 0.7333333333333333, 0.15000000000000002), ({'shop': 'asda', 'url': 'https://groceries.asda.com/product/1000141932513', 'product_name': 'Cadbury Dairy Milk Cake Slices', 'product_price': '£2.00', 'product_additionals': '(33.3p/each)'}, 188.69999999999993, 0.17647058823529416), ({'shop': 'tesco', 'url': 'https://www.tesco.com/groceries/en-GB/products/302959089', 'product_name': 'Cadbury Dairy Milk Caramel 16 Flapjack Bites', 'product_price': '£ 1.80', 'product_additionals': '£0.11/each'}, 0.88, 0.125), ({'shop': 'tesco', 'url': 'https://www.tesco.com/groceries/en-GB/products/302959066', 'product_name': 'Cadbury Dairy Milk Caramel 16 Mini Cookies', 'product_price': '£ 1.80', 'product_additionals': '£0.11/each'}, 0.8433333333333332, 0.13043478260869568), ({'shop': 'asda', 'url': 'https://groceries.asda.com/product/1000141932442', 'product_name': 'Cadbury Dairy Milk Caramel Cake Slices', 'product_price': '£2.25', 'product_additionals': '(37.5p/each)'}, 262.5000000000001, 0.1428571428571428), ({'shop': 'tesco', 'url': 'https://www.tesco.com/groceries/en-GB/products/303730231', 'product_name': 'Cadbury Dairy Milk Caramel Slice 6 Pack', 'product_price': '£ 1.90', 'product_additionals': '£0.32/each'}, 2.293333333333333, 0.13953488372093026), ({'shop': 'tesco', 'url': 'https://www.tesco.com/groceries/en-GB/products/303730219', 'product_name': 'Cadbury Dairy Milk Chocolate Slice 6 Pack', 'product_price': '£ 1.90', 'product_additionals': '£0.32/each'}, 2.400000000000001, 0.1333333333333333), ({'shop': 'asda', 'url': 'https://groceries.asda.com/product/1000088561791', 'product_name': 'Cadbury Dairy Milk Cornflake Cluster Bites', 'product_price': '£1.80', 'product_additionals': '(12.0p/each)'}, 91.99999999999999, 0.13043478260869568), ({'shop': 'asda', 'url': 'https://groceries.asda.com/product/1000086367359', 'product_name': 'Cadbury Dairy Milk Flapjack Bites', 'product_price': '£2.00', 'product_additionals': '(12.5p/each)'}, 77.08333333333333, 0.16216216216216217), ({'shop': 'asda', 'url': 'https://groceries.asda.com/product/1000086367403', 'product_name': 'Cadbury Dairy Milk Mini Cookies', 'product_price': '£2.00', 'product_additionals': '(12.5p/each)'}, 72.91666666666664, 0.17142857142857149), ({'shop': 'asda', 'url': 'https://groceries.asda.com/product/910001507912', 'product_name': 'Cadbury Milk Chocolate Sticky Puds', 'product_price': '£1.67', 'product_additionals': '(83.5p/each)'}, 528.8333333333331, 0.1578947368421053), ({'shop': 'tesco', 'url': 'https://www.tesco.com/groceries/en-GB/products/295848830', 'product_name': 'Cadbury Mini Rolls Milk Chocolate 10 Pack', 'product_price': '£ 2.60', 'product_additionals': '£0.26/each'}, 1.9500000000000004, 0.1333333333333333), ({'shop': 'asda', 'url': 'https://groceries.asda.com/product/1000142866330', 'product_name': 'Edge Strawberry Milkshake E-Liquid 12mg', 'product_price': '£2.50', 'product_additionals': '(£2.50/each)'}, 17.916666666666664, 0.13953488372093026), ({'shop': 'asda', 'url': 'https://groceries.asda.com/product/1000142866394', 'product_name': 'Edge Strawberry Milkshake E-Liquid 18mg', 'product_price': '£2.50', 'product_additionals': '(£2.50/each)'}, 17.916666666666664, 0.13953488372093026), ({'shop': 'tesco', 'url': 'https://www.tesco.com/groceries/en-GB/products/301253902', 'product_name': 'Fred & Flo Milk Powder Dispenser', 'product_price': '£ 2.00', 'product_additionals': '£2.00/each'}, 12.000000000000004, 0.16666666666666663), ({'shop': 'asda', 'url': 'https://groceries.asda.com/product/1000215691406', 'product_name': 'Garnier Nutri Bomb Milky Face Sheet Mask Almond Milk & Hyaluronic Acid', 'product_price': '£2.95', 'product_additionals': '(£2.95/each)'}, 27.2875, 0.10810810810810811), ({'shop': 'asda', 'url': 'https://groceries.asda.com/product/1000215691505', 'product_name': 'Garnier Nutri Bomb Milky Sheet Mask Coconut & Hyaluronic Acid', 'product_price': '£2.95', 'product_additionals': '(£2.95/each)'}, 23.96875, 0.12307692307692308), ({'shop': 'asda', 'url': 'https://groceries.asda.com/product/1000229362672', 'product_name': 'George Home Bambi Milk Jug', 'product_price': '£4.00', 'product_additionals': '(£4.00/each)'}, 15.000000000000004, 0.2666666666666666), ({'shop': 'asda', 'url': 'https://groceries.asda.com/product/1000222400298', 'product_name': 'George Home Black Milk Frother', 'product_price': '£20.00', 'product_additionals': '(£20.00/each)'}, 84.99999999999999, 0.23529411764705888), ({'shop': 'asda', 'url': 'https://groceries.asda.com/product/1000229362723', 'product_name': 'George Home Multi Bloom Milk Jug', 'product_price': '£3.50', 'product_additionals': '(£3.50/each)'}, 15.75, 0.2222222222222222), ({'shop': 'asda', 'url': 'https://groceries.asda.com/product/1000011829210', 'product_name': 'George Home Non-stick Aluminium Milk Pan', 'product_price': '£4.00', 'product_additionals': '(£4.00/each)'}, 21.999999999999993, 0.18181818181818188), ({'shop': 'asda', 'url': 'https://groceries.asda.com/product/1000148283995', 'product_name': 'George Home White Porcelain Milk Jug', 'product_price': '£3.00', 'product_additionals': '(£3.00/each)'}, 15.000000000000004, 0.19999999999999996), ({'shop': 'asda', 'url': 'https://groceries.asda.com/product/1000000581197', 'product_name': 'HRI Milk Thistle Tablets Standardised Fruit Extract 300mg ', 'product_price': '£10.00', 'product_additionals': '(33.3p/each)'}, 344.0999999999999, 0.09677419354838712), ({'shop': 'asda', 'url': 'https://groceries.asda.com/product/1000188692440', 'product_name': 'Kingsmill Blueberry Cheesecake Buttermilk Pancakes', 'product_price': '£0.70', 'product_additionals': '(17.5p/each)'}, 118.125, 0.14814814814814814), ({'shop': 'asda', 'url': 'https://groceries.asda.com/product/1000188692389', 'product_name': 'Kingsmill Double Choc Buttermilk Pancakes', 'product_price': '£0.70', 'product_additionals': '(17.5p/each)'}, 98.43749999999999, 0.1777777777777778), ({'shop': 'tesco', 'url': 'https://www.tesco.com/groceries/en-GB/products/283816938', 'product_name': 'Lansinoh Breastmilk Storage Bags X25', 'product_price': '£ 5.50', 'product_additionals': '£0.22/each'}, 1.1000000000000003, 0.19999999999999996), ({'shop': 'asda', 'url': 'https://groceries.asda.com/product/910003066374', 'product_name': "McVitie's 5 Digestive Slices Topped with Milk Chocolate", 'product_price': '£1.00', 'product_additionals': '(20.0p/each)'}, 196.66666666666677, 0.10169491525423724), ({'shop': 'asda', 'url': 'https://groceries.asda.com/product/910003066648', 'product_name': "McVitie's Digestives 5 Caramel Millionaire Slices with Milk Chocolate", 'product_price': '£1.00', 'product_additionals': '(20.0p/each)'}, 182.5, 0.1095890410958904), ({'shop': 'asda', 'url': 'https://groceries.asda.com/product/910003066665', 'product_name': "McVitie's Hobnobs 5 Flapjacks Topped with Milk Chocolate", 'product_price': '£0.69', 'product_additionals': '(13.8p/each)'}, 138.00000000000003, 0.09999999999999998), ({'shop': 'tesco', 'url': 'https://www.tesco.com/groceries/en-GB/products/276131923', 'product_name': 'Milk Chocolate Cookie 5 Pack', 'product_price': '£ 1.00', 'product_additionals': '£0.20/each'}, 1.0666666666666667, 0.1875), ({'shop': 'asda', 'url': 'https://groceries.asda.com/product/910001143825', 'product_name': 'Milky Way Cake Bars', 'product_price': '£2.50', 'product_additionals': '(25.0p/each)'}, 95.83333333333331, 0.26086956521739135), ({'shop': 'asda', 'url': 'https://groceries.asda.com/product/1000211461140', 'product_name': 'Milky Way Shooting Star Cake', 'product_price': '£12.00', 'product_additionals': '(£12.00/each)'}, 64.0, 0.1875), ({'shop': 'tesco', 'url': 'https://www.tesco.com/groceries/en-GB/products/257245057', 'product_name': 'Milkybar White Chocolate Buttons Bag', 'product_price': '£ 0.60', 'product_additionals': '£0.60/each'}, 3.999999999999999, 0.15000000000000002), ({'shop': 'tesco', 'url': 'https://www.tesco.com/groceries/en-GB/products/300472638', 'product_name': "Ms Molly's 18 Milk Chocolate Digestive Bars", 'product_price': '£ 1.20', 'product_additionals': '£0.07/each'}, 0.5483333333333336, 0.12765957446808507), ({'shop': 'asda', 'url': 'https://groceries.asda.com/product/1000194416645', 'product_name': 'Polar Gear Squishy Novelty Milk Carton', 'product_price': '£3.00', 'product_additionals': '(£3.00/each)'}, 21.00000000000001, 0.1428571428571428), ({'shop': 'tesco', 'url': 'https://www.tesco.com/groceries/en-GB/products/274445780', 'product_name': 'Tassimo Milk Pods 16 Servings', 'product_price': '£ 3.50', 'product_additionals': '£0.22/each'}, 0.9075, 0.24242424242424243), ({'shop': 'tesco', 'url': 'https://www.tesco.com/groceries/en-GB/products/268395167', 'product_name': 'Tesco Mini Milk Chocolate Cookie Bites 20 Pack', 'product_price': '£ 1.80', 'product_additionals': '£0.09/each'}, 0.75, 0.12), ({'shop': 'asda', 'url': 'https://groceries.asda.com/product/1000170163602', 'product_name': 'Thorntons Milk Chocolate Caramel Shortcake Bites', 'product_price': '£1.00', 'product_additionals': '(10.0p/each)'}, 86.66666666666664, 0.11538461538461542), ({'shop': 'asda', 'url': 'https://groceries.asda.com/product/1000177860894', 'product_name': 'Thorntons Milk Chocolate Festive Caramel Shortcake Bites', 'product_price': '£1.00', 'product_additionals': '(10.0p/each)'}, 100.00000000000003, 0.09999999999999998), ({'shop': 'asda', 'url': 'https://groceries.asda.com/product/1000177860948', 'product_name': 'Thorntons Milk Chocolate Festive Spiced Toffee Bites', 'product_price': '£1.00', 'product_additionals': '(10.0p/each)'}, 93.33333333333337, 0.1071428571428571), ({'shop': 'asda', 'url': 'https://groceries.asda.com/product/1000170163549', 'product_name': 'Thorntons Milk Chocolate Fudge Brownie Bites', 'product_price': '£1.00', 'product_additionals': '(10.0p/each)'}, 80.0, 0.125), ({'shop': 'asda', 'url': 'https://groceries.asda.com/product/65015835', 'product_name': 'Tommee Tippee 6 Milk Powder Dispensers 0m+', 'product_price': '£5.19', 'product_additionals': '(£5.19/each)'}, 29.842500000000005, 0.17391304347826086), ({'shop': 'asda', 'url': 'https://groceries.asda.com/product/910002491240', 'product_name': 'Tommee Tippee Closer to Nature 2 Milk Feeding Bibs 0m+', 'product_price': '£4.80', 'product_additionals': '(£2.40/each)'}, 17.39999999999999, 0.13793103448275867), ({'shop': 'tesco', 'url': 'https://www.tesco.com/groceries/en-GB/products/257278528', 'product_name': 'Tommee Tippee Closer To Nature Milk Feed Bibs X2', 'product_price': '£ 5.00', 'product_additionals': '£2.50/each'}, 16.25, 0.15384615384615385)], [({'shop': 'tesco', 'url': 'https://www.tesco.com/groceries/en-GB/products/307747879', 'product_name': 'Aero Bubbles Milk Chocolate Easter Egg 121G', 'product_price': '£ 1.00', 'product_additionals': '£0.83/100g'}, 65.0166666666667, 0.12765957446808507), ({'shop': 'asda', 'url': 'https://groceries.asda.com/product/1000061868369', 'product_name': 'Aero Bubbles Milk Chocolate Sharing Bag', 'product_price': '£0.99', 'product_additionals': '(97.1p/100g)'}, 6958.833333333332, 0.13953488372093026), ({'shop': 'tesco', 'url': 'https://www.tesco.com/groceries/en-GB/products/300228105', 'product_name': 'Aero Bubbles Milk Pouch Bag 102G', 'product_price': '£ 0.99', 'product_additionals': '£0.97/100g'}, 58.20000000000001, 0.16666666666666663), ({'shop': 'asda', 'url': 'https://groceries.asda.com/product/910001744184', 'product_name': 'Aero Milk Chocolate Bubbly Bar 4 Pack', 'product_price': '£1.00', 'product_additionals': '(92.6p/100g)'}, 6327.666666666666, 0.14634146341463417), ({'shop': 'tesco', 'url': 'https://www.tesco.com/groceries/en-GB/products/305547825', 'product_name': 'Aero Milk Chocolate Mini Eggs Bag 70G', 'product_price': '£ 1.00', 'product_additionals': '£1.43/100g'}, 97.71666666666665, 0.14634146341463417), ({'shop': 'asda', 'url': 'https://groceries.asda.com/product/1000242609326', 'product_name': 'Aero Milk Chocolate Sharing Bar', 'product_price': '£1.00', 'product_additionals': '(£1.11/100g)'}, 64.74999999999997, 0.17142857142857149), ({'shop': 'tesco', 'url': 'https://www.tesco.com/groceries/en-GB/products/305548346', 'product_name': 'Aero Peppemint Milk Chocolate Mini Eggs 70G', 'product_price': '£ 1.00', 'product_additionals': '£1.43/100g'}, 84.01249999999999, 0.17021276595744683), ({'shop': 'tesco', 'url': 'https://www.tesco.com/groceries/en-GB/products/305554004', 'product_name': 'Aero Peppermint Milk Chocolate Large Easter Egg 252G', 'product_price': '£ 3.00', 'product_additionals': '£1.20/100g'}, 84.00000000000004, 0.1428571428571428), ({'shop': 'asda', 'url': 'https://groceries.asda.com/product/1000000462741', 'product_name': 'Alpen Cereal Bars Fruit & Nut with Milk Chocolate', 'product_price': '£1.00', 'product_additionals': '(69.0p/100g)'}, 6095.000000000001, 0.1132075471698113), ({'shop': 'tesco', 'url': 'https://www.tesco.com/groceries/en-GB/products/308114947', 'product_name': 'Andros Caramel Dessert With Almond Milk 2 X 120G', 'product_price': '£ 1.20', 'product_additionals': '£5.00/kg'}, 32.5, 0.15384615384615385), ({'shop': 'tesco', 'url': 'https://www.tesco.com/groceries/en-GB/products/308104078', 'product_name': 'Andros Chocolate Dessert With Almond Milk 2 X 120G', 'product_price': '£ 1.20', 'product_additionals': '£5.00/kg'}, 33.75, 0.14814814814814814), ({'shop': 'tesco', 'url': 'https://www.tesco.com/groceries/en-GB/products/301359904', 'product_name': 'Aptamil 1 First Infant Milk From Birth 800G', 'product_price': '£ 11.35', 'product_additionals': '£14.19/kg'}, 83.36624999999998, 0.17021276595744683), ({'shop': 'tesco', 'url': 'https://www.tesco.com/groceries/en-GB/products/301359927', 'product_name': 'Aptamil 2 Follow On Milk Powder 800G', 'product_price': '£ 11.50', 'product_additionals': '£14.38/kg'}, 71.90000000000002, 0.19999999999999996), ({'shop': 'tesco', 'url': 'https://www.tesco.com/groceries/en-GB/products/301359985', 'product_name': 'Aptamil Anti Reflux Milk Powder 800G', 'product_price': '£ 14.00', 'product_additionals': '£1.75/100g'}, 87.50000000000001, 0.19999999999999996), ({'shop': 'tesco', 'url': 'https://www.tesco.com/groceries/en-GB/products/301360003', 'product_name': 'Aptamil Comfort Milk Powder 800G', 'product_price': '£ 14.00', 'product_additionals': '£1.75/100g'}, 78.75, 0.2222222222222222), ({'shop': 'tesco', 'url': 'https://www.tesco.com/groceries/en-GB/products/268739735', 'product_name': 'Aptamil Growing Up Milk 2+ Years 800G', 'product_price': '£ 10.50', 'product_additionals': '£13.13/kg'}, 67.29125000000002, 0.19512195121951215), ({'shop': 'tesco', 'url': 'https://www.tesco.com/groceries/en-GB/products/301359949', 'product_name': 'Aptamil Growing Up Milk Powder 1+ 800G', 'product_price': '£ 10.50', 'product_additionals': '£1.32/100g'}, 69.3, 0.19047619047619047), ({'shop': 'tesco', 'url': 'https://www.tesco.com/groceries/en-GB/products/301359962', 'product_name': 'Aptamil Hungry Milk Powder 800G', 'product_price': '£ 11.35', 'product_additionals': '£1.42/100g'}, 62.12500000000001, 0.22857142857142854), ({'shop': 'tesco', 'url': 'https://www.tesco.com/groceries/en-GB/products/307147702', 'product_name': 'Aptamil Organic 1 First Baby Milk Formula 800G', 'product_price': '£ 13.50', 'product_additionals': '£16.88/kg'}, 105.49999999999997, 0.16000000000000003), ({'shop': 'tesco', 'url': 'https://www.tesco.com/groceries/en-GB/products/307155979', 'product_name': 'Aptamil Organic 2 Follow On Baby Milk 800G', 'product_price': '£ 13.50', 'product_additionals': '£16.88/kg'}, 97.06, 0.17391304347826086), ({'shop': 'tesco', 'url': 'https://www.tesco.com/groceries/en-GB/products/307157689', 'product_name': 'Aptamil Organic 3 Toddler Milk Formula 800G', 'product_price': '£ 12.50', 'product_additionals': '£15.63/kg'}, 91.82624999999999, 0.17021276595744683), ({'shop': 'tesco', 'url': 'https://www.tesco.com/groceries/en-GB/products/291369101', 'product_name': 'Aptamil Profutura First Infant Milk 800G', 'product_price': '£ 15.00', 'product_additionals': '£1.88/100g'}, 103.39999999999996, 0.18181818181818188), ({'shop': 'tesco', 'url': 'https://www.tesco.com/groceries/en-GB/products/291369239', 'product_name': 'Aptamil Profutura Follow On Milk 800G', 'product_price': '£ 15.00', 'product_additionals': '£1.88/100g'}, 96.35000000000002, 0.19512195121951215), ({'shop': 'tesco', 'url': 'https://www.tesco.com/groceries/en-GB/products/291369297', 'product_name': 'Aptamil Profutura Milk Growing Up 800G', 'product_price': '£ 15.00', 'product_additionals': '£1.88/100g'}, 98.7, 0.19047619047619047), ({'shop': 'asda', 'url': 'https://groceries.asda.com/product/910001598288', 'product_name': 'ASDA Banana Flavoured Milkshake Mix', 'product_price': '£1.49', 'product_additionals': '(49.7p/100g)'}, 3230.5, 0.15384615384615385), ({'shop': 'asda', 'url': 'https://groceries.asda.com/product/1000197472297', 'product_name': 'ASDA Breakfast Biscuits Milk & Cereal 8 x 50g', 'product_price': '£0.84', 'product_additionals': '(21.0p/100g)'}, 1714.9999999999995, 0.12244897959183676), ({'shop': 'asda', 'url': 'https://groceries.asda.com/product/395104', 'product_name': 'ASDA Chocolate Malted Milks', 'product_price': '£0.85', 'product_additionals': '(34.0p/100g)'}, 1756.6666666666663, 0.19354838709677424), ({'shop': 'asda', 'url': 'https://groceries.asda.com/product/910000365333', 'product_name': 'ASDA Condensed Milk', 'product_price': '£1.05', 'product_additionals': '(26.5p/100g)'}, 1015.8333333333331, 0.26086956521739135), ({'shop': 'asda', 'url': 'https://groceries.asda.com/product/1000037844241', 'product_name': 'ASDA Evaporated Milk', 'product_price': '£0.40', 'product_additionals': '(23.5p/100g)'}, 940.0, 0.25), ({'shop': 'asda', 'url': 'https://groceries.asda.com/product/9430945', 'product_name': 'ASDA Evaporated Semi-Skimmed Milk', 'product_price': '£0.58', 'product_additionals': '(14.1p/100g)'}, 652.125, 0.21621621621621623), ({'shop': 'asda', 'url': 'https://groceries.asda.com/product/1000136120506', 'product_name': 'ASDA Extra Special 40% Cocoa Solids Milk Cooking Chocolate', 'product_price': '£1.20', 'product_additionals': '(£1.20/100g)'}, 123.99999999999997, 0.09677419354838712), ({'shop': 'asda', 'url': 'https://groceries.asda.com/product/1000161871363', 'product_name': 'ASDA Extra Special Milk Chocolate Honeycomb', 'product_price': '£2.00', 'product_additionals': '(£2.00/100g)'}, 156.6666666666667, 0.12765957446808507), ({'shop': 'asda', 'url': 'https://groceries.asda.com/product/1000112663530', 'product_name': 'ASDA Extra Special Peruvian Milk Chocolate Bar', 'product_price': '£0.90', 'product_additionals': '(90.0p/100g)'}, 7500.0, 0.12), ({'shop': 'asda', 'url': 'https://groceries.asda.com/product/1000070571716', 'product_name': 'ASDA Extra Special Salted Butterscotch Milk Chocolate Bar', 'product_price': '£1.40', 'product_additionals': '(£1.40/100g)'}, 142.33333333333334, 0.09836065573770492), ({'shop': 'asda', 'url': 'https://groceries.asda.com/product/910003043531', 'product_name': 'ASDA Extra Special Sea Salted Caramel & Milk Chocolate Granola', 'product_price': '£2.19', 'product_additionals': '(43.8p/100g)'}, 3613.5, 0.12121212121212122), ({'shop': 'asda', 'url': 'https://groceries.asda.com/product/910002082811', 'product_name': 'ASDA Fruit & Nut Milk Chocolate Bar', 'product_price': '£0.91', 'product_additionals': '(45.5p/100g)'}, 2957.5, 0.15384615384615385), ({'shop': 'asda', 'url': 'https://groceries.asda.com/product/910002088827', 'product_name': 'ASDA Fun Size Milk Chocolate Bubblies 15 Pack', 'product_price': '£1.00', 'product_additionals': '(66.7p/100g)'}, 5447.166666666665, 0.12244897959183676), ({'shop': 'asda', 'url': 'https://groceries.asda.com/product/1000088318822', 'product_name': 'ASDA Giant Gold Coin Milk', 'product_price': '£0.59', 'product_additionals': '(£1.18/100g)'}, 57.033333333333346, 0.2068965517241379), ({'shop': 'asda', 'url': 'https://groceries.asda.com/product/910000435379', 'product_name': 'ASDA Honey Nut Crunch with Milk Chocolate Curls', 'product_price': '£1.09', 'product_additionals': '(29.1p/100g)'}, 2473.4999999999995, 0.11764705882352944), ({'shop': 'asda', 'url': 'https://groceries.asda.com/product/910001083519', 'product_name': 'ASDA Malted Milk', 'product_price': '£0.30', 'product_additionals': '(15.0p/100g)'}, 499.99999999999994, 0.30000000000000004), ({'shop': 'asda', 'url': 'https://groceries.asda.com/product/80165777', 'product_name': 'ASDA Milk Chocolate', 'product_price': '£0.65', 'product_additionals': '(43.3p/100g)'}, 1659.833333333333, 0.26086956521739135), ({'shop': 'asda', 'url': 'https://groceries.asda.com/product/1000129611142', 'product_name': 'ASDA Milk Chocolate & Salted Caramel Rice Cakes', 'product_price': '£1.59', 'product_additionals': '(£1.51/100g)'}, 128.34999999999997, 0.11764705882352944), ({'shop': 'asda', 'url': 'https://groceries.asda.com/product/910002082921', 'product_name': 'ASDA Milk Chocolate Bar', 'product_price': '£0.85', 'product_additionals': '(42.5p/100g)'}, 1912.5, 0.2222222222222222), ({'shop': 'asda', 'url': 'https://groceries.asda.com/product/1000136352523', 'product_name': 'ASDA Milk Chocolate Biscuit Selection', 'product_price': '£4.00', 'product_additionals': '(88.9p/100g)'}, 6074.833333333332, 0.14634146341463417), ({'shop': 'asda', 'url': 'https://groceries.asda.com/product/910001367831', 'product_name': 'ASDA Milk Chocolate Butter Biscuits', 'product_price': '£0.74', 'product_additionals': '(59.2p/100g)'}, 3848.0, 0.15384615384615385), ({'shop': 'asda', 'url': 'https://groceries.asda.com/product/910001805736', 'product_name': 'ASDA Milk Chocolate Buttons', 'product_price': '£0.25', 'product_additionals': '(83.3p/100g)'}, 4303.833333333332, 0.19354838709677424), ({'shop': 'asda', 'url': 'https://groceries.asda.com/product/20658', 'product_name': 'ASDA Milk Chocolate Chips', 'product_price': '£0.50', 'product_additionals': '(50.0p/100g)'}, 2416.666666666667, 0.2068965517241379), ({'shop': 'asda', 'url': 'https://groceries.asda.com/product/1000088318843', 'product_name': 'ASDA Milk Chocolate Coins', 'product_price': '£0.59', 'product_additionals': '(78.7p/100g)'}, 3803.833333333334, 0.2068965517241379), ({'shop': 'asda', 'url': 'https://groceries.asda.com/product/1000157579228', 'product_name': 'ASDA Milk Chocolate Coins', 'product_price': '£2.00', 'product_additionals': '(76.9p/100g)'}, 3716.833333333334, 0.2068965517241379), ({'shop': 'asda', 'url': 'https://groceries.asda.com/product/23162', 'product_name': 'ASDA Milk Chocolate Digestives', 'product_price': '£0.42', 'product_additionals': '(14.0p/100g)'}, 793.3333333333331, 0.17647058823529416), ({'shop': 'asda', 'url': 'https://groceries.asda.com/product/1000157579344', 'product_name': 'ASDA Milk Chocolate Hollow Reindeer', 'product_price': '£0.89', 'product_additionals': '(89.0p/100g)'}, 5785.0, 0.15384615384615385), ({'shop': 'asda', 'url': 'https://groceries.asda.com/product/1000157579381', 'product_name': 'ASDA Milk Chocolate Hollow Santa', 'product_price': '£0.89', 'product_additionals': '(89.0p/100g)'}, 5340.000000000001, 0.16666666666666663), ({'shop': 'asda', 'url': 'https://groceries.asda.com/product/1000243014225', 'product_name': 'ASDA Milk Chocolate Pip the Penguin', 'product_price': '£2.00', 'product_additionals': '(£1.33/100g)'}, 86.45, 0.15384615384615385), ({'shop': 'asda', 'url': 'https://groceries.asda.com/product/1000117784334', 'product_name': 'ASDA Milk Chocolate Sauce', 'product_price': '£1.50', 'product_additionals': '(50.0p/100g)'}, 2416.666666666667, 0.2068965517241379), ({'shop': 'asda', 'url': 'https://groceries.asda.com/product/910000770545', 'product_name': 'ASDA Milk Chocolate Spread', 'product_price': '£1.37', 'product_additionals': '(34.2p/100g)'}, 1710.0000000000005, 0.19999999999999996), ({'shop': 'asda', 'url': 'https://groceries.asda.com/product/1000122916899', 'product_name': 'ASDA Milk Chocolate Toffee Popcorn', 'product_price': '£1.00', 'product_additionals': '(71.4p/100g)'}, 4521.999999999999, 0.1578947368421053), ({'shop': 'asda', 'url': 'https://groceries.asda.com/product/1000205555287', 'product_name': 'ASDA Milk Chocolate Turkish Thins', 'product_price': '£1.00', 'product_additionals': '(55.6p/100g)'}, 3428.6666666666665, 0.16216216216216217), ({'shop': 'asda', 'url': 'https://groceries.asda.com/product/32825', 'product_name': 'ASDA Smart Price Milk Chocolate Digestive Bars', 'product_price': '£1.25', 'product_additionals': '(32.9p/100g)'}, 2056.2499999999995, 0.16000000000000003), ({'shop': 'asda', 'url': 'https://groceries.asda.com/product/910001597412', 'product_name': 'ASDA Strawberry Flavoured Milkshake Mix', 'product_price': '£1.49', 'product_additionals': '(49.7p/100g)'}, 3561.8333333333326, 0.13953488372093026), ({'shop': 'asda', 'url': 'https://groceries.asda.com/product/910001769916', 'product_name': 'Bahlsen Choco Leibniz Milk Chocolate Biscuits', 'product_price': '£1.50', 'product_additionals': '(£1.20/100g)'}, 97.99999999999999, 0.12244897959183676), ({'shop': 'tesco', 'url': 'https://www.tesco.com/groceries/en-GB/products/257510953', 'product_name': 'Bahlsen Milk Choco Leibniz 125G', 'product_price': '£ 1.49', 'product_additionals': '£1.20/100g'}, 69.99999999999997, 0.17142857142857149), ({'shop': 'asda', 'url': 'https://groceries.asda.com/product/1000137976558', 'product_name': 'Bahlsen PiCK UP! Choco & Milk Biscuit Bars 5 Pack', 'product_price': '£1.00', 'product_additionals': '(71.4p/100g)'}, 6307.000000000002, 0.1132075471698113), ({'shop': 'asda', 'url': 'https://groceries.asda.com/product/910001367253', 'product_name': 'Bahlsen PiCK UP! Milk Chocolate Biscuit Bars 5 Pack', 'product_price': '£1.00', 'product_additionals': '(71.4p/100g)'}, 6544.999999999998, 0.10909090909090913), ({'shop': 'tesco', 'url': 'https://www.tesco.com/groceries/en-GB/products/293226763', 'product_name': 'Bahlsen Pick Up! Minis Milk Chocolate 10.6Gx10', 'product_price': '£ 1.00', 'product_additionals': '£0.94/100g'}, 78.33333333333334, 0.12), ({'shop': 'asda', 'url': 'https://groceries.asda.com/product/1000049939218', 'product_name': 'Balin Milk Chocolate with Whole Pistachios', 'product_price': '£1.70', 'product_additionals': '(£2.12/100g)'}, 162.5333333333333, 0.13043478260869568), ({'shop': 'tesco', 'url': 'https://www.tesco.com/groceries/en-GB/products/305983613', 'product_name': 'Barny Milk Kids Sponge Bear 5 Pack 125G', 'product_price': '£ 1.50', 'product_additionals': '£1.20/100g'}, 85.99999999999999, 0.13953488372093026), ({'shop': 'tesco', 'url': 'https://www.tesco.com/groceries/en-GB/products/302379297', 'product_name': 'Barratt Milkteeth 190G', 'product_price': '£ 1.00', 'product_additionals': '£0.53/100g'}, 22.966666666666658, 0.23076923076923084), ({'shop': 'asda', 'url': 'https://groceries.asda.com/product/1000003092302', 'product_name': 'Belvita Breakfast Biscuits Milk & Cereals 5 Pack', 'product_price': '£0.99', 'product_additionals': '(44.0p/100g)'}, 3813.333333333332, 0.11538461538461542), ({'shop': 'tesco', 'url': 'https://www.tesco.com/groceries/en-GB/products/297544535', 'product_name': 'Belvita Milk & Cereal Biscuits 12 Pack 540G', 'product_price': '£ 3.00', 'product_additionals': '£0.56/100g'}, 43.866666666666674, 0.12765957446808507), ({'shop': 'tesco', 'url': 'https://www.tesco.com/groceries/en-GB/products/297544790', 'product_name': 'Belvita Milk & Cereal Biscuits 225G', 'product_price': '£ 1.99', 'product_additionals': '£0.88/100g'}, 57.2, 0.15384615384615385), ({'shop': 'tesco', 'url': 'https://www.tesco.com/groceries/en-GB/products/289687746', 'product_name': 'Betty Crocker Milk Chocolate Icing 400G', 'product_price': '£ 2.00', 'product_additionals': '£0.50/100g'}, 35.83333333333333, 0.13953488372093026), ({'shop': 'asda', 'url': 'https://groceries.asda.com/product/1000157579365', 'product_name': 'BIP Milk Chocolate Christmas Puddings with Popping Candy', 'product_price': '£0.59', 'product_additionals': '(78.7p/100g)'}, 7870.000000000002, 0.09999999999999998), ({'shop': 'asda', 'url': 'https://groceries.asda.com/product/1000157579204', 'product_name': 'BIP Milk Chocolate Snowmen & Snowballs 75g', 'product_price': '£0.59', 'product_additionals': '(78.7p/100g)'}, 6033.666666666665, 0.13043478260869568), ({'shop': 'asda', 'url': 'https://groceries.asda.com/product/1000157579427', 'product_name': 'BIP Milk Chocolate Sprouts & Carrots', 'product_price': '£0.59', 'product_additionals': '(78.7p/100g)'}, 5246.666666666666, 0.15000000000000002), ({'shop': 'tesco', 'url': 'https://www.tesco.com/groceries/en-GB/products/303153509', 'product_name': 'Birds Eye Buttermilk Chicken Strips 350G', 'product_price': '£ 4.00', 'product_additionals': '£11.43/kg'}, 62.86499999999998, 0.18181818181818188), ({'shop': 'asda', 'url': 'https://groceries.asda.com/product/1000065970685', 'product_name': 'Blue Riband Original Milk Chocolate Wafer Biscuits 16 Pack', 'product_price': '£2.00', 'product_additionals': '(69.4p/100g)'}, 7171.333333333331, 0.09677419354838712), ({'shop': 'asda', 'url': 'https://groceries.asda.com/product/1000065970648', 'product_name': 'Blue Riband Original Milk Chocolate Wafer Biscuits 8 Pack', 'product_price': '£1.00', 'product_additionals': '(69.4p/100g)'}, 7055.666666666667, 0.09836065573770492), ({'shop': 'asda', 'url': 'https://groceries.asda.com/product/1000210453294', 'product_name': 'Bonne Maman Chocolate Mousse with Whole Milk', 'product_price': '£1.00', 'product_additionals': '(71.4p/100g)'}, 4284.000000000001, 0.16666666666666663), ({'shop': 'asda', 'url': 'https://groceries.asda.com/product/1000178911419', 'product_name': 'Bounty Coconut Milk Chocolate Bars Multipack', 'product_price': '£1.99', 'product_additionals': '(43.6p/100g)'}, 3488.0, 0.125), ({'shop': 'asda', 'url': 'https://groceries.asda.com/product/910000265061', 'product_name': 'Bounty Coconut Milk Chocolate Twin Bar', 'product_price': '£0.55', 'product_additionals': '(96.5p/100g)'}, 6755.000000000003, 0.1428571428571428), ({'shop': 'asda', 'url': 'https://groceries.asda.com/product/910000539461', 'product_name': 'Bounty Coconut Milk Chocolate Twin Bars Multipack 4 x 57g', 'product_price': '£1.25', 'product_additionals': '(54.8p/100g)'}, 5571.333333333333, 0.09836065573770492), ({'shop': 'tesco', 'url': 'https://www.tesco.com/groceries/en-GB/products/258412209', 'product_name': 'Bounty Milk Chocolate Bar 57G', 'product_price': '£ 0.60', 'product_additionals': '£1.06/100g'}, 58.299999999999976, 0.18181818181818188), ({'shop': 'tesco', 'url': 'https://www.tesco.com/groceries/en-GB/products/304389823', 'product_name': 'Bounty Milk Chocolate Egg With 3 Fun Size Bars 263G', 'product_price': '£ 3.00', 'product_additionals': '£1.15/100g'}, 105.41666666666663, 0.10909090909090913), ({'shop': 'tesco', 'url': 'https://www.tesco.com/groceries/en-GB/products/272708450', 'product_name': 'Breakaway Milk Chocolate Biscuit 8 Pack 152.8G', 'product_price': '£ 1.00', 'product_additionals': '£0.66/100g'}, 55.0, 0.12), ({'shop': 'asda', 'url': 'https://groceries.asda.com/product/910000550514', 'product_name': 'Breakaway Milk Chocolate Biscuit Bar 8 Pack', 'product_price': '£1.00', 'product_additionals': '(65.5p/100g)'}, 5130.833333333335, 0.12765957446808507), ({'shop': 'tesco', 'url': 'https://www.tesco.com/groceries/en-GB/products/307150421', 'product_name': 'Buttermilk Dairy Free Peanut Butter Crunch 100G', 'product_price': '£ 3.00', 'product_additionals': '£3.00/100g'}, 191.25, 0.1568627450980392), ({'shop': 'tesco', 'url': 'https://www.tesco.com/groceries/en-GB/products/307750206', 'product_name': 'Buttermilk Dairy Free Salted Caramel Crunch Easter Egg 165G', 'product_price': '£ 6.00', 'product_additionals': '£3.64/100g'}, 286.65, 0.12698412698412698), ({'shop': 'tesco', 'url': 'https://www.tesco.com/groceries/en-GB/products/307159589', 'product_name': 'Buttermilk Dairy Free Salted Caramel Cups 100G', 'product_price': '£ 3.00', 'product_additionals': '£3.00/100g'}, 187.49999999999997, 0.16000000000000003), ({'shop': 'tesco', 'url': 'https://www.tesco.com/groceries/en-GB/products/307736282', 'product_name': 'Buttermilk Dairy Free Zingy Orange Egg Chocolate Bar 165G', 'product_price': '£ 6.00', 'product_additionals': '£3.64/100g'}, 277.5499999999999, 0.1311475409836066), ({'shop': 'tesco', 'url': 'https://www.tesco.com/groceries/en-GB/products/306929712', 'product_name': 'Cadbury Bitsa Wispa Milk Chocolates 222G', 'product_price': '£ 2.00', 'product_additionals': '£0.90/100g'}, 66.0, 0.13636363636363635), ({'shop': 'asda', 'url': 'https://groceries.asda.com/product/1000113150656', 'product_name': 'Cadbury Chocolate Milkshake Jar', 'product_price': '£1.50', 'product_additionals': '(53.6p/100g)'}, 3126.6666666666656, 0.17142857142857149), ({'shop': 'tesco', 'url': 'https://www.tesco.com/groceries/en-GB/products/305434469', 'product_name': 'Cadbury Chocolate Milkshake Powder Mix 280G', 'product_price': '£ 2.09', 'product_additionals': '£0.75/100g'}, 58.750000000000014, 0.12765957446808507), ({'shop': 'asda', 'url': 'https://groceries.asda.com/product/1000238377539', 'product_name': 'Cadbury Crunchie Rocks Milk Chocolate Bag', 'product_price': '£1.00', 'product_additionals': '(90.9p/100g)'}, 6817.500000000002, 0.1333333333333333), ({'shop': 'asda', 'url': 'https://groceries.asda.com/product/1000233167237', 'product_name': 'Cadbury Curly Wurly Milk Chocolate Bar', 'product_price': '£0.25', 'product_additionals': '(£1.14/100g)'}, 79.80000000000004, 0.1428571428571428), ({'shop': 'asda', 'url': 'https://groceries.asda.com/product/1000233167235', 'product_name': 'Cadbury Curly Wurly Milk Chocolate Bars 6 Pack', 'product_price': '£1.00', 'product_additionals': '(77.5p/100g)'}, 6458.333333333334, 0.12), ({'shop': 'tesco', 'url': 'https://www.tesco.com/groceries/en-GB/products/301613460', 'product_name': 'Cadbury Dairy Milk 10 Pack 293G', 'product_price': '£ 2.00', 'product_additionals': '£0.68/100g'}, 39.66666666666665, 0.17142857142857149), ({'shop': 'tesco', 'url': 'https://www.tesco.com/groceries/en-GB/products/284117451', 'product_name': 'Cadbury Dairy Milk 110G', 'product_price': '£ 0.98', 'product_additionals': '£0.89/100g'}, 40.050000000000004, 0.2222222222222222), ({'shop': 'tesco', 'url': 'https://www.tesco.com/groceries/en-GB/products/302291267', 'product_name': 'Cadbury Dairy Milk 30% Less Sugar 85G', 'product_price': '£ 1.50', 'product_additionals': '£1.77/100g'}, 120.94999999999997, 0.14634146341463417), ({'shop': 'asda', 'url': 'https://groceries.asda.com/product/1000158294551', 'product_name': 'Cadbury Dairy Milk 30% Less Sugar Chocolate Bar', 'product_price': '£0.55', 'product_additionals': '(£1.57/100g)'}, 133.44999999999996, 0.11764705882352944), ({'shop': 'tesco', 'url': 'https://www.tesco.com/groceries/en-GB/products/275565630', 'product_name': 'Cadbury Dairy Milk 45G', 'product_price': '£ 0.60', 'product_additionals': '£1.34/100g'}, 58.06666666666665, 0.23076923076923084), ({'shop': 'tesco', 'url': 'https://www.tesco.com/groceries/en-GB/products/292215288', 'product_name': 'Cadbury Dairy Milk Boost Chocolate Barsx4 160G', 'product_price': '£ 1.00', 'product_additionals': '£0.62/100g'}, 51.66666666666667, 0.12), ({'shop': 'tesco', 'url': 'https://www.tesco.com/groceries/en-GB/products/284775667', 'product_name': 'Cadbury Dairy Milk Buttons 6 Pack', 'product_price': '£ 1.00', 'product_additionals': '£1.20/100g'}, 74.0, 0.16216216216216217), ({'shop': 'tesco', 'url': 'https://www.tesco.com/groceries/en-GB/products/272478801', 'product_name': 'Cadbury Dairy Milk Buttons Bag 40G', 'product_price': '£ 0.60', 'product_additionals': '£1.50/100g'}, 94.99999999999997, 0.1578947368421053), ({'shop': 'tesco', 'url': 'https://www.tesco.com/groceries/en-GB/products/264315195', 'product_name': 'Cadbury Dairy Milk Buttons Medium Easter Egg 128G', 'product_price': '£ 1.00', 'product_additionals': '£0.78/100g'}, 68.90000000000002, 0.1132075471698113), ({'shop': 'tesco', 'url': 'https://www.tesco.com/groceries/en-GB/products/285692803', 'product_name': 'Cadbury Dairy Milk Buttons Treat Size Buttons 170G', 'product_price': '£ 2.79', 'product_additionals': '£1.65/100g'}, 148.49999999999994, 0.11111111111111116), ({'shop': 'tesco', 'url': 'https://www.tesco.com/groceries/en-GB/products/275565895', 'product_name': 'Cadbury Dairy Milk Caramel 45 G', 'product_price': '£ 0.60', 'product_additionals': '£1.34/100g'}, 78.16666666666664, 0.17142857142857149), ({'shop': 'asda', 'url': 'https://groceries.asda.com/product/910000813019', 'product_name': 'Cadbury Dairy Milk Caramel Bar', 'product_price': '£0.60', 'product_additionals': '(£1.33/100g)'}, 75.36666666666666, 0.17647058823529416), ({'shop': 'asda', 'url': 'https://groceries.asda.com/product/910000878123', 'product_name': 'Cadbury Dairy Milk Caramel Chocolate Bar', 'product_price': '£1.00', 'product_additionals': '(83.3p/100g)'}, 6108.666666666667, 0.13636363636363635), ({'shop': 'asda', 'url': 'https://groceries.asda.com/product/910000813200', 'product_name': 'Cadbury Dairy Milk Caramel Chocolate Bar', 'product_price': '£1.79', 'product_additionals': '(89.5p/100g)'}, 6563.333333333334, 0.13636363636363635), ({'shop': 'tesco', 'url': 'https://www.tesco.com/groceries/en-GB/products/275523317', 'product_name': 'Cadbury Dairy Milk Caramel Chocolate Bar 120G', 'product_price': '£ 0.98', 'product_additionals': '£0.82/100g'}, 66.96666666666664, 0.12244897959183676), ({'shop': 'tesco', 'url': 'https://www.tesco.com/groceries/en-GB/products/292215265', 'product_name': 'Cadbury Dairy Milk Caramel Chocolate Barsx4 148G', 'product_price': '£ 1.00', 'product_additionals': '£0.68/100g'}, 58.933333333333316, 0.11538461538461542), ({'shop': 'tesco', 'url': 'https://www.tesco.com/groceries/en-GB/products/307343245', 'product_name': 'Cadbury Dairy Milk Caramel Easter Egg 286G', 'product_price': '£ 5.00', 'product_additionals': '£1.75/100g'}, 134.16666666666663, 0.13043478260869568), ({'shop': 'tesco', 'url': 'https://www.tesco.com/groceries/en-GB/products/307145128', 'product_name': 'Cadbury Dairy Milk Caramel Nibbles Big Share Bag 242G', 'product_price': '£ 2.00', 'product_additionals': '£0.83/100g'}, 78.85000000000001, 0.10526315789473684), ({'shop': 'asda', 'url': 'https://groceries.asda.com/product/910001452094', 'product_name': 'Cadbury Dairy Milk Caramel Nibbles Chocolate Share Bag', 'product_price': '£1.00', 'product_additionals': '(83.3p/100g)'}, 8052.333333333335, 0.10344827586206895), ({'shop': 'asda', 'url': 'https://groceries.asda.com/product/910002819623', 'product_name': 'Cadbury Dairy Milk Chocolate Advent Calendar', 'product_price': '£1.50', 'product_additionals': '(£1.67/100g)'}, 133.6, 0.125), ({'shop': 'asda', 'url': 'https://groceries.asda.com/product/1000003092998', 'product_name': 'Cadbury Dairy Milk Chocolate Advent Calendar', 'product_price': '£3.00', 'product_additionals': '(£1.50/100g)'}, 120.0, 0.125), ({'shop': 'asda', 'url': 'https://groceries.asda.com/product/910000813175', 'product_name': 'Cadbury Dairy Milk Chocolate Bar', 'product_price': '£0.55', 'product_additionals': '(£1.22/100g)'}, 73.20000000000002, 0.16666666666666663), ({'shop': 'asda', 'url': 'https://groceries.asda.com/product/910001817488', 'product_name': 'Cadbury Dairy Milk Chocolate Bar', 'product_price': '£3.00', 'product_additionals': '(83.3p/100g)'}, 4998.000000000001, 0.16666666666666663), ({'shop': 'asda', 'url': 'https://groceries.asda.com/product/910001438778', 'product_name': 'Cadbury Dairy Milk Chocolate Bar', 'product_price': '£1.00', 'product_additionals': '(90.9p/100g)'}, 5454.000000000001, 0.16666666666666663), ({'shop': 'tesco', 'url': 'https://www.tesco.com/groceries/en-GB/products/273968548', 'product_name': 'Cadbury Dairy Milk Chocolate Bar 200G', 'product_price': '£ 1.80', 'product_additionals': '£0.90/100g'}, 61.49999999999999, 0.14634146341463417), ({'shop': 'tesco', 'url': 'https://www.tesco.com/groceries/en-GB/products/275027686', 'product_name': 'Cadbury Dairy Milk Chocolate Bar 360G', 'product_price': '£ 3.00', 'product_additionals': '£0.83/100g'}, 56.71666666666666, 0.14634146341463417), ({'shop': 'asda', 'url': 'https://groceries.asda.com/product/910001438257', 'product_name': 'Cadbury Dairy Milk Chocolate Bar 4 Pack', 'product_price': '£0.97', 'product_additionals': '(67.4p/100g)'}, 4830.333333333332, 0.13953488372093026), ({'shop': 'tesco', 'url': 'https://www.tesco.com/groceries/en-GB/products/304799113', 'product_name': 'Cadbury Dairy Milk Chocolate Buttons Dessert 85G', 'product_price': '£ 0.75', 'product_additionals': '£0.88/100g'}, 76.26666666666665, 0.11538461538461542), ({'shop': 'asda', 'url': 'https://groceries.asda.com/product/1000236571317', 'product_name': 'Cadbury Dairy Milk Chocolate Chunk Giftbox Stack', 'product_price': '£3.00', 'product_additionals': '(£1.20/100g)'}, 103.99999999999997, 0.11538461538461542), ({'shop': 'asda', 'url': 'https://groceries.asda.com/product/1000236571459', 'product_name': 'Cadbury Dairy Milk Chocolate Chunk Giftbox Stack', 'product_price': '£1.00', 'product_additionals': '(£1.04/100g)'}, 90.13333333333331, 0.11538461538461542), ({'shop': 'asda', 'url': 'https://groceries.asda.com/product/1000236571372', 'product_name': 'Cadbury Dairy Milk Chocolate Chunks Advent Calendar', 'product_price': '£4.00', 'product_additionals': '(£1.55/100g)'}, 142.0833333333333, 0.10909090909090913), ({'shop': 'asda', 'url': 'https://groceries.asda.com/product/1000216498425', 'product_name': 'Cadbury Dairy Milk Chocolate Chunks Tin', 'product_price': '£8.00', 'product_additionals': '(£1.11/100g)'}, 79.54999999999998, 0.13953488372093026), ({'shop': 'tesco', 'url': 'https://www.tesco.com/groceries/en-GB/products/304786474', 'product_name': 'Cadbury Dairy Milk Chocolate Daim Dessert 85G', 'product_price': '£ 0.75', 'product_additionals': '£0.88/100g'}, 71.86666666666666, 0.12244897959183676), ({'shop': 'tesco', 'url': 'https://www.tesco.com/groceries/en-GB/products/295065955', 'product_name': 'Cadbury Dairy Milk Chocolate Easter Hollow Bunny 100G', 'product_price': '£ 2.00', 'product_additionals': '£2.00/100g'}, 190.0, 0.10526315789473684), ({'shop': 'tesco', 'url': 'https://www.tesco.com/groceries/en-GB/products/295065932', 'product_name': 'Cadbury Dairy Milk Chocolate Easter Hollow Bunny 50G', 'product_price': '£ 1.00', 'product_additionals': '£2.00/100g'}, 186.66666666666674, 0.1071428571428571), ({'shop': 'tesco', 'url': 'https://www.tesco.com/groceries/en-GB/products/282073821', 'product_name': 'Cadbury Dairy Milk Chocolate Easter Hoppy Bunny Bar 100G', 'product_price': '£ 1.00', 'product_additionals': '£1.00/100g'}, 100.00000000000003, 0.09999999999999998), ({'shop': 'asda', 'url': 'https://groceries.asda.com/product/910000813099', 'product_name': 'Cadbury Dairy Milk Chocolate Sharing Bar', 'product_price': '£1.79', 'product_additionals': '(89.5p/100g)'}, 6563.333333333334, 0.13636363636363635), ({'shop': 'asda', 'url': 'https://groceries.asda.com/product/1000160202778', 'product_name': 'Cadbury Dairy Milk Chunks Chocolate Dessert', 'product_price': '£0.75', 'product_additionals': '(88.2p/100g)'}, 6909.000000000002, 0.12765957446808507), ({'shop': 'tesco', 'url': 'https://www.tesco.com/groceries/en-GB/products/304797426', 'product_name': 'Cadbury Dairy Milk Chunks Milk Chocolate Dessert 85G', 'product_price': '£ 0.75', 'product_additionals': '£0.88/100g'}, 82.13333333333338, 0.1071428571428571), ({'shop': 'asda', 'url': 'https://groceries.asda.com/product/1000236571488', 'product_name': 'Cadbury Dairy Milk Classic Collection Selection Box', 'product_price': '£4.00', 'product_additionals': '(93.0p/100g)'}, 8524.999999999996, 0.10909090909090913), ({'shop': 'asda', 'url': 'https://groceries.asda.com/product/1000236571482', 'product_name': 'Cadbury Dairy Milk Classics Mixed Chocolate Chunks Pouch Bag', 'product_price': '£3.00', 'product_additionals': '(85.7p/100g)'}, 9141.333333333334, 0.09375), ({'shop': 'tesco', 'url': 'https://www.tesco.com/groceries/en-GB/products/273626838', 'product_name': 'Cadbury Dairy Milk Crunchie Bit Chocolate Bar 200G', 'product_price': '£ 1.80', 'product_additionals': '£0.90/100g'}, 80.99999999999996, 0.11111111111111116), ({'shop': 'asda', 'url': 'https://groceries.asda.com/product/1000216902774', 'product_name': 'Cadbury Dairy Milk Daim Chocolate Dessert', 'product_price': '£0.75', 'product_additionals': '(88.2p/100g)'}, 6615.000000000002, 0.1333333333333333), ({'shop': 'asda', 'url': 'https://groceries.asda.com/product/1000236571375', 'product_name': 'Cadbury Dairy Milk Daim Little Chocolate Robins Bag', 'product_price': '£1.00', 'product_additionals': '(£1.14/100g)'}, 104.49999999999997, 0.10909090909090913), ({'shop': 'tesco', 'url': 'https://www.tesco.com/groceries/en-GB/products/307362631', 'product_name': 'Cadbury Dairy Milk Daim Mini Eggs 77G', 'product_price': '£ 1.00', 'product_additionals': '£1.30/100g'}, 88.83333333333333, 0.14634146341463417), ({'shop': 'tesco', 'url': 'https://www.tesco.com/groceries/en-GB/products/291159338', 'product_name': 'Cadbury Dairy Milk Duo 65G (P)', 'product_price': '£ 0.80', 'product_additionals': '£12.31/kg'}, 69.75666666666666, 0.17647058823529416), ({'shop': 'tesco', 'url': 'https://www.tesco.com/groceries/en-GB/products/307352833', 'product_name': 'Cadbury Dairy Milk Easter Egg 286G', 'product_price': '£ 5.00', 'product_additionals': '£1.75/100g'}, 110.8333333333333, 0.1578947368421053), ({'shop': 'tesco', 'url': 'https://www.tesco.com/groceries/en-GB/products/307353262', 'product_name': 'Cadbury Dairy Milk Easter Egg Marvellous Creations 246G', 'product_price': '£ 3.00', 'product_additionals': '£1.22/100g'}, 119.96666666666671, 0.10169491525423724), ({'shop': 'tesco', 'url': 'https://www.tesco.com/groceries/en-GB/products/307339019', 'product_name': 'Cadbury Dairy Milk Egg & Spoon Oreo 128G', 'product_price': '£ 2.00', 'product_additionals': '£1.57/100g'}, 115.13333333333334, 0.13636363636363635), ({'shop': 'tesco', 'url': 'https://www.tesco.com/groceries/en-GB/products/263070686', 'product_name': 'Cadbury Dairy Milk Egg Heads Easter Egg 77G', 'product_price': '£ 1.00', 'product_additionals': '£1.30/100g'}, 101.83333333333336, 0.12765957446808507), ({'shop': 'tesco', 'url': 'https://www.tesco.com/groceries/en-GB/products/265923654', 'product_name': 'Cadbury Dairy Milk Extra Large Easter Egg 515G', 'product_price': '£ 10.00', 'product_additionals': '£1.95/100g'}, 162.5, 0.12), ({'shop': 'tesco', 'url': 'https://www.tesco.com/groceries/en-GB/products/307337996', 'product_name': 'Cadbury Dairy Milk Fingers Biscuits 189G', 'product_price': '£ 2.00', 'product_additionals': '£1.06/100g'}, 77.73333333333333, 0.13636363636363635), ({'shop': 'tesco', 'url': 'https://www.tesco.com/groceries/en-GB/products/292215311', 'product_name': 'Cadbury Dairy Milk Flake Chocolate Bars X9 180G', 'product_price': '£ 2.00', 'product_additionals': '£1.12/100g'}, 95.19999999999997, 0.11764705882352944), ({'shop': 'tesco', 'url': 'https://www.tesco.com/groceries/en-GB/products/271614896', 'product_name': 'Cadbury Dairy Milk Freddo 6 Bars 108G', 'product_price': '£ 1.00', 'product_additionals': '£0.93/100g'}, 63.55, 0.14634146341463417), ({'shop': 'asda', 'url': 'https://groceries.asda.com/product/1000001956353', 'product_name': 'Cadbury Dairy Milk Freddo Caramel Chocolate Bar', 'product_price': '£0.25', 'product_additionals': '(£1.28/100g)'}, 108.79999999999998, 0.11764705882352944), ({'shop': 'asda', 'url': 'https://groceries.asda.com/product/910003106423', 'product_name': 'Cadbury Dairy Milk Freddo Chocolate Bar', 'product_price': '£0.25', 'product_additionals': '(£1.39/100g)'}, 99.61666666666665, 0.13953488372093026), ({'shop': 'asda', 'url': 'https://groceries.asda.com/product/910000420010', 'product_name': 'Cadbury Dairy Milk Freddo Chocolate Bar 6 Pack', 'product_price': '£1.00', 'product_additionals': '(92.6p/100g)'}, 7716.666666666667, 0.12), ({'shop': 'asda', 'url': 'https://groceries.asda.com/product/1000236571342', 'product_name': 'Cadbury Dairy Milk Freddo Chocolate Selection Box', 'product_price': '£1.50', 'product_additionals': '(£1.11/100g)'}, 98.05000000000003, 0.1132075471698113), ({'shop': 'asda', 'url': 'https://groceries.asda.com/product/910001484465', 'product_name': 'Cadbury Dairy Milk Freddo Faces Chocolate Tube', 'product_price': '£1.00', 'product_additionals': '(£1.39/100g)'}, 115.83333333333334, 0.12), ({'shop': 'tesco', 'url': 'https://www.tesco.com/groceries/en-GB/products/291244675', 'product_name': 'Cadbury Dairy Milk Freddo Faces Medium Easter Egg 122G', 'product_price': '£ 1.00', 'product_additionals': '£0.82/100g'}, 79.26666666666667, 0.10344827586206895), ({'shop': 'asda', 'url': 'https://groceries.asda.com/product/1000236571352', 'product_name': 'Cadbury Dairy Milk Freddo Little Treasures Chocolate Tin', 'product_price': '£3.00', 'product_additionals': '(£3.61/100g)'}, 361.0000000000001, 0.09999999999999998), ({'shop': 'asda', 'url': 'https://groceries.asda.com/product/1000107814032', 'product_name': 'Cadbury Dairy Milk Freddo Treasures Chocolate with Toy', 'product_price': '£0.65', 'product_additionals': '(£4.51/100g)'}, 435.96666666666675, 0.10344827586206895), ({'shop': 'asda', 'url': 'https://groceries.asda.com/product/1000236571360', 'product_name': 'Cadbury Dairy Milk Freddo White Treasures Chocolate Carton', 'product_price': '£0.75', 'product_additionals': '(90.4p/100g)'}, 9341.33333333333, 0.09677419354838712), ({'shop': 'asda', 'url': 'https://groceries.asda.com/product/910000813097', 'product_name': 'Cadbury Dairy Milk Fruit & Nut Chocolate Bar', 'product_price': '£1.79', 'product_additionals': '(89.5p/100g)'}, 7160.0, 0.125), ({'shop': 'tesco', 'url': 'https://www.tesco.com/groceries/en-GB/products/293597030', 'product_name': 'Cadbury Dairy Milk Fruit & Nut Chocolate Bar 110G', 'product_price': '£ 0.98', 'product_additionals': '£0.89/100g'}, 78.61666666666669, 0.1132075471698113), ({'shop': 'tesco', 'url': 'https://www.tesco.com/groceries/en-GB/products/307136116', 'product_name': 'Cadbury Dairy Milk Fruit & Nut Easter Egg 302G', 'product_price': '£ 5.00', 'product_additionals': '£1.66/100g'}, 138.33333333333334, 0.12), ({'shop': 'asda', 'url': 'https://groceries.asda.com/product/910002627704', 'product_name': 'Cadbury Dairy Milk Fruit and Nut Chocolate Bar', 'product_price': '£1.00', 'product_additionals': '(90.9p/100g)'}, 7575.0, 0.12), ({'shop': 'tesco', 'url': 'https://www.tesco.com/groceries/en-GB/products/285383766', 'product_name': 'Cadbury Dairy Milk Giant Buttons 119G', 'product_price': '£ 1.00', 'product_additionals': '£0.84/100g'}, 57.39999999999999, 0.14634146341463417), ({'shop': 'asda', 'url': 'https://groceries.asda.com/product/910001452441', 'product_name': 'Cadbury Dairy Milk Giant Buttons Chocolate Share Bag', 'product_price': '£0.98', 'product_additionals': '(82.3p/100g)'}, 7681.333333333337, 0.1071428571428571), ({'shop': 'asda', 'url': 'https://groceries.asda.com/product/1000169694811', 'product_name': 'Cadbury Dairy Milk Gingerbread Chocolate Bar', 'product_price': '£1.00', 'product_additionals': '(83.3p/100g)'}, 6664.0, 0.125), ({'shop': 'asda', 'url': 'https://groceries.asda.com/product/910002053038', 'product_name': 'Cadbury Dairy Milk Golden Crisp', 'product_price': '£1.00', 'product_additionals': '(£1.85/100g)'}, 107.91666666666663, 0.17142857142857149), ({'shop': 'asda', 'url': 'https://groceries.asda.com/product/1000236571380', 'product_name': 'Cadbury Dairy Milk Jingly Bells Hazelnut Creme Chocolate Bag', 'product_price': '£1.00', 'product_additionals': '(£1.22/100g)'}, 130.13333333333333, 0.09375), ({'shop': 'asda', 'url': 'https://groceries.asda.com/product/910002112474', 'product_name': 'Cadbury Dairy Milk Little Bars Chocolate 6 Pack', 'product_price': '£1.00', 'product_additionals': '(92.6p/100g)'}, 7870.999999999998, 0.11764705882352944), ({'shop': 'asda', 'url': 'https://groceries.asda.com/product/910002112470', 'product_name': 'Cadbury Dairy Milk Little Chocolate Bar', 'product_price': '£0.25', 'product_additionals': '(£1.39/100g)'}, 99.61666666666665, 0.13953488372093026), ({'shop': 'asda', 'url': 'https://groceries.asda.com/product/1000236571491', 'product_name': 'Cadbury Dairy Milk Little Chocolate Robins Bag', 'product_price': '£1.00', 'product_additionals': '(£1.14/100g)'}, 95.0, 0.12), ({'shop': 'tesco', 'url': 'https://www.tesco.com/groceries/en-GB/products/277746822', 'product_name': 'Cadbury Dairy Milk Marvellous Creations Jelly Candy Bar 47G', 'product_price': '£ 0.60', 'product_additionals': '£1.28/100g'}, 134.4, 0.09523809523809523), ({'shop': 'asda', 'url': 'https://groceries.asda.com/product/910002112245', 'product_name': 'Cadbury Dairy Milk Marvellous Smashables Jelly Popping Chocolate Bar', 'product_price': '£1.79', 'product_additionals': '(99.4p/100g)'}, 11927.999999999995, 0.08333333333333337), ({'shop': 'tesco', 'url': 'https://www.tesco.com/groceries/en-GB/products/307145693', 'product_name': 'Cadbury Dairy Milk Mini Eggs Eggs 77G', 'product_price': '£ 1.00', 'product_additionals': '£1.30/100g'}, 88.83333333333333, 0.14634146341463417), ({'shop': 'asda', 'url': 'https://groceries.asda.com/product/910002053589', 'product_name': 'Cadbury Dairy Milk Mint Crisp', 'product_price': '£1.00', 'product_additionals': '(£1.85/100g)'}, 101.74999999999997, 0.18181818181818188), ({'shop': 'tesco', 'url': 'https://www.tesco.com/groceries/en-GB/products/306939406', 'product_name': 'Cadbury Dairy Milk Orange Giant Buttons 110G', 'product_price': '£ 1.00', 'product_additionals': '£0.91/100g'}, 72.8, 0.125), ({'shop': 'tesco', 'url': 'https://www.tesco.com/groceries/en-GB/products/307339406', 'product_name': 'Cadbury Dairy Milk Orange Giant Buttons Easter Egg 410G', 'product_price': '£ 10.00', 'product_additionals': '£2.44/100g'}, 239.93333333333342, 0.10169491525423724), ({'shop': 'tesco', 'url': 'https://www.tesco.com/groceries/en-GB/products/307341587', 'product_name': 'Cadbury Dairy Milk Oreo Easter Egg 233G', 'product_price': '£ 3.00', 'product_additionals': '£1.29/100g'}, 92.44999999999999, 0.13953488372093026), ({'shop': 'tesco', 'url': 'https://www.tesco.com/groceries/en-GB/products/307736656', 'product_name': 'Cadbury Dairy Milk Oreo Mini Eggs 72G', 'product_price': '£ 1.00', 'product_additionals': '£1.39/100g'}, 94.98333333333332, 0.14634146341463417), ({'shop': 'tesco', 'url': 'https://www.tesco.com/groceries/en-GB/products/307356760', 'product_name': 'Cadbury Dairy Milk Peter Rabbit Easter Egg 100G', 'product_price': '£ 10.00', 'product_additionals': '£10.00/100g'}, 849.9999999999998, 0.11764705882352944), ({'shop': 'tesco', 'url': 'https://www.tesco.com/groceries/en-GB/products/307342102', 'product_name': 'Cadbury Dairy Milk Peter Rabbit Egg 72G', 'product_price': '£ 6.00', 'product_additionals': '£8.34/100g'}, 597.6999999999999, 0.13953488372093026), ({'shop': 'tesco', 'url': 'https://www.tesco.com/groceries/en-GB/products/304787299', 'product_name': 'Cadbury Dairy Milk Pot Of Joy Caramel Dessert 4Pack 260G', 'product_price': '£ 2.00', 'product_additionals': '£0.77/100g'}, 77.00000000000001, 0.09999999999999998), ({'shop': 'tesco', 'url': 'https://www.tesco.com/groceries/en-GB/products/304787686', 'product_name': 'Cadbury Dairy Milk Pots Of Joy Chocolate Dessert 4Pack 260G', 'product_price': '£ 2.00', 'product_additionals': '£0.77/100g'}, 80.85000000000001, 0.09523809523809523), ({'shop': 'asda', 'url': 'https://groceries.asda.com/product/1000236571485', 'product_name': 'Cadbury Dairy Milk Small Chocolate Selection Pack', 'product_price': '£0.89', 'product_additionals': '(£1.00/100g)'}, 88.33333333333336, 0.1132075471698113), ({'shop': 'asda', 'url': 'https://groceries.asda.com/product/910002053147', 'product_name': 'Cadbury Dairy Milk Tiffin', 'product_price': '£1.00', 'product_additionals': '(£1.89/100g)'}, 91.35000000000001, 0.2068965517241379), ({'shop': 'tesco', 'url': 'https://www.tesco.com/groceries/en-GB/products/292215294', 'product_name': 'Cadbury Dairy Milk Twirl Chocolate Bars X11 236.5G', 'product_price': '£ 2.00', 'product_additionals': '£0.85/100g'}, 76.49999999999997, 0.11111111111111116), ({'shop': 'tesco', 'url': 'https://www.tesco.com/groceries/en-GB/products/307361528', 'product_name': 'Cadbury Dairy Milk Ultimate Chopped Nut Easter Egg 518G', 'product_price': '£ 12.00', 'product_additionals': '£2.32/100g'}, 228.13333333333344, 0.10169491525423724), ({'shop': 'asda', 'url': 'https://groceries.asda.com/product/910000813043', 'product_name': 'Cadbury Dairy Milk Whole Nut Chocolate Bar', 'product_price': '£1.79', 'product_additionals': '(89.5p/100g)'}, 6861.666666666665, 0.13043478260869568), ({'shop': 'asda', 'url': 'https://groceries.asda.com/product/910000813156', 'product_name': 'Cadbury Dairy Milk Whole Nut Chocolate Bar', 'product_price': '£1.00', 'product_additionals': '(83.3p/100g)'}, 6386.333333333332, 0.13043478260869568), ({'shop': 'tesco', 'url': 'https://www.tesco.com/groceries/en-GB/products/275523231', 'product_name': 'Cadbury Dairy Milk Whole Nut Chocolate Bar 120G', 'product_price': '£ 0.98', 'product_additionals': '£0.82/100g'}, 69.69999999999997, 0.11764705882352944), ({'shop': 'asda', 'url': 'https://groceries.asda.com/product/910001148445', 'product_name': 'Cadbury Dairy Milk Winter Wonderland Chocolate Bar', 'product_price': '£1.00', 'product_additionals': '(£1.00/100g)'}, 89.99999999999996, 0.11111111111111116), ({'shop': 'tesco', 'url': 'https://www.tesco.com/groceries/en-GB/products/292286433', 'product_name': 'Cadbury Dairy Milk Wispa Bar 36G', 'product_price': '£ 0.60', 'product_additionals': '£1.67/100g'}, 100.20000000000002, 0.16666666666666663), ({'shop': 'asda', 'url': 'https://groceries.asda.com/product/910001139724', 'product_name': 'Cadbury Dairy Milk with Daim Chocolate Bar', 'product_price': '£1.00', 'product_additionals': '(83.3p/100g)'}, 6386.333333333332, 0.13043478260869568), ({'shop': 'asda', 'url': 'https://groceries.asda.com/product/910002489803', 'product_name': 'Cadbury Dairy Milk with Oreo Chocolate Bar', 'product_price': '£0.60', 'product_additionals': '(£1.46/100g)'}, 111.93333333333331, 0.13043478260869568), ({'shop': 'tesco', 'url': 'https://www.tesco.com/groceries/en-GB/products/301065629', 'product_name': 'Cadbury Dark Milk 85G', 'product_price': '£ 1.50', 'product_additionals': '£1.77/100g'}, 73.75, 0.24), ({'shop': 'asda', 'url': 'https://groceries.asda.com/product/1000107814073', 'product_name': 'Cadbury Dark Milk Almond Chocolate Bar', 'product_price': '£1.00', 'product_additionals': '(£1.18/100g)'}, 82.60000000000004, 0.1428571428571428), ({'shop': 'tesco', 'url': 'https://www.tesco.com/groceries/en-GB/products/303836642', 'product_name': 'Cadbury Dark Milk Chocolate 35G', 'product_price': '£ 0.60', 'product_additionals': '£1.72/100g'}, 100.3333333333333, 0.17142857142857149), ({'shop': 'asda', 'url': 'https://groceries.asda.com/product/1000107814029', 'product_name': 'Cadbury Dark Milk Chocolate Bar', 'product_price': '£1.00', 'product_additionals': '(£1.18/100g)'}, 68.83333333333331, 0.17142857142857149), ({'shop': 'tesco', 'url': 'https://www.tesco.com/groceries/en-GB/products/307142379', 'product_name': 'Cadbury Dark Milk Multipack 4Pack 112G', 'product_price': '£ 1.00', 'product_additionals': '£0.89/100g'}, 62.30000000000003, 0.1428571428571428), ({'shop': 'tesco', 'url': 'https://www.tesco.com/groceries/en-GB/products/303670831', 'product_name': 'Cadbury Dark Milk Salted Caramel 85G', 'product_price': '£ 1.50', 'product_additionals': '£1.77/100g'}, 117.99999999999997, 0.15000000000000002), ({'shop': 'asda', 'url': 'https://groceries.asda.com/product/1000107814079', 'product_name': 'Cadbury Dark Milk Salted Caramel Chocolate Bar', 'product_price': '£1.00', 'product_additionals': '(£1.18/100g)'}, 98.33333333333334, 0.12), ({'shop': 'asda', 'url': 'https://groceries.asda.com/product/1000107814008', 'product_name': 'Cadbury Darkmilk Chocolate Bar', 'product_price': '£0.55', 'product_additionals': '(£1.57/100g)'}, 66.72499999999998, 0.23529411764705888), ({'shop': 'asda', 'url': 'https://groceries.asda.com/product/1000247072373', 'product_name': 'Cadbury Darkmilk Chocolate Bars 4 Pack', 'product_price': '£1.00', 'product_additionals': '(89.3p/100g)'}, 4688.25, 0.19047619047619047), ({'shop': 'tesco', 'url': 'https://www.tesco.com/groceries/en-GB/products/308101790', 'product_name': 'Cadbury Darkmilk Chocolate Layered Dessert 2Pack 180G', 'product_price': '£ 1.30', 'product_additionals': '£0.72/100g'}, 51.300000000000004, 0.14035087719298245), ({'shop': 'asda', 'url': 'https://groceries.asda.com/product/1000196324556', 'product_name': 'Cadbury Darkmilk Crunchy Cocoa Pieces Chocolate Bar', 'product_price': '£1.00', 'product_additionals': '(£1.18/100g)'}, 81.12499999999997, 0.1454545454545455), ({'shop': 'tesco', 'url': 'https://www.tesco.com/groceries/en-GB/products/305977517', 'product_name': 'Cadbury Darkmilk Giant Buttons 105G', 'product_price': '£ 1.00', 'product_additionals': '£0.95/100g'}, 46.312500000000014, 0.20512820512820507), ({'shop': 'asda', 'url': 'https://groceries.asda.com/product/1000197281169', 'product_name': 'Cadbury Darkmilk Giant Buttons Chocolate Bag', 'product_price': '£1.00', 'product_additionals': '(95.2p/100g)'}, 5712.000000000001, 0.16666666666666663), ({'shop': 'tesco', 'url': 'https://www.tesco.com/groceries/en-GB/products/271650783', 'product_name': 'Cadbury Fair Trade Dairy Milk Little Bar 21G', 'product_price': '£ 0.26', 'product_additionals': '£1.24/100g'}, 99.2, 0.125), ({'shop': 'tesco', 'url': 'https://www.tesco.com/groceries/en-GB/products/284384444', 'product_name': 'Cadbury Fingers Milk Chocolate 114G', 'product_price': '£ 1.50', 'product_additionals': '£1.32/100g'}, 85.8, 0.15384615384615385), ({'shop': 'tesco', 'url': 'https://www.tesco.com/groceries/en-GB/products/304797271', 'product_name': 'Cadbury Flake Milk Chocolate Dessert 85G', 'product_price': '£ 0.75', 'product_additionals': '£0.88/100g'}, 64.53333333333335, 0.13636363636363635), ({'shop': 'asda', 'url': 'https://groceries.asda.com/product/1000246258482', 'product_name': 'Cadbury Fudge Milk Chocolate Bar', 'product_price': '£0.25', 'product_additionals': '(£1.14/100g)'}, 68.40000000000002, 0.16666666666666663), ({'shop': 'asda', 'url': 'https://groceries.asda.com/product/1000018796226', 'product_name': 'Cadbury Highlights Milk Hot Chocolate', 'product_price': '£3.99', 'product_additionals': '(£1.81/100g)'}, 123.68333333333332, 0.14634146341463417), ({'shop': 'tesco', 'url': 'https://www.tesco.com/groceries/en-GB/products/273566384', 'product_name': 'Cadbury Highlights Milk Stickpack11g', 'product_price': '£ 0.32', 'product_additionals': '£2.91/100g'}, 193.99999999999997, 0.15000000000000002), ({'shop': 'asda', 'url': 'https://groceries.asda.com/product/1000094101717', 'product_name': 'Cadbury Milk Chocolate and Oreo Tree Decorations 14 Pack', 'product_price': '£2.50', 'product_additionals': '(£1.84/100g)'}, 184.00000000000003, 0.09999999999999998), ({'shop': 'tesco', 'url': 'https://www.tesco.com/groceries/en-GB/products/307147005', 'product_name': 'Cadbury Milk Chocolate Giant Buttons Share Bag 240G', 'product_price': '£ 2.00', 'product_additionals': '£0.83/100g'}, 76.08333333333331, 0.10909090909090913), ({'shop': 'tesco', 'url': 'https://www.tesco.com/groceries/en-GB/products/306927207', 'product_name': 'Cadbury Milk Chocolate Orange Fingers 114G', 'product_price': '£ 1.55', 'product_additionals': '£1.36/100g'}, 104.26666666666665, 0.13043478260869568), ({'shop': 'tesco', 'url': 'https://www.tesco.com/groceries/en-GB/products/286581530', 'product_name': 'Cadbury Milk Chocolate Puddings 2X95g', 'product_price': '£ 1.50', 'product_additionals': '£7.90/kg'}, 53.98333333333333, 0.14634146341463417), ({'shop': 'asda', 'url': 'https://groceries.asda.com/product/910002235262', 'product_name': 'Cadbury Milk Chocolate Spread', 'product_price': '£3.00', 'product_additionals': '(42.9p/100g)'}, 2359.499999999999, 0.18181818181818188), ({'shop': 'asda', 'url': 'https://groceries.asda.com/product/910000464913', 'product_name': 'Cadbury Milk Chocolate Tree Decorations 9 Pack', 'product_price': '£1.50', 'product_additionals': '(£1.79/100g)'}, 149.16666666666666, 0.12), ({'shop': 'tesco', 'url': 'https://www.tesco.com/groceries/en-GB/products/290504888', 'product_name': 'Cadbury Milk Tray Boxed Chocolates 360G', 'product_price': '£ 4.00', 'product_additionals': '£1.12/100g'}, 80.26666666666665, 0.13953488372093026), ({'shop': 'asda', 'url': 'https://groceries.asda.com/product/910002052812', 'product_name': 'Cadbury Milk Tray Chocolate Box', 'product_price': '£3.00', 'product_additionals': '(83.3p/100g)'}, 4859.166666666665, 0.17142857142857149), ({'shop': 'asda', 'url': 'https://groceries.asda.com/product/910002052877', 'product_name': 'Cadbury Milk Tray Chocolate Box', 'product_price': '£1.00', 'product_additionals': '(£1.28/100g)'}, 74.66666666666664, 0.17142857142857149), ({'shop': 'asda', 'url': 'https://groceries.asda.com/product/1000160202684', 'product_name': 'Cadbury Pots of Joy Dairy Milk Caramel Dessert', 'product_price': '£2.00', 'product_additionals': '(76.9p/100g)'}, 6408.333333333334, 0.12), ({'shop': 'asda', 'url': 'https://groceries.asda.com/product/1000160202768', 'product_name': 'Cadbury Pots of Joy Dairy Milk Chocolate Dessert', 'product_price': '£2.00', 'product_additionals': '(76.9p/100g)'}, 6664.666666666664, 0.11538461538461542), ({'shop': 'tesco', 'url': 'https://www.tesco.com/groceries/en-GB/products/306660176', 'product_name': 'Cadbury Roundie Milk Chocolate Biscuit 180G', 'product_price': '£ 1.99', 'product_additionals': '£1.11/100g'}, 86.95000000000002, 0.12765957446808507), ({'shop': 'asda', 'url': 'https://groceries.asda.com/product/1000214684777', 'product_name': 'Cadbury Roundie Milk Chocolate Biscuits 6 Pack', 'product_price': '£1.99', 'product_additionals': '(£1.11/100g)'}, 92.5, 0.12), ({'shop': 'tesco', 'url': 'https://www.tesco.com/groceries/en-GB/products/295375571', 'product_name': 'Cake Decor Choco Writer Milk Chocolate 80G', 'product_price': '£ 1.50', 'product_additionals': '£1.88/100g'}, 144.13333333333333, 0.13043478260869568), ({'shop': 'asda', 'url': 'https://groceries.asda.com/product/1905507', 'product_name': 'Carnation Condensed Milk', 'product_price': '£1.39', 'product_additionals': '(35.0p/100g)'}, 1633.3333333333333, 0.2142857142857143), ({'shop': 'asda', 'url': 'https://groceries.asda.com/product/19432', 'product_name': 'Carnation Evaporated Milk', 'product_price': '£1.10', 'product_additionals': '(26.8p/100g)'}, 1295.3333333333335, 0.2068965517241379), ({'shop': 'asda', 'url': 'https://groceries.asda.com/product/19431', 'product_name': 'Carnation Evaporated Milk', 'product_price': '£0.70', 'product_additionals': '(41.2p/100g)'}, 1991.3333333333337, 0.2068965517241379), ({'shop': 'tesco', 'url': 'https://www.tesco.com/groceries/en-GB/products/254902431', 'product_name': 'Carnation Evaporated Milk 170G', 'product_price': '£ 0.70', 'product_additionals': '£4.12/kg'}, 23.34666666666666, 0.17647058823529416), ({'shop': 'tesco', 'url': 'https://www.tesco.com/groceries/en-GB/products/254902477', 'product_name': 'Carnation Evaporated Milk 410G-14.5 Oz Can', 'product_price': '£ 1.00', 'product_additionals': '£2.44/kg'}, 18.706666666666663, 0.13043478260869568), ({'shop': 'asda', 'url': 'https://groceries.asda.com/product/1905509', 'product_name': 'Carnation Light Condensed Milk', 'product_price': '£1.39', 'product_additionals': '(34.3p/100g)'}, 1943.6666666666663, 0.17647058823529416), ({'shop': 'tesco', 'url': 'https://www.tesco.com/groceries/en-GB/products/258049553', 'product_name': 'Carnation Light Condensed Milk 405G', 'product_price': '£ 1.39', 'product_additionals': '£3.44/kg'}, 22.36, 0.15384615384615385), ({'shop': 'tesco', 'url': 'https://www.tesco.com/groceries/en-GB/products/252395497', 'product_name': 'Carnation Light Evaporated Milk 410G', 'product_price': '£ 1.00', 'product_additionals': '£2.44/kg'}, 16.266666666666662, 0.15000000000000002), ({'shop': 'tesco', 'url': 'https://www.tesco.com/groceries/en-GB/products/258050084', 'product_name': 'Carnation Sweetened Condensed Milk 397G', 'product_price': '£ 1.39', 'product_additionals': '£3.51/kg'}, 25.154999999999994, 0.13953488372093026), ({'shop': 'tesco', 'url': 'https://www.tesco.com/groceries/en-GB/products/307332650', 'product_name': 'Carnation Vegan Condensed Milk Alternative 370G', 'product_price': '£ 1.70', 'product_additionals': '£4.60/kg'}, 39.09999999999999, 0.11764705882352944), ({'shop': 'tesco', 'url': 'https://www.tesco.com/groceries/en-GB/products/287230737', 'product_name': 'Celebrations Large Milk Chocolate Easter Egg & Chocolates 248G', 'product_price': '£ 3.00', 'product_additionals': '£1.21/100g'}, 133.09999999999997, 0.09090909090909094), ({'shop': 'tesco', 'url': 'https://www.tesco.com/groceries/en-GB/products/304793718', 'product_name': 'Celebrations Milk Chocolate Egg With 14 Mini Chocolates 305G', 'product_price': '£ 5.00', 'product_additionals': '£1.64/100g'}, 174.9333333333333, 0.09375), ({'shop': 'asda', 'url': 'https://groceries.asda.com/product/1000210856879', 'product_name': 'Costa Dolce Gusto Compatible Signature Blend Latte 8 Milk & 8 Coffee Pods', 'product_price': '£4.50', 'product_additionals': '(£1.59/100g)'}, 153.03749999999997, 0.10389610389610393), ({'shop': 'tesco', 'url': 'https://www.tesco.com/groceries/en-GB/products/301359789', 'product_name': 'Cow & Gate 1 First Milk Powder 800G', 'product_price': '£ 8.00', 'product_additionals': '£1.00/100g'}, 65.0, 0.15384615384615385), ({'shop': 'tesco', 'url': 'https://www.tesco.com/groceries/en-GB/products/301359806', 'product_name': 'Cow & Gate 2 Follow On Milk Powder 800G', 'product_price': '£ 8.00', 'product_additionals': '£1.00/100g'}, 71.66666666666666, 0.13953488372093026), ({'shop': 'tesco', 'url': 'https://www.tesco.com/groceries/en-GB/products/301359829', 'product_name': 'Cow & Gate 3 Growing Up Milk Powder 1+Yrs 800G', 'product_price': '£ 8.00', 'product_additionals': '£1.00/100g'}, 83.33333333333334, 0.12), ({'shop': 'tesco', 'url': 'https://www.tesco.com/groceries/en-GB/products/268739729', 'product_name': 'Cow & Gate 4 Growing Up Milk Powder 2+ Years 800G', 'product_price': '£ 8.00', 'product_additionals': '£10.00/kg'}, 88.33333333333336, 0.1132075471698113), ({'shop': 'tesco', 'url': 'https://www.tesco.com/groceries/en-GB/products/301359864', 'product_name': 'Cow & Gate Anti Reflux Milk Powder 800G', 'product_price': '£ 10.50', 'product_additionals': '£1.32/100g'}, 94.59999999999998, 0.13953488372093026), ({'shop': 'tesco', 'url': 'https://www.tesco.com/groceries/en-GB/products/301359887', 'product_name': 'Cow & Gate Comfort Milk Powder 800G', 'product_price': '£ 10.50', 'product_additionals': '£1.32/100g'}, 64.35000000000002, 0.20512820512820507), ({'shop': 'tesco', 'url': 'https://www.tesco.com/groceries/en-GB/products/305732122', 'product_name': 'Cow & Gate First Infant Milk 1.2Kg Big Pack', 'product_price': '£ 11.00', 'product_additionals': '£9.17/kg'}, 71.83166666666669, 0.12765957446808507), ({'shop': 'tesco', 'url': 'https://www.tesco.com/groceries/en-GB/products/305733576', 'product_name': 'Cow & Gate Follow On Milk 6-12 Months 1.2Kg', 'product_price': '£ 11.00', 'product_additionals': '£9.17/kg'}, 71.83166666666669, 0.12765957446808507), ({'shop': 'tesco', 'url': 'https://www.tesco.com/groceries/en-GB/products/301359841', 'product_name': 'Cow & Gate Hungry Milk Powder 800G', 'product_price': '£ 8.00', 'product_additionals': '£1.00/100g'}, 63.333333333333314, 0.1578947368421053), ({'shop': 'asda', 'url': 'https://groceries.asda.com/product/1000235769319', 'product_name': 'Dairy Box Milk Chocolate Box', 'product_price': '£4.00', 'product_additionals': '(£1.11/100g)'}, 59.199999999999996, 0.1875), ({'shop': 'tesco', 'url': 'https://www.tesco.com/groceries/en-GB/products/307164537', 'product_name': 'Dairy Box Milk Chocolate Classic Collection 360G', 'product_price': '£ 4.00', 'product_additionals': '£1.12/100g'}, 97.06666666666663, 0.11538461538461542), ({'shop': 'asda', 'url': 'https://groceries.asda.com/product/1000118028700', 'product_name': 'Dairylea Snackers Cheese & Crackers with Cadbury Dairy Milk Giant Buttons', 'product_price': '£1.55', 'product_additionals': '(£21.29/kg)'}, 273.2216666666666, 0.07792207792207795), ({'shop': 'asda', 'url': 'https://groceries.asda.com/product/910000202645', 'product_name': 'Desi Wholemilk Natural Yogurt', 'product_price': '£0.67', 'product_additionals': '(15.8p/100g)'}, 651.75, 0.24242424242424243), ({'shop': 'tesco', 'url': 'https://www.tesco.com/groceries/en-GB/products/273714423', 'product_name': 'Dr Oetker Fine Cooks Chocolate Milk 150G', 'product_price': '£ 1.70', 'product_additionals': '£1.14/100g'}, 83.60000000000001, 0.13636363636363635), ({'shop': 'tesco', 'url': 'https://www.tesco.com/groceries/en-GB/products/302142554', 'product_name': 'Dr Oetker Jumbo Milk Chocolate Chips 125G', 'product_price': '£ 1.60', 'product_additionals': '£1.28/100g'}, 71.99999999999999, 0.1777777777777778), ({'shop': 'tesco', 'url': 'https://www.tesco.com/groceries/en-GB/products/271189367', 'product_name': 'Dr Oetker Milk Chocolate Chunks 100G', 'product_price': '£ 1.60', 'product_additionals': '£1.60/100g'}, 106.66666666666666, 0.15000000000000002), ({'shop': 'asda', 'url': 'https://groceries.asda.com/product/910000887223', 'product_name': 'Dr. Moo Quick Chocolate Milk Magic Sipper', 'product_price': '£1.00', 'product_additionals': '(£1.67/100g)'}, 125.25000000000003, 0.1333333333333333), ({'shop': 'asda', 'url': 'https://groceries.asda.com/product/910000886985', 'product_name': 'Dr. Moo Quick Strawberry Milk Magic Sipper', 'product_price': '£1.00', 'product_additionals': '(£1.67/100g)'}, 128.0333333333333, 0.13043478260869568), ({'shop': 'asda', 'url': 'https://groceries.asda.com/product/910000409509', 'product_name': 'Dr. Oetker 35% Milk Chocolate Bar', 'product_price': '£1.69', 'product_additionals': '(£1.13/100g)'}, 69.68333333333334, 0.16216216216216217), ({'shop': 'asda', 'url': 'https://groceries.asda.com/product/1000249319157', 'product_name': 'Dr. Oetker Milk Chocolate', 'product_price': '£1.79', 'product_additionals': '(£1.19/100g)'}, 57.51666666666668, 0.2068965517241379), ({'shop': 'asda', 'url': 'https://groceries.asda.com/product/910001155954', 'product_name': 'Dr. Oetker Milk Chocolate Chunks', 'product_price': '£1.59', 'product_additionals': '(£1.59/100g)'}, 95.40000000000002, 0.16666666666666663), ({'shop': 'asda', 'url': 'https://groceries.asda.com/product/1000249319261', 'product_name': 'Dr. Oetker Milk Chocolate Drops', 'product_price': '£1.79', 'product_additionals': '(£1.19/100g)'}, 69.41666666666664, 0.17142857142857149), ({'shop': 'asda', 'url': 'https://groceries.asda.com/product/1000046667771', 'product_name': "Dunn's River Nurishment Original Milk Drink Vanilla Flavour", 'product_price': '£1.40', 'product_additionals': '(35.0p/100g)'}, 2756.25, 0.12698412698412698), ({'shop': 'asda', 'url': 'https://groceries.asda.com/product/910002046737', 'product_name': "Dunn's River Original Banana Flavour Milk Drink", 'product_price': '£1.40', 'product_additionals': '(35.0p/100g)'}, 2974.9999999999995, 0.11764705882352944), ({'shop': 'asda', 'url': 'https://groceries.asda.com/product/910002047153', 'product_name': "Dunn's River Original Chocolate Flavoured Milk Drink", 'product_price': '£1.40', 'product_additionals': '(35.0p/100g)'}, 3266.6666666666683, 0.1071428571428571), ({'shop': 'asda', 'url': 'https://groceries.asda.com/product/910002046591', 'product_name': "Dunn's River Original Strawberry Flavoured Milk Drink", 'product_price': '£1.40', 'product_additionals': '(35.0p/100g)'}, 3325.0, 0.10526315789473684), ({'shop': 'asda', 'url': 'https://groceries.asda.com/product/910002046500', 'product_name': "Dunn's River Original Vanilla Flavoured Milk Drink", 'product_price': '£1.40', 'product_additionals': '(35.0p/100g)'}, 3149.9999999999986, 0.11111111111111116), ({'shop': 'tesco', 'url': 'https://www.tesco.com/groceries/en-GB/products/300399656', 'product_name': 'E.Wedel Krowka Milky Fudge 250G', 'product_price': '£ 1.70', 'product_additionals': '£0.68/100g'}, 39.66666666666665, 0.17142857142857149), ({'shop': 'tesco', 'url': 'https://www.tesco.com/groceries/en-GB/products/277926684', 'product_name': 'E.Wedel Milk Chocolate With Blueberry & Wild Strawberry 100G', 'product_price': '£ 0.90', 'product_additionals': '£0.90/100g'}, 96.0, 0.09375), ({'shop': 'tesco', 'url': 'https://www.tesco.com/groceries/en-GB/products/262109356', 'product_name': 'E.Wedel Milk Chocolate With Strawberry 100G', 'product_price': '£ 0.90', 'product_additionals': '£0.90/100g'}, 70.50000000000001, 0.12765957446808507), ({'shop': 'tesco', 'url': 'https://www.tesco.com/groceries/en-GB/products/305248183', 'product_name': "Ella's Kitchen Dairy Free Coconut Milk Pear & Fig Porridge 100G", 'product_price': '£ 1.10', 'product_additionals': '£1.10/100g'}, 122.83333333333329, 0.08955223880597019), ({'shop': 'tesco', 'url': 'https://www.tesco.com/groceries/en-GB/products/304791824', 'product_name': 'Ferrero Collection Milk Chocolate Egg With 6 Specialities 239.8G', 'product_price': '£ 10.00', 'product_additionals': '£4.18/100g'}, 473.7333333333332, 0.08823529411764708), ({'shop': 'tesco', 'url': 'https://www.tesco.com/groceries/en-GB/products/266526691', 'product_name': 'Ferrero Kinder Milk Slice 28G', 'product_price': '£ 0.70', 'product_additionals': '£2.50/100g'}, 137.49999999999994, 0.18181818181818188), ({'shop': 'asda', 'url': 'https://groceries.asda.com/product/1000062381281', 'product_name': 'Fibre One 90 Calorie Milk Chocolate Popcorn Bars 4 Pack', 'product_price': '£2.00', 'product_additionals': '(£2.38/100g)'}, 234.03333333333345, 0.10169491525423724), ({'shop': 'tesco', 'url': 'https://www.tesco.com/groceries/en-GB/products/301045279', 'product_name': 'Fibre One Milk Chocolate Popcorn Bars 4 X 21G', 'product_price': '£ 1.99', 'product_additionals': '£2.37/100g'}, 193.54999999999995, 0.12244897959183676), ({'shop': 'tesco', 'url': 'https://www.tesco.com/groceries/en-GB/products/306497283', 'product_name': 'Flipz Milk Chocolate Coated Pretzels 90G', 'product_price': '£ 1.50', 'product_additionals': '£1.67/100g'}, 122.46666666666667, 0.13636363636363635), ({'shop': 'asda', 'url': 'https://groceries.asda.com/product/910001533680', 'product_name': "Fox's Chocolatey Milk Chocolate Rounds", 'product_price': '£1.00', 'product_additionals': '(76.9p/100g)'}, 5383.000000000003, 0.1428571428571428), ({'shop': 'asda', 'url': 'https://groceries.asda.com/product/910000821070', 'product_name': "Fox's Chunkie Milk Chocolate Cookies", 'product_price': '£1.00', 'product_additionals': '(55.6p/100g)'}, 3706.666666666666, 0.15000000000000002), ({'shop': 'tesco', 'url': 'https://www.tesco.com/groceries/en-GB/products/306650319', 'product_name': "Fox's Half Coated Milk Chocolate Cookies 175G", 'product_price': '£ 1.80', 'product_additionals': '£1.03/100g'}, 84.11666666666666, 0.12244897959183676), ({'shop': 'tesco', 'url': 'https://www.tesco.com/groceries/en-GB/products/306656562', 'product_name': "Fox's Milk Chocolate Cookies 180G", 'product_price': '£ 1.80', 'product_additionals': '£1.00/100g'}, 61.666666666666664, 0.16216216216216217), ({'shop': 'asda', 'url': 'https://groceries.asda.com/product/910001534397', 'product_name': "Fox's Viennese Milk Chocolate", 'product_price': '£0.75', 'product_additionals': '(62.5p/100g)'}, 3437.4999999999986, 0.18181818181818188), ({'shop': 'asda', 'url': 'https://groceries.asda.com/product/1000003092735', 'product_name': "Fox's Viennese Milk Chocolate Dipped Fingers", 'product_price': '£1.00', 'product_additionals': '(90.9p/100g)'}, 7272.0, 0.125), ({'shop': 'asda', 'url': 'https://groceries.asda.com/product/1000113394431', 'product_name': 'Galaxy Darker Milk Chocolate Block', 'product_price': '£1.00', 'product_additionals': '(90.9p/100g)'}, 5756.999999999998, 0.1578947368421053), ({'shop': 'tesco', 'url': 'https://www.tesco.com/groceries/en-GB/products/300228255', 'product_name': 'Galaxy Milk 110G', 'product_price': '£ 1.00', 'product_additionals': '£0.91/100g'}, 30.33333333333333, 0.30000000000000004), ({'shop': 'tesco', 'url': 'https://www.tesco.com/groceries/en-GB/products/280036005', 'product_name': 'Galaxy Milk 4 Pack 168 G', 'product_price': '£ 1.25', 'product_additionals': '£0.74/100g'}, 34.53333333333333, 0.2142857142857143), ({'shop': 'tesco', 'url': 'https://www.tesco.com/groceries/en-GB/products/300795348', 'product_name': 'Galaxy Milk Chocolate 360G', 'product_price': '£ 3.50', 'product_additionals': '£0.97/100g'}, 48.50000000000001, 0.19999999999999996), ({'shop': 'tesco', 'url': 'https://www.tesco.com/groceries/en-GB/products/279935019', 'product_name': 'Galaxy Milk Chocolate 42G', 'product_price': '£ 0.60', 'product_additionals': '£1.43/100g'}, 69.11666666666667, 0.2068965517241379), ({'shop': 'tesco', 'url': 'https://www.tesco.com/groceries/en-GB/products/268549827', 'product_name': 'Galaxy Milk Chocolate Bar 200G', 'product_price': '£ 1.80', 'product_additionals': '£0.90/100g'}, 50.999999999999986, 0.17647058823529416), ({'shop': 'tesco', 'url': 'https://www.tesco.com/groceries/en-GB/products/304788276', 'product_name': 'Galaxy Milk Chocolate Egg & Enchanted Milk Chocolate Eggs 234G', 'product_price': '£ 3.00', 'product_additionals': '£1.29/100g'}, 141.89999999999995, 0.09090909090909094), ({'shop': 'tesco', 'url': 'https://www.tesco.com/groceries/en-GB/products/304788656', 'product_name': 'Galaxy Milk Chocolate Egg Plus Enchanted Milk Chocolate Eggs 528G', 'product_price': '£ 12.00', 'product_additionals': '£2.28/100g'}, 262.20000000000016, 0.08695652173913038), ({'shop': 'tesco', 'url': 'https://www.tesco.com/groceries/en-GB/products/304799954', 'product_name': 'Galaxy Milk Chocolate Egg With Truffles 301G', 'product_price': '£ 10.00', 'product_additionals': '£3.33/100g'}, 266.4, 0.125), ({'shop': 'tesco', 'url': 'https://www.tesco.com/groceries/en-GB/products/304783068', 'product_name': 'Galaxy Milk Chocolate Enchanted Eggs 80G', 'product_price': '£ 1.00', 'product_additionals': '£1.25/100g'}, 91.66666666666667, 0.13636363636363635), ({'shop': 'tesco', 'url': 'https://www.tesco.com/groceries/en-GB/products/251118878', 'product_name': 'Galaxy Milk Chocolate Indulgent Collection Easter Egg 308G', 'product_price': '£ 5.00', 'product_additionals': '£1.63/100g'}, 168.4333333333333, 0.09677419354838712), ({'shop': 'asda', 'url': 'https://groceries.asda.com/product/910001193129', 'product_name': 'Galaxy Smooth Milk Chocolate Bar', 'product_price': '£0.55', 'product_additionals': '(£1.31/100g)'}, 58.95, 0.2222222222222222), ({'shop': 'asda', 'url': 'https://groceries.asda.com/product/910001192935', 'product_name': 'Galaxy Smooth Milk Chocolate Bars Multipack', 'product_price': '£1.25', 'product_additionals': '(74.4p/100g)'}, 4370.999999999999, 0.17021276595744683), ({'shop': 'asda', 'url': 'https://groceries.asda.com/product/1000034965894', 'product_name': 'Galaxy Smooth Milk Chocolate Block', 'product_price': '£1.00', 'product_additionals': '(90.9p/100g)'}, 4317.75, 0.21052631578947367), ({'shop': 'asda', 'url': 'https://groceries.asda.com/product/1000073094536', 'product_name': 'Galaxy Smooth Milk Chocolate Christmas Advent Calendar', 'product_price': '£2.00', 'product_additionals': '(£1.82/100g)'}, 131.94999999999993, 0.13793103448275867), ({'shop': 'asda', 'url': 'https://groceries.asda.com/product/1000260230892', 'product_name': 'Galaxy Smooth Milk Chocolate Large Christmas Selection Box', 'product_price': '£2.50', 'product_additionals': '(£1.02/100g)'}, 79.05, 0.12903225806451613), ({'shop': 'asda', 'url': 'https://groceries.asda.com/product/1000034965816', 'product_name': 'Galaxy Smooth Milk Chocolate Large Gifting Block', 'product_price': '£2.50', 'product_additionals': '(69.4p/100g)'}, 4511.0, 0.15384615384615385), ({'shop': 'asda', 'url': 'https://groceries.asda.com/product/910000419798', 'product_name': 'Galaxy Smooth Milk Chocolate More to Share Block', 'product_price': '£2.00', 'product_additionals': '(£1.00/100g)'}, 65.0, 0.15384615384615385), ({'shop': 'tesco', 'url': 'https://www.tesco.com/groceries/en-GB/products/288090094', 'product_name': 'Go Cat Kitten Chicken & Carrot & Milk 825G', 'product_price': '£ 2.25', 'product_additionals': '£2.73/kg'}, 20.929999999999996, 0.13043478260869568), ({'shop': 'asda', 'url': 'https://groceries.asda.com/product/910001437133', 'product_name': 'Grace Coconut Milk Powder', 'product_price': '£0.64', 'product_additionals': '(£1.28/100g)'}, 61.86666666666668, 0.2068965517241379), ({'shop': 'tesco', 'url': 'https://www.tesco.com/groceries/en-GB/products/271249493', 'product_name': 'Green & Black Milk Cooks Bar 150G', 'product_price': '£ 2.50', 'product_additionals': '£1.67/100g'}, 102.98333333333332, 0.16216216216216217), ({'shop': 'tesco', 'url': 'https://www.tesco.com/groceries/en-GB/products/304782858', 'product_name': "Green & Black's Milk Chocolate Large Shell Egg 345G", 'product_price': '£ 10.00', 'product_additionals': '£2.90/100g'}, 265.83333333333326, 0.10909090909090913), ({'shop': 'asda', 'url': 'https://groceries.asda.com/product/1000107814080', 'product_name': "Green & Black's Organic Milk Chocolate Bar", 'product_price': '£2.00', 'product_additionals': '(£2.22/100g)'}, 170.19999999999996, 0.13043478260869568), ({'shop': 'tesco', 'url': 'https://www.tesco.com/groceries/en-GB/products/303670290', 'product_name': 'Green & Blacks Organic Milk Chocolate 90G', 'product_price': '£ 2.00', 'product_additionals': '£2.23/100g'}, 167.25000000000003, 0.1333333333333333), ({'shop': 'tesco', 'url': 'https://www.tesco.com/groceries/en-GB/products/306816609', 'product_name': 'Gu Milk Chocolate Mousse & Ganache 2X70g', 'product_price': '£ 3.00', 'product_additionals': '£2.15/100g'}, 157.66666666666669, 0.13636363636363635), ({'shop': 'asda', 'url': 'https://groceries.asda.com/product/1000217916076', 'product_name': 'GU Milk Chocolate Mousse with Ganache Desserts', 'product_price': '£2.00', 'product_additionals': '(£2.86/100g)'}, 238.33333333333334, 0.12), ({'shop': 'tesco', 'url': 'https://www.tesco.com/groceries/en-GB/products/307740610', 'product_name': 'Haribo Supermix Fruit Milk & Sweet Foam Gums 175G', 'product_price': '£ 0.79', 'product_additionals': '£0.45/100g'}, 29.812500000000007, 0.15094339622641506), ({'shop': 'tesco', 'url': 'https://www.tesco.com/groceries/en-GB/products/266285519', 'product_name': 'Hipp Combiotic 12 Month Growing Up Milk 600G', 'product_price': '£ 6.65', 'product_additionals': '£11.09/kg'}, 66.54000000000002, 0.16666666666666663), ({'shop': 'tesco', 'url': 'https://www.tesco.com/groceries/en-GB/products/266239437', 'product_name': 'Hipp Organic Follow-On Milk 800G', 'product_price': '£ 10.15', 'product_additionals': '£12.69/kg'}, 76.14000000000001, 0.16666666666666663), ({'shop': 'tesco', 'url': 'https://www.tesco.com/groceries/en-GB/products/266240596', 'product_name': 'Hipp Organic Infant Milk 800G', 'product_price': '£ 10.50', 'product_additionals': '£13.13/kg'}, 72.21499999999997, 0.18181818181818188), ({'shop': 'asda', 'url': 'https://groceries.asda.com/product/910002383193', 'product_name': 'Island Sun Evaporated Milk', 'product_price': '£0.90', 'product_additionals': '(21.9p/100g)'}, 1095.0000000000002, 0.19999999999999996), ({'shop': 'asda', 'url': 'https://groceries.asda.com/product/910001456445', 'product_name': 'Island Sun Sweetened Condensed Milk', 'product_price': '£1.20', 'product_additionals': '(£3.02/kg)'}, 19.63, 0.15384615384615385), ({'shop': 'tesco', 'url': 'https://www.tesco.com/groceries/en-GB/products/292991721', 'product_name': 'Jimjams Milk Chocolate Spread 350G', 'product_price': '£ 2.60', 'product_additionals': '£0.74/100g'}, 35.150000000000006, 0.21052631578947367), ({'shop': 'asda', 'url': 'https://groceries.asda.com/product/1000008341231', 'product_name': 'Kallo Milk Chocolate Rice Cake', 'product_price': '£1.39', 'product_additionals': '(£1.39/100g)'}, 78.76666666666665, 0.17647058823529416), ({'shop': 'tesco', 'url': 'https://www.tesco.com/groceries/en-GB/products/252476845', 'product_name': 'Kallo Organic Milk Chocolate Thin Rice Cakes 90G', 'product_price': '£ 1.49', 'product_additionals': '£1.66/100g'}, 143.86666666666665, 0.11538461538461542), ({'shop': 'asda', 'url': 'https://groceries.asda.com/product/23751', 'product_name': "Kellogg's Coco Pops Cereal & Milk Bars", 'product_price': '£1.00', 'product_additionals': '(83.3p/100g)'}, 5831.000000000003, 0.1428571428571428), ({'shop': 'asda', 'url': 'https://groceries.asda.com/product/910000562785', 'product_name': "Kellogg's Crunchy Nut Milk Chocolate Clusters", 'product_price': '£2.89', 'product_additionals': '(64.2p/100g)'}, 5242.999999999999, 0.12244897959183676), ({'shop': 'asda', 'url': 'https://groceries.asda.com/product/23752', 'product_name': "Kellogg's Frosties Cereal & Milk Bars", 'product_price': '£1.00', 'product_additionals': '(66.7p/100g)'}, 4557.833333333333, 0.14634146341463417), ({'shop': 'asda', 'url': 'https://groceries.asda.com/product/910000396055', 'product_name': "Kellogg's Krave Milk Chocolate", 'product_price': '£2.99', 'product_additionals': '(79.7p/100g)'}, 4516.333333333332, 0.17647058823529416), ({'shop': 'asda', 'url': 'https://groceries.asda.com/product/1000007182869', 'product_name': "Kellogg's Krave Milk Chocolate", 'product_price': '£4.00', 'product_additionals': '(47.1p/100g)'}, 2668.9999999999995, 0.17647058823529416), ({'shop': 'tesco', 'url': 'https://www.tesco.com/groceries/en-GB/products/299669027', 'product_name': "Kellogg's Krave Milk Chocolate Cereal 850G", 'product_price': '£ 4.00', 'product_additionals': '£0.47/100g'}, 36.03333333333333, 0.13043478260869568), ({'shop': 'asda', 'url': 'https://groceries.asda.com/product/1000166634779', 'product_name': "Kellogg's Krave Milk Chocolate Snack Bag", 'product_price': '£1.25', 'product_additionals': '(£1.39/100g)'}, 101.93333333333334, 0.13636363636363635), ({'shop': 'asda', 'url': 'https://groceries.asda.com/product/493435', 'product_name': "Kellogg's Rice Krispies Cereal & Milk Bars", 'product_price': '£1.00', 'product_additionals': '(83.3p/100g)'}, 6386.333333333332, 0.13043478260869568), ({'shop': 'tesco', 'url': 'https://www.tesco.com/groceries/en-GB/products/252040802', 'product_name': "Kellogg's Rice Krispies Cereal Milk Bars 6X20g", 'product_price': '£ 0.99', 'product_additionals': '£0.82/100g'}, 68.33333333333333, 0.12), ({'shop': 'asda', 'url': 'https://groceries.asda.com/product/1000039942723', 'product_name': "Kellogg's Special K Bar Milk Chocolate", 'product_price': '£1.00', 'product_additionals': '(74.1p/100g)'}, 5187.000000000003, 0.1428571428571428), ({'shop': 'tesco', 'url': 'https://www.tesco.com/groceries/en-GB/products/272228804', 'product_name': "Kellogg's Special K Milk Chocolate Chewy Delight 4X24g", 'product_price': '£ 1.99', 'product_additionals': '£2.08/100g'}, 201.0666666666667, 0.10344827586206895), ({'shop': 'asda', 'url': 'https://groceries.asda.com/product/910000562897', 'product_name': "Kellogg's Special K Milk Chocolate Delight Bars", 'product_price': '£1.99', 'product_additionals': '(£2.07/100g)'}, 175.94999999999996, 0.11764705882352944), ({'shop': 'tesco', 'url': 'https://www.tesco.com/groceries/en-GB/products/257679200', 'product_name': 'Kinder Bueno Milk & Hazelnut 4 Pack 172G', 'product_price': '£ 1.69', 'product_additionals': '£0.98/100g'}, 71.86666666666667, 0.13636363636363635), ({'shop': 'asda', 'url': 'https://groceries.asda.com/product/13852635', 'product_name': 'Kinder Bueno Milk & Hazelnuts Multipack 4 Pack', 'product_price': '£2.00', 'product_additionals': '(£1.16/100g)'}, 96.66666666666667, 0.12), ({'shop': 'asda', 'url': 'https://groceries.asda.com/product/910000265081', 'product_name': 'Kinder Bueno Milk and Hazelnuts Single Bar 2 finger', 'product_price': '£0.55', 'product_additionals': '(£1.28/100g)'}, 117.3333333333333, 0.10909090909090913), ({'shop': 'asda', 'url': 'https://groceries.asda.com/product/910003082301', 'product_name': 'Kinder Bueno White Milk and Hazelnuts 2 Pack', 'product_price': '£0.55', 'product_additionals': '(£1.41/100g)'}, 112.8, 0.125), ({'shop': 'tesco', 'url': 'https://www.tesco.com/groceries/en-GB/products/295409711', 'product_name': 'Kinder Chocolate Mini Milk Chocolate Bar & Lamb Toy 73G', 'product_price': '£ 5.00', 'product_additionals': '£6.85/100g'}, 673.5833333333337, 0.10169491525423724), ({'shop': 'asda', 'url': 'https://groceries.asda.com/product/910002999587', 'product_name': 'Kinder Cocco Milk & Coconut Sponge Cake', 'product_price': '£0.75', 'product_additionals': '(£2.50/100g)'}, 179.16666666666663, 0.13953488372093026), ({'shop': 'asda', 'url': 'https://groceries.asda.com/product/1000002934342', 'product_name': 'Kinder Happy Hippo Milk Chocolate and Hazelnut Biscuits Multipack 5 Pack', 'product_price': '£1.35', 'product_additionals': '(£1.31/100g)'}, 165.93333333333328, 0.07894736842105265), ({'shop': 'asda', 'url': 'https://groceries.asda.com/product/910000272164', 'product_name': 'Kinder Milk & Honey Slice', 'product_price': '£1.25', 'product_additionals': '(89.3p/100g)'}, 4316.166666666667, 0.2068965517241379), ({'shop': 'asda', 'url': 'https://groceries.asda.com/product/1000207689245', 'product_name': 'Kinder Milk Chocolate & Hazelnut Schoko-Bons', 'product_price': '£1.00', 'product_additionals': '(£1.43/100g)'}, 114.4, 0.125), ({'shop': 'tesco', 'url': 'https://www.tesco.com/groceries/en-GB/products/271765198', 'product_name': 'Kinder Milk Chocolate Easter Mini Figures 6 X 15G', 'product_price': '£ 2.00', 'product_additionals': '£2.23/100g'}, 196.98333333333338, 0.1132075471698113), ({'shop': 'tesco', 'url': 'https://www.tesco.com/groceries/en-GB/products/307135970', 'product_name': 'Kinder Milk Slice Milk And Honey 3 X 28G', 'product_price': '£ 1.00', 'product_additionals': '£1.20/100g'}, 88.0, 0.13636363636363635), ({'shop': 'asda', 'url': 'https://groceries.asda.com/product/1000235368514', 'product_name': 'Kinnerton Barbie Vet Set with Milk Chocolate Treats', 'product_price': '£1.00', 'product_additionals': '(£1.69/100g)'}, 154.9166666666666, 0.10909090909090913), ({'shop': 'asda', 'url': 'https://groceries.asda.com/product/1000235368538', 'product_name': 'Kinnerton Crayola Colour-in Mug with Milk Chocolate Bars', 'product_price': '£1.00', 'product_additionals': '(£4.17/100g)'}, 417.0000000000001, 0.09999999999999998), ({'shop': 'asda', 'url': 'https://groceries.asda.com/product/1000235368534', 'product_name': 'Kinnerton Paw Patrol Clock & Milk Chocolate Treats', 'product_price': '£1.00', 'product_additionals': '(£1.69/100g)'}, 152.0999999999999, 0.11111111111111116), ({'shop': 'asda', 'url': 'https://groceries.asda.com/product/1000169694810', 'product_name': 'Kinnerton PAW Patrol Milk Chocolate Advent Calendar', 'product_price': '£1.00', 'product_additionals': '(£2.50/100g)'}, 229.1666666666666, 0.10909090909090913), ({'shop': 'asda', 'url': 'https://groceries.asda.com/product/1000235368434', 'product_name': 'Kinnerton Peppa Pig Hand Puppet with Milk Chocolate Treats', 'product_price': '£4.00', 'product_additionals': '(£7.55/100g)'}, 780.1666666666665, 0.09677419354838712), ({'shop': 'asda', 'url': 'https://groceries.asda.com/product/1000169694818', 'product_name': 'Kinnerton Peppa Pig Milk Chocolate Advent Calendar', 'product_price': '£1.00', 'product_additionals': '(£2.50/100g)'}, 224.9999999999999, 0.11111111111111116), ({'shop': 'tesco', 'url': 'https://www.tesco.com/groceries/en-GB/products/307166184', 'product_name': 'Kit Kat 2 Finger Milk Chocolate 14 Bar Pack 289.8G', 'product_price': '£ 2.00', 'product_additionals': '£0.69/100g'}, 62.09999999999997, 0.11111111111111116), ({'shop': 'tesco', 'url': 'https://www.tesco.com/groceries/en-GB/products/292743872', 'product_name': 'Kit Kat 2 Finger Milk Chocolate 21 Pack 434.7G', 'product_price': '£ 2.89', 'product_additionals': '£0.66/100g'}, 55.0, 0.12), ({'shop': 'tesco', 'url': 'https://www.tesco.com/groceries/en-GB/products/297556924', 'product_name': 'Kit Kat 2 Finger Milk Chocolate Biscuits 9 Pack 186.3G', 'product_price': '£ 1.50', 'product_additionals': '£0.81/100g'}, 78.30000000000001, 0.10344827586206895), ({'shop': 'tesco', 'url': 'https://www.tesco.com/groceries/en-GB/products/307510042', 'product_name': 'Kit Kat 2 Fingers Wafer Milk Chocolate Hazelnut 9X20.7G', 'product_price': '£ 1.50', 'product_additionals': '£0.81/100g'}, 79.65000000000003, 0.10169491525423724), ({'shop': 'tesco', 'url': 'https://www.tesco.com/groceries/en-GB/products/307510007', 'product_name': 'Kit Kat 2 Fingers Wafer Milk Chocolate Honeycomb 9X20.7G', 'product_price': '£ 1.99', 'product_additionals': '£1.07/100g'}, 107.00000000000001, 0.09999999999999998), ({'shop': 'tesco', 'url': 'https://www.tesco.com/groceries/en-GB/products/292573531', 'product_name': 'Kit Kat 4 Finger Milk Chocolate Bar 41.5G', 'product_price': '£ 0.60', 'product_additionals': '£1.45/100g'}, 108.75000000000003, 0.1333333333333333), ({'shop': 'tesco', 'url': 'https://www.tesco.com/groceries/en-GB/products/308082684', 'product_name': 'Kit Kat 6 Mini Milk Chocolate Bunny 66G', 'product_price': '£ 1.00', 'product_additionals': '£1.52/100g'}, 108.93333333333331, 0.13953488372093026), ({'shop': 'tesco', 'url': 'https://www.tesco.com/groceries/en-GB/products/305554119', 'product_name': 'Kit Kat Bunny Milk Chocolate Large Egg 238G', 'product_price': '£ 3.00', 'product_additionals': '£1.27/100g'}, 99.48333333333336, 0.12765957446808507), ({'shop': 'tesco', 'url': 'https://www.tesco.com/groceries/en-GB/products/308079464', 'product_name': 'Kit Kat Chunky Milk Chocolate Easter Egg 129G', 'product_price': '£ 1.00', 'product_additionals': '£0.78/100g'}, 63.69999999999999, 0.12244897959183676), ({'shop': 'tesco', 'url': 'https://www.tesco.com/groceries/en-GB/products/305554102', 'product_name': 'Kit Kat Chunky Milk Chocolate Large Egg 260G', 'product_price': '£ 3.00', 'product_additionals': '£1.16/100g'}, 92.8, 0.125), ({'shop': 'tesco', 'url': 'https://www.tesco.com/groceries/en-GB/products/292573934', 'product_name': 'Kit Kat Milk Chocolate 4 Pack 166G', 'product_price': '£ 1.00', 'product_additionals': '£0.60/100g'}, 37.999999999999986, 0.1578947368421053), ({'shop': 'tesco', 'url': 'https://www.tesco.com/groceries/en-GB/products/292573715', 'product_name': 'Kit Kat Milk Chocolate Bar 4 Finger 41.5G X 8 Pack', 'product_price': '£ 2.00', 'product_additionals': '£0.60/100g'}, 53.99999999999998, 0.11111111111111116), ({'shop': 'tesco', 'url': 'https://www.tesco.com/groceries/en-GB/products/308089826', 'product_name': 'Kit Kat Milk Chocolate Mini Eggs 81G', 'product_price': '£ 1.00', 'product_additionals': '£1.24/100g'}, 82.66666666666666, 0.15000000000000002), ({'shop': 'asda', 'url': 'https://groceries.asda.com/product/910003122063', 'product_name': 'KitKat 2 Finger Milk Chocolate Biscuit Bar, 9 Pack', 'product_price': '£1.50', 'product_additionals': '(80.5p/100g)'}, 7244.999999999996, 0.11111111111111116), ({'shop': 'asda', 'url': 'https://groceries.asda.com/product/1000232367042', 'product_name': 'KitKat 2 Finger Milk Chocolate Biscuit Bars', 'product_price': '£2.00', 'product_additionals': '(69.0p/100g)'}, 5405.000000000002, 0.12765957446808507), ({'shop': 'asda', 'url': 'https://groceries.asda.com/product/910002437888', 'product_name': 'KitKat 4 Finger Milk Chocolate Bar', 'product_price': '£0.55', 'product_additionals': '(£1.33/100g)'}, 84.2333333333333, 0.1578947368421053), ({'shop': 'asda', 'url': 'https://groceries.asda.com/product/910002437612', 'product_name': 'KitKat 4 Finger Milk Chocolate Bar, 4 Pack', 'product_price': '£0.98', 'product_additionals': '(59.0p/100g)'}, 4523.333333333332, 0.13043478260869568), ({'shop': 'asda', 'url': 'https://groceries.asda.com/product/1000236571331', 'product_name': 'KitKat Santa Milk Chocolate Advent Calendar', 'product_price': '£4.00', 'product_additionals': '(£2.05/100g)'}, 160.58333333333337, 0.12765957446808507), ({'shop': 'asda', 'url': 'https://groceries.asda.com/product/1000236571472', 'product_name': 'KitKat Santa Milk Chocolate Sharing Bag', 'product_price': '£1.00', 'product_additionals': '(£1.52/100g)'}, 108.93333333333331, 0.13953488372093026), ({'shop': 'asda', 'url': 'https://groceries.asda.com/product/910001456277', 'product_name': 'KTC Coconut Milk', 'product_price': '£0.59', 'product_additionals': '(£1.48/kg)'}, 4.933333333333333, 0.30000000000000004), ({'shop': 'tesco', 'url': 'https://www.tesco.com/groceries/en-GB/products/281381884', 'product_name': 'Lancashire Farm Whole Milk Yogurt 1Kg', 'product_price': '£ 1.50', 'product_additionals': '£1.50/kg'}, 7.687500000000002, 0.19512195121951215), ({'shop': 'asda', 'url': 'https://groceries.asda.com/product/1000000473614', 'product_name': 'Lancashire Farm Wholemilk Natural Yogurt', 'product_price': '£0.80', 'product_additionals': '(17.0p/100g)'}, 934.9999999999997, 0.18181818181818188), ({'shop': 'asda', 'url': 'https://groceries.asda.com/product/1000240590377', 'product_name': 'Lebkuchen Milk Chocolate Rounds Biscuits', 'product_price': '£0.25', 'product_additionals': '(12.5p/100g)'}, 916.6666666666667, 0.13636363636363635), ({'shop': 'tesco', 'url': 'https://www.tesco.com/groceries/en-GB/products/302284587', 'product_name': 'Lindt Excellence 55% Milk Chocolate Cocoa Bar 80G', 'product_price': '£ 2.00', 'product_additionals': '£2.50/100g'}, 220.83333333333337, 0.1132075471698113), ({'shop': 'tesco', 'url': 'https://www.tesco.com/groceries/en-GB/products/302300327', 'product_name': 'Lindt Excellence 65% Milk Chocolate Cocoa Bar 80G', 'product_price': '£ 2.00', 'product_additionals': '£2.50/100g'}, 220.83333333333337, 0.1132075471698113), ({'shop': 'tesco', 'url': 'https://www.tesco.com/groceries/en-GB/products/251277783', 'product_name': 'Lindt Excellence Extra Creamy Milk Chocolate Bar 100G', 'product_price': '£ 2.00', 'product_additionals': '£2.00/100g'}, 142.5, 0.14035087719298245), ({'shop': 'asda', 'url': 'https://groceries.asda.com/product/1000157579301', 'product_name': 'Lindt Excellence Milk 45% Cocoa Chocolate Bar', 'product_price': '£1.99', 'product_additionals': '(£2.49/100g)'}, 203.34999999999994, 0.12244897959183676), ({'shop': 'asda', 'url': 'https://groceries.asda.com/product/1000157579304', 'product_name': 'Lindt Excellence Milk 55% Cocoa Chocolate Bar', 'product_price': '£1.99', 'product_additionals': '(£2.49/100g)'}, 203.34999999999994, 0.12244897959183676), ({'shop': 'asda', 'url': 'https://groceries.asda.com/product/1000157579361', 'product_name': 'Lindt Excellence Milk 65% Cocoa Chocolate Bar', 'product_price': '£1.99', 'product_additionals': '(£2.49/100g)'}, 203.34999999999994, 0.12244897959183676), ({'shop': 'tesco', 'url': 'https://www.tesco.com/groceries/en-GB/products/304411947', 'product_name': 'Lindt Excellence Milk Sea Salt Caramel Chocolate 100G', 'product_price': '£ 2.00', 'product_additionals': '£2.00/100g'}, 190.0, 0.10526315789473684), ({'shop': 'tesco', 'url': 'https://www.tesco.com/groceries/en-GB/products/281221971', 'product_name': 'Lindt Gold Bunny Milk & Hazelnut 100G', 'product_price': '£ 2.50', 'product_additionals': '£2.50/100g'}, 170.83333333333331, 0.14634146341463417), ({'shop': 'tesco', 'url': 'https://www.tesco.com/groceries/en-GB/products/261845954', 'product_name': 'Lindt Gold Bunny Milk Chocolate 100G', 'product_price': '£ 2.50', 'product_additionals': '£2.50/100g'}, 166.66666666666663, 0.15000000000000002), ({'shop': 'tesco', 'url': 'https://www.tesco.com/groceries/en-GB/products/304791640', 'product_name': 'Lindt Gold Bunny Milk Chocolate 200G', 'product_price': '£ 4.00', 'product_additionals': '£2.00/100g'}, 133.33333333333331, 0.15000000000000002), ({'shop': 'tesco', 'url': 'https://www.tesco.com/groceries/en-GB/products/251095266', 'product_name': 'Lindt Gold Bunny Milk Chocolate 200G', 'product_price': '£ 4.00', 'product_additionals': '£2.00/100g'}, 133.33333333333331, 0.15000000000000002), ({'shop': 'tesco', 'url': 'https://www.tesco.com/groceries/en-GB/products/257054162', 'product_name': 'Lindt Gold Bunny Milk Chocolate 50G', 'product_price': '£ 1.50', 'product_additionals': '£3.00/100g'}, 195.0, 0.15384615384615385), ({'shop': 'tesco', 'url': 'https://www.tesco.com/groceries/en-GB/products/304790854', 'product_name': 'Lindt Gold Bunny Milk Chocolate Egg 115G', 'product_price': '£ 4.00', 'product_additionals': '£3.48/100g'}, 255.2, 0.13636363636363635), ({'shop': 'tesco', 'url': 'https://www.tesco.com/groceries/en-GB/products/304797294', 'product_name': 'Lindt Gold Bunny Milk Chocolate Egg 195G', 'product_price': '£ 8.00', 'product_additionals': '£4.11/100g'}, 301.40000000000003, 0.13636363636363635), ({'shop': 'tesco', 'url': 'https://www.tesco.com/groceries/en-GB/products/304399621', 'product_name': 'Lindt Gold Bunny Milk Chocolate Egg 460G', 'product_price': '£ 15.00', 'product_additionals': '£3.27/100g'}, 239.80000000000004, 0.13636363636363635), ({'shop': 'tesco', 'url': 'https://www.tesco.com/groceries/en-GB/products/264358155', 'product_name': 'Lindt Gold Milk Chocolate Easter Bunny 5 X 10G', 'product_price': '£ 2.00', 'product_additionals': '£4.00/100g'}, 333.33333333333337, 0.12), ({'shop': 'tesco', 'url': 'https://www.tesco.com/groceries/en-GB/products/258202199', 'product_name': 'Lindt Hazelnut Milk Chocolate Bar 150G', 'product_price': '£ 2.50', 'product_additionals': '£1.67/100g'}, 116.90000000000005, 0.1428571428571428), ({'shop': 'asda', 'url': 'https://groceries.asda.com/product/1000107572027', 'product_name': 'Lindt Les Grandes Milk Chocolate Hazelnut Bar', 'product_price': '£2.50', 'product_additionals': '(£1.67/100g)'}, 136.3833333333333, 0.12244897959183676), ({'shop': 'tesco', 'url': 'https://www.tesco.com/groceries/en-GB/products/302862404', 'product_name': 'Lindt Lindor Assorted Milk Chocolate Shell Egg 215G', 'product_price': '£ 6.00', 'product_additionals': '£2.80/100g'}, 256.6666666666666, 0.10909090909090913), ({'shop': 'asda', 'url': 'https://groceries.asda.com/product/1000157579199', 'product_name': 'Lindt Lindor Gift Wrapped Milk Chocolates', 'product_price': '£7.00', 'product_additionals': '(£2.44/100g)'}, 183.00000000000003, 0.1333333333333333), ({'shop': 'tesco', 'url': 'https://www.tesco.com/groceries/en-GB/products/302318589', 'product_name': 'Lindt Lindor Milk & White Chocolate Box 200G', 'product_price': '£ 5.00', 'product_additionals': '£2.50/100g'}, 200.0, 0.125), ({'shop': 'asda', 'url': 'https://groceries.asda.com/product/910001431762', 'product_name': 'Lindt Lindor Milk Chocolate', 'product_price': '£0.75', 'product_additionals': '(£1.97/100g)'}, 101.7833333333333, 0.19354838709677424), ({'shop': 'tesco', 'url': 'https://www.tesco.com/groceries/en-GB/products/297057651', 'product_name': 'Lindt Lindor Milk Chocolate 4X25g', 'product_price': '£ 2.00', 'product_additionals': '£2.00/100g'}, 123.33333333333333, 0.16216216216216217), ({'shop': 'asda', 'url': 'https://groceries.asda.com/product/910000460007', 'product_name': 'Lindt Lindor Milk Chocolate Bar', 'product_price': '£1.70', 'product_additionals': '(£1.70/100g)'}, 99.16666666666663, 0.17142857142857149), ({'shop': 'tesco', 'url': 'https://www.tesco.com/groceries/en-GB/products/268370997', 'product_name': 'Lindt Lindor Milk Chocolate Bar 100G', 'product_price': '£ 1.70', 'product_additionals': '£1.70/100g'}, 113.33333333333331, 0.15000000000000002), ({'shop': 'asda', 'url': 'https://groceries.asda.com/product/1000000987071', 'product_name': 'Lindt Lindor Milk Chocolate Bars 4 Pack', 'product_price': '£2.00', 'product_additionals': '(£2.00/100g)'}, 143.33333333333331, 0.13953488372093026), ({'shop': 'asda', 'url': 'https://groceries.asda.com/product/910000464579', 'product_name': 'Lindt Lindor Milk Chocolate Carton', 'product_price': '£5.50', 'product_additionals': '(£1.63/100g)'}, 103.2333333333333, 0.1578947368421053), ({'shop': 'asda', 'url': 'https://groceries.asda.com/product/485334', 'product_name': 'Lindt Lindor Milk Chocolate Carton', 'product_price': '£3.50', 'product_additionals': '(£1.75/100g)'}, 110.8333333333333, 0.1578947368421053), ({'shop': 'tesco', 'url': 'https://www.tesco.com/groceries/en-GB/products/307151495', 'product_name': 'Lindt Lindor Milk Chocolate Eggs 80G', 'product_price': '£ 1.50', 'product_additionals': '£1.88/100g'}, 125.33333333333331, 0.15000000000000002), ({'shop': 'asda', 'url': 'https://groceries.asda.com/product/1000235368566', 'product_name': 'Lindt Lindor Milk Chocolate Mini Truffles', 'product_price': '£1.50', 'product_additionals': '(£1.88/100g)'}, 141.00000000000003, 0.1333333333333333), ({'shop': 'tesco', 'url': 'https://www.tesco.com/groceries/en-GB/products/302862387', 'product_name': 'Lindt Lindor Milk Chocolate Shell Egg 215G', 'product_price': '£ 6.00', 'product_additionals': '£2.80/100g'}, 214.66666666666663, 0.13043478260869568), ({'shop': 'asda', 'url': 'https://groceries.asda.com/product/1000208077873', 'product_name': 'Lindt Lindor Milk Chocolate Truffles Box', 'product_price': '£1.00', 'product_additionals': '(£2.70/100g)'}, 198.00000000000003, 0.13636363636363635), ({'shop': 'tesco', 'url': 'https://www.tesco.com/groceries/en-GB/products/250265770', 'product_name': 'Lindt Lindor Milk Chocolate Truffles Carton 200G', 'product_price': '£ 5.00', 'product_additionals': '£2.50/100g'}, 216.6666666666666, 0.11538461538461542), ({'shop': 'tesco', 'url': 'https://www.tesco.com/groceries/en-GB/products/259183944', 'product_name': 'Lindt Lindor Milk Chocolate Truffles Carton 337G', 'product_price': '£ 7.40', 'product_additionals': '£2.20/100g'}, 190.6666666666666, 0.11538461538461542), ({'shop': 'asda', 'url': 'https://groceries.asda.com/product/910002593462', 'product_name': 'Lindt Lindor Milk Chocolate Truffles in a Bowl', 'product_price': '£9.00', 'product_additionals': '(£1.64/100g)'}, 136.66666666666666, 0.12), ({'shop': 'asda', 'url': 'https://groceries.asda.com/product/1000235368506', 'product_name': 'Lindt Lindor Milk Chocolate Truffles, Hearts & Square Advent Calendar', 'product_price': '£8.00', 'product_additionals': '(£2.67/100g)'}, 324.85, 0.0821917808219178), ({'shop': 'tesco', 'url': 'https://www.tesco.com/groceries/en-GB/products/306948067', 'product_name': 'Lindt Lindor Milk Mini Chocolate Pouch 90G', 'product_price': '£ 2.50', 'product_additionals': '£2.78/100g'}, 213.1333333333333, 0.13043478260869568), ({'shop': 'tesco', 'url': 'https://www.tesco.com/groceries/en-GB/products/297738842', 'product_name': 'Lindt Lindor Milk Mint 200G', 'product_price': '£ 5.00', 'product_additionals': '£2.50/100g'}, 129.16666666666663, 0.19354838709677424), ({'shop': 'asda', 'url': 'https://groceries.asda.com/product/1000044365860', 'product_name': 'Lindt Lindor Milk Orange Chocolate Bars', 'product_price': '£2.00', 'product_additionals': '(£2.00/100g)'}, 143.33333333333331, 0.13953488372093026), ({'shop': 'asda', 'url': 'https://groceries.asda.com/product/1000235368486', 'product_name': 'Lindt Lindor Milk Selection Box', 'product_price': '£6.00', 'product_additionals': '(£2.56/100g)'}, 149.3333333333333, 0.17142857142857149), ({'shop': 'tesco', 'url': 'https://www.tesco.com/groceries/en-GB/products/306503726', 'product_name': 'Lindt Lindor Milk Truffles 37G', 'product_price': '£ 1.20', 'product_additionals': '£3.25/100g'}, 184.16666666666663, 0.17647058823529416), ({'shop': 'tesco', 'url': 'https://www.tesco.com/groceries/en-GB/products/307140986', 'product_name': 'Lindt Lindor Mint Milk Chocolate Eggs 80G', 'product_price': '£ 1.50', 'product_additionals': '£1.88/100g'}, 141.00000000000003, 0.1333333333333333), ({'shop': 'asda', 'url': 'https://groceries.asda.com/product/910003081538', 'product_name': 'Lindt Lindor Orange Milk Chocolate Bar', 'product_price': '£0.75', 'product_additionals': '(£1.97/100g)'}, 137.90000000000006, 0.1428571428571428), ({'shop': 'asda', 'url': 'https://groceries.asda.com/product/910002078031', 'product_name': 'Lindt Lindor Orange Milk Chocolate Truffles with a Smooth Melting Filling', 'product_price': '£3.50', 'product_additionals': '(£1.75/100g)'}, 224.58333333333326, 0.07792207792207795), ({'shop': 'tesco', 'url': 'https://www.tesco.com/groceries/en-GB/products/302273139', 'product_name': 'Lindt Milk Chocolate & Hazelnut Wafer 30G', 'product_price': '£ 0.80', 'product_additionals': '£2.67/100g'}, 200.25000000000003, 0.1333333333333333), ({'shop': 'tesco', 'url': 'https://www.tesco.com/groceries/en-GB/products/307359123', 'product_name': 'Lindt Milk Chocolate Egg With Assorted Truffles 348G', 'product_price': '£ 15.00', 'product_additionals': '£4.32/100g'}, 403.2000000000002, 0.1071428571428571), ({'shop': 'tesco', 'url': 'https://www.tesco.com/groceries/en-GB/products/307157539', 'product_name': 'Lindt Milk Chocolate Egg With Lindor Assorted Truffles 260G', 'product_price': '£ 8.00', 'product_additionals': '£3.08/100g'}, 323.40000000000003, 0.09523809523809523), ({'shop': 'tesco', 'url': 'https://www.tesco.com/groceries/en-GB/products/307361315', 'product_name': 'Lindt Milk Chocolate Egg With Lindor Milk Truffles 348G', 'product_price': '£ 15.00', 'product_additionals': '£4.32/100g'}, 424.80000000000024, 0.10169491525423724), ({'shop': 'tesco', 'url': 'https://www.tesco.com/groceries/en-GB/products/307159475', 'product_name': 'Lindt Milk Chocolate Egg With Lindor Mint Truffles 260G', 'product_price': '£ 8.00', 'product_additionals': '£3.08/100g'}, 302.86666666666684, 0.10169491525423724), ({'shop': 'tesco', 'url': 'https://www.tesco.com/groceries/en-GB/products/307341944', 'product_name': 'Lindt Milk Chocolate Egg With Milk & White Truffles 260G', 'product_price': '£ 8.00', 'product_additionals': '£3.08/100g'}, 308.00000000000006, 0.09999999999999998), ({'shop': 'tesco', 'url': 'https://www.tesco.com/groceries/en-GB/products/307354537', 'product_name': 'Lindt Milk Chocolate Egg With Milk Lndor Truffles 260G', 'product_price': '£ 8.00', 'product_additionals': '£3.08/100g'}, 297.7333333333334, 0.10344827586206895), ({'shop': 'tesco', 'url': 'https://www.tesco.com/groceries/en-GB/products/307137023', 'product_name': 'Lindt Milk Chocolate Egg With Salted Caramel Truffles 260G', 'product_price': '£ 8.00', 'product_additionals': '£3.08/100g'}, 318.2666666666666, 0.09677419354838712), ({'shop': 'asda', 'url': 'https://groceries.asda.com/product/910000464636', 'product_name': 'Lindt Milk Chocolate Gold Reindeer', 'product_price': '£2.50', 'product_additionals': '(£2.50/100g)'}, 158.3333333333333, 0.1578947368421053), ({'shop': 'asda', 'url': 'https://groceries.asda.com/product/910000464535', 'product_name': 'Lindt Milk Chocolate Santa Claus', 'product_price': '£2.50', 'product_additionals': '(£2.00/100g)'}, 120.00000000000003, 0.16666666666666663), ({'shop': 'asda', 'url': 'https://groceries.asda.com/product/910000464862', 'product_name': 'Lindt Milk Chocolate Teddy', 'product_price': '£2.50', 'product_additionals': '(£2.50/100g)'}, 125.00000000000003, 0.19999999999999996), ({'shop': 'asda', 'url': 'https://groceries.asda.com/product/1000072843061', 'product_name': 'Lindt Milk Chocolate Teddy', 'product_price': '£2.50', 'product_additionals': '(£2.50/100g)'}, 125.00000000000003, 0.19999999999999996), ({'shop': 'tesco', 'url': 'https://www.tesco.com/groceries/en-GB/products/307135479', 'product_name': 'Lindt Mini Eggs Milk Chocolate With Creamy Filling 80G', 'product_price': '£ 1.50', 'product_additionals': '£1.88/100g'}, 181.73333333333338, 0.10344827586206895), ({'shop': 'tesco', 'url': 'https://www.tesco.com/groceries/en-GB/products/307755558', 'product_name': 'Lindt Mini Milk Chocolate Eggs 177G', 'product_price': '£ 4.00', 'product_additionals': '£2.26/100g'}, 146.9, 0.15384615384615385), ({'shop': 'asda', 'url': 'https://groceries.asda.com/product/910002075685', 'product_name': "Lindt Santa's Little Helpers Milk Chocolate 5 Pieces", 'product_price': '£2.00', 'product_additionals': '(£4.00/100g)'}, 373.3333333333335, 0.1071428571428571), ({'shop': 'asda', 'url': 'https://groceries.asda.com/product/1000001955109', 'product_name': 'Lindt Santa, Sleigh & 5 Gold Reindeer Milk Chocolates', 'product_price': '£2.00', 'product_additionals': '(£4.00/100g)'}, 380.0, 0.10526315789473684), ({'shop': 'asda', 'url': 'https://groceries.asda.com/product/1000179027729', 'product_name': 'Lindt Teddy Milk Chocolate Teddy Tree Decorations', 'product_price': '£3.00', 'product_additionals': '(£5.00/100g)'}, 441.66666666666674, 0.1132075471698113), ({'shop': 'asda', 'url': 'https://groceries.asda.com/product/910000022507', 'product_name': 'LU Mikado Milk Chocolate Biscuits', 'product_price': '£1.00', 'product_additionals': '(£1.33/100g)'}, 82.01666666666667, 0.16216216216216217), ({'shop': 'tesco', 'url': 'https://www.tesco.com/groceries/en-GB/products/306648094', 'product_name': 'M&M Crunchy Caramel Milk Chocolate 165G', 'product_price': '£ 2.00', 'product_additionals': '£1.22/100g'}, 65.575, 0.18604651162790697), ({'shop': 'tesco', 'url': 'https://www.tesco.com/groceries/en-GB/products/302303474', 'product_name': "M&M's Crispy Milk Chocolate Block 150G", 'product_price': '£ 2.00', 'product_additionals': '£1.34/100g'}, 93.80000000000004, 0.1428571428571428), ({'shop': 'tesco', 'url': 'https://www.tesco.com/groceries/en-GB/products/302276643', 'product_name': "M&M's Milk Chocolate Block 165G", 'product_price': '£ 2.00', 'product_additionals': '£1.22/100g'}, 71.16666666666664, 0.17142857142857149), ({'shop': 'tesco', 'url': 'https://www.tesco.com/groceries/en-GB/products/302317399', 'product_name': "M&M's Peanut Milk Chocolate Block 165G", 'product_price': '£ 2.00', 'product_additionals': '£1.22/100g'}, 85.40000000000003, 0.1428571428571428), ({'shop': 'tesco', 'url': 'https://www.tesco.com/groceries/en-GB/products/268726658', 'product_name': 'Maggi Coconut Milk Powder 300G', 'product_price': '£ 4.39', 'product_additionals': '£1.47/100g'}, 83.29999999999998, 0.17647058823529416), ({'shop': 'asda', 'url': 'https://groceries.asda.com/product/1000112907115', 'product_name': 'Mallow & Marsh Vanilla Marshmallows Coated in Milk Chocolate', 'product_price': '£2.00', 'product_additionals': '(£2.00/100g)'}, 160.0, 0.125), ({'shop': 'tesco', 'url': 'https://www.tesco.com/groceries/en-GB/products/264282026', 'product_name': 'Malteaster Bunny Milk Chocolate Bar 29G', 'product_price': '£ 0.50', 'product_additionals': '£1.73/100g'}, 123.98333333333332, 0.13953488372093026), ({'shop': 'tesco', 'url': 'https://www.tesco.com/groceries/en-GB/products/272366605', 'product_name': 'Malteaster Minnie Bunnies Milk Chocolate Pouch 58G', 'product_price': '£ 1.00', 'product_additionals': '£1.73/100g'}, 155.69999999999993, 0.11111111111111116), ({'shop': 'tesco', 'url': 'https://www.tesco.com/groceries/en-GB/products/265947303', 'product_name': 'Maltesers Milk Chocolate Easter Egg & Chocolate 127G', 'product_price': '£ 1.00', 'product_additionals': '£0.79/100g'}, 73.73333333333336, 0.1071428571428571), ({'shop': 'tesco', 'url': 'https://www.tesco.com/groceries/en-GB/products/304403675', 'product_name': 'Maltesers Milk Chocolate Egg With 3 Bags Of Buttons 274G', 'product_price': '£ 5.00', 'product_additionals': '£1.83/100g'}, 183.00000000000006, 0.09999999999999998), ({'shop': 'tesco', 'url': 'https://www.tesco.com/groceries/en-GB/products/307140433', 'product_name': 'Maltesers Mint Buttons & Milk Chocolate Egg 274G', 'product_price': '£ 5.00', 'product_additionals': '£1.83/100g'}, 158.59999999999997, 0.11538461538461542), ({'shop': 'tesco', 'url': 'https://www.tesco.com/groceries/en-GB/products/281879774', 'product_name': 'Mars Galaxy Milk Chocolate Ripple Easter Egg 286G', 'product_price': '£ 5.00', 'product_additionals': '£1.75/100g'}, 154.58333333333337, 0.1132075471698113), ({'shop': 'tesco', 'url': 'https://www.tesco.com/groceries/en-GB/products/265946742', 'product_name': 'Mars Milk Chocolate Easter Egg & Chocolate 141G', 'product_price': '£ 1.00', 'product_additionals': '£0.71/100g'}, 60.34999999999998, 0.11764705882352944), ({'shop': 'tesco', 'url': 'https://www.tesco.com/groceries/en-GB/products/265947614', 'product_name': 'Mars Milk Chocolate Egg With Mars Bar 280G', 'product_price': '£ 3.00', 'product_additionals': '£1.08/100g'}, 82.8, 0.13043478260869568), ({'shop': 'tesco', 'url': 'https://www.tesco.com/groceries/en-GB/products/299585016', 'product_name': 'Marvel Dried Milk Powder 278G', 'product_price': '£ 4.00', 'product_additionals': '£1.44/100g'}, 79.19999999999997, 0.18181818181818188), ({'shop': 'asda', 'url': 'https://groceries.asda.com/product/1000113394458', 'product_name': "McVitie's Choc Gems Milk Chocolate Topped Biscuits", 'product_price': '£1.00', 'product_additionals': '(£1.05/100g)'}, 70.875, 0.14814814814814814), ({'shop': 'asda', 'url': 'https://groceries.asda.com/product/1000242811739', 'product_name': "McVitie's Digestives Christmas Pudding Milk Chocolate Biscuits", 'product_price': '£1.50', 'product_additionals': '(60.0p/100g)'}, 4950.0, 0.12121212121212122), ({'shop': 'asda', 'url': 'https://groceries.asda.com/product/1000242811762', 'product_name': "McVitie's Digestives Gingerbread Milk Chocolate Biscuits", 'product_price': '£1.50', 'product_additionals': '(60.0p/100g)'}, 6000.000000000001, 0.09999999999999998), ({'shop': 'asda', 'url': 'https://groceries.asda.com/product/1000048178951', 'product_name': "McVitie's Digestives Milk Chocolate", 'product_price': '£1.00', 'product_additionals': '(37.6p/100g)'}, 2444.0, 0.15384615384615385), ({'shop': 'asda', 'url': 'https://groceries.asda.com/product/1000052709811', 'product_name': "McVitie's Digestives Milk Chocolate", 'product_price': '£2.20', 'product_additionals': '(50.8p/100g)'}, 3302.0, 0.15384615384615385), ({'shop': 'asda', 'url': 'https://groceries.asda.com/product/1000046413081', 'product_name': "McVitie's Digestives Milk Chocolate Twin Pack", 'product_price': '£1.50', 'product_additionals': '(23.7p/100g)'}, 1935.4999999999995, 0.12244897959183676), ({'shop': 'asda', 'url': 'https://groceries.asda.com/product/910002325542', 'product_name': "McVitie's Digestives Nibbles Milk Chocolate", 'product_price': '£1.00', 'product_additionals': '(83.3p/100g)'}, 6525.166666666669, 0.12765957446808507), ({'shop': 'asda', 'url': 'https://groceries.asda.com/product/910002986391', 'product_name': "McVitie's Digestives Thins Milk Chocolate", 'product_price': '£1.00', 'product_additionals': '(55.6p/100g)'}, 4170.000000000001, 0.1333333333333333), ({'shop': 'asda', 'url': 'https://groceries.asda.com/product/910001079168', 'product_name': "McVitie's Hobnobs Milk Choc Biscuits", 'product_price': '£1.35', 'product_additionals': '(51.5p/100g)'}, 3433.333333333333, 0.15000000000000002), ({'shop': 'asda', 'url': 'https://groceries.asda.com/product/1000050944928', 'product_name': "McVitie's Hobnobs Thins Milk Chocolate", 'product_price': '£1.00', 'product_additionals': '(58.8p/100g)'}, 4116.000000000002, 0.1428571428571428), ({'shop': 'tesco', 'url': 'https://www.tesco.com/groceries/en-GB/products/300917199', 'product_name': "Mcvitie's Milk Chocolate Digestive Twin Pack 2X316g", 'product_price': '£ 2.10', 'product_additionals': '£0.33/100g'}, 30.24999999999999, 0.10909090909090913), ({'shop': 'tesco', 'url': 'https://www.tesco.com/groceries/en-GB/products/300917154', 'product_name': "Mcvitie's Milk Chocolate Digestives 433G", 'product_price': '£ 1.89', 'product_additionals': '£0.44/100g'}, 32.26666666666667, 0.13636363636363635), ({'shop': 'tesco', 'url': 'https://www.tesco.com/groceries/en-GB/products/300917239', 'product_name': "Mcvitie's Milk Chocolate Hobnobs 2X318g", 'product_price': '£ 2.10', 'product_additionals': '£0.33/100g'}, 23.649999999999995, 0.13953488372093026), ({'shop': 'asda', 'url': 'https://groceries.asda.com/product/1000005035383', 'product_name': "McVitie's Milk Chocolate Hobnobs Twin Pack", 'product_price': '£1.50', 'product_additionals': '(23.6p/100g)'}, 1809.333333333333, 0.13043478260869568), ({'shop': 'tesco', 'url': 'https://www.tesco.com/groceries/en-GB/products/255404760', 'product_name': 'Mcvities Light Milk Chocolate Digestives 300G', 'product_price': '£ 1.50', 'product_additionals': '£0.50/100g'}, 40.83333333333332, 0.12244897959183676), ({'shop': 'tesco', 'url': 'https://www.tesco.com/groceries/en-GB/products/300917252', 'product_name': 'Mcvities Milk Chocolate Digestive 266G', 'product_price': '£ 1.35', 'product_additionals': '£0.51/100g'}, 35.70000000000001, 0.1428571428571428), ({'shop': 'tesco', 'url': 'https://www.tesco.com/groceries/en-GB/products/289205552', 'product_name': 'Mcvities Penguin Milk Chocolate Biscuit 8 Pack 196.8G', 'product_price': '£ 1.00', 'product_additionals': '£0.51/100g'}, 48.45, 0.10526315789473684), ({'shop': 'tesco', 'url': 'https://www.tesco.com/groceries/en-GB/products/306665659', 'product_name': 'Mcvities Vib Blood Orange Caramel & Milk Chocolate Biscuit 250G', 'product_price': '£ 1.75', 'product_additionals': '£0.70/100g'}, 58.62499999999999, 0.11940298507462688), ({'shop': 'tesco', 'url': 'https://www.tesco.com/groceries/en-GB/products/306657532', 'product_name': 'Mcvities Vib Classic Caramel Milk Chocolate Digestive 250G', 'product_price': '£ 1.75', 'product_additionals': '£0.70/100g'}, 54.25, 0.12903225806451613), ({'shop': 'tesco', 'url': 'https://www.tesco.com/groceries/en-GB/products/306647089', 'product_name': 'Mcvities Vib Hazelnut Caramel Milk Chocolate Digestives 250G', 'product_price': '£ 1.75', 'product_additionals': '£0.70/100g'}, 56.0, 0.125), ({'shop': 'tesco', 'url': 'https://www.tesco.com/groceries/en-GB/products/268380680', 'product_name': 'Menier Milk Chocolate Patissier 100G', 'product_price': '£ 1.45', 'product_additionals': '£1.45/100g'}, 96.66666666666666, 0.15000000000000002), ({'shop': 'tesco', 'url': 'https://www.tesco.com/groceries/en-GB/products/264396691', 'product_name': 'Mikado Milk 75G', 'product_price': '£ 1.00', 'product_additionals': '£1.34/100g'}, 42.43333333333334, 0.3157894736842105), ({'shop': 'tesco', 'url': 'https://www.tesco.com/groceries/en-GB/products/301578079', 'product_name': 'Milka Bubbly Milk&White 95G', 'product_price': '£ 1.00', 'product_additionals': '£1.06/100g'}, 54.76666666666665, 0.19354838709677424), ({'shop': 'tesco', 'url': 'https://www.tesco.com/groceries/en-GB/products/308099394', 'product_name': 'Milkbar White Chocolate Mini Eggs 80G', 'product_price': '£ 1.00', 'product_additionals': '£1.25/100g'}, 85.41666666666666, 0.14634146341463417), ({'shop': 'asda', 'url': 'https://groceries.asda.com/product/1000234567246', 'product_name': 'Milky Way & Friends Chocolate Medium Christmas Selection Box', 'product_price': '£2.00', 'product_additionals': '(£1.57/100g)'}, 167.46666666666667, 0.09375), ({'shop': 'asda', 'url': 'https://groceries.asda.com/product/1000209848448', 'product_name': 'Milky Way Chocolate Bars Multipack 12 x 21.5g', 'product_price': '£1.99', 'product_additionals': '(77.1p/100g)'}, 6296.499999999999, 0.12244897959183676), ({'shop': 'asda', 'url': 'https://groceries.asda.com/product/1000161632935', 'product_name': 'Milky Way Chocolate Fun Size Bars Multipack 14 Bars', 'product_price': '£1.75', 'product_additionals': '(77.1p/100g)'}, 7067.499999999997, 0.10909090909090913), ({'shop': 'asda', 'url': 'https://groceries.asda.com/product/1000228555993', 'product_name': 'Milky Way Crispy Rolls Chocolate Multipack', 'product_price': '£1.00', 'product_additionals': '(80.0p/100g)'}, 6133.333333333332, 0.13043478260869568), ({'shop': 'tesco', 'url': 'https://www.tesco.com/groceries/en-GB/products/282553602', 'product_name': 'Milky Way Fun Size 14 Pack 227G', 'product_price': '£ 3.00', 'product_additionals': '£1.33/100g'}, 77.58333333333331, 0.17142857142857149), ({'shop': 'asda', 'url': 'https://groceries.asda.com/product/1000209051155', 'product_name': 'Milky Way Magic Stars Chocolate Pouch', 'product_price': '£1.25', 'product_additionals': '(£1.25/100g)'}, 85.41666666666666, 0.14634146341463417), ({'shop': 'asda', 'url': 'https://groceries.asda.com/product/910001087913', 'product_name': 'Milky Way Twin Chocolate Bar', 'product_price': '£0.55', 'product_additionals': '(£1.28/100g)'}, 68.26666666666667, 0.1875), ({'shop': 'tesco', 'url': 'https://www.tesco.com/groceries/en-GB/products/300226999', 'product_name': 'Milkybar Big Share Bag 212G', 'product_price': '£ 2.00', 'product_additionals': '£0.94/100g'}, 48.566666666666656, 0.19354838709677424), ({'shop': 'tesco', 'url': 'https://www.tesco.com/groceries/en-GB/products/308473014', 'product_name': 'Milkybar Cookies And Cream Bites 90G', 'product_price': '£ 0.99', 'product_additionals': '£1.10/100g'}, 73.33333333333333, 0.15000000000000002), ({'shop': 'asda', 'url': 'https://groceries.asda.com/product/1000226920902', 'product_name': 'Milkybar Desserts', 'product_price': '£1.00', 'product_additionals': '(38.5p/100g)'}, 1347.5, 0.2857142857142857), ({'shop': 'asda', 'url': 'https://groceries.asda.com/product/1000226920920', 'product_name': 'Milkybar Desserts', 'product_price': '£1.00', 'product_additionals': '(30.3p/100g)'}, 1060.5, 0.2857142857142857), ({'shop': 'asda', 'url': 'https://groceries.asda.com/product/450730', 'product_name': 'Milkybar Medium White Chocolate Bar', 'product_price': '£0.55', 'product_additionals': '(£2.20/100g)'}, 143.0, 0.15384615384615385), ({'shop': 'asda', 'url': 'https://groceries.asda.com/product/910002976805', 'product_name': 'Milkybar Milk Slice', 'product_price': '£1.00', 'product_additionals': '(96.2p/100g)'}, 3687.666666666666, 0.26086956521739135), ({'shop': 'tesco', 'url': 'https://www.tesco.com/groceries/en-GB/products/295790856', 'product_name': 'Milkybar Milk Slices 4X26g', 'product_price': '£ 1.00', 'product_additionals': '£0.96/100g'}, 48.00000000000001, 0.19999999999999996), ({'shop': 'tesco', 'url': 'https://www.tesco.com/groceries/en-GB/products/307762238', 'product_name': 'Milkybar Mini Eggs White Chocolate 240G', 'product_price': '£ 2.00', 'product_additionals': '£0.83/100g'}, 59.48333333333333, 0.13953488372093026), ({'shop': 'asda', 'url': 'https://groceries.asda.com/product/1000110960435', 'product_name': 'Milkybar Mix Ups White and Milk Chocolate Sharing Bag', 'product_price': '£0.99', 'product_additionals': '(£1.04/100g)'}, 98.80000000000001, 0.10526315789473684), ({'shop': 'asda', 'url': 'https://groceries.asda.com/product/1000211461236', 'product_name': 'Milkybar Mixups Dessert White and Milk Chocolate Pot', 'product_price': '£1.00', 'product_additionals': '(38.5p/100g)'}, 3593.333333333335, 0.1071428571428571), ({'shop': 'tesco', 'url': 'https://www.tesco.com/groceries/en-GB/products/289043126', 'product_name': 'Milkybar Mousse 4 X 55G', 'product_price': '£ 1.50', 'product_additionals': '£0.68/100g'}, 30.6, 0.2222222222222222), ({'shop': 'asda', 'url': 'https://groceries.asda.com/product/910002040524', 'product_name': 'Milkybar Mousses', 'product_price': '£1.40', 'product_additionals': '(63.6p/100g)'}, 2119.9999999999995, 0.30000000000000004), ({'shop': 'tesco', 'url': 'https://www.tesco.com/groceries/en-GB/products/300227059', 'product_name': 'Milkybar Pouch Bag 103G', 'product_price': '£ 0.99', 'product_additionals': '£0.96/100g'}, 43.2, 0.2222222222222222), ({'shop': 'tesco', 'url': 'https://www.tesco.com/groceries/en-GB/products/261592624', 'product_name': 'Milkybar Small Easter Egg 65G', 'product_price': '£ 1.00', 'product_additionals': '£1.54/100g'}, 84.69999999999997, 0.18181818181818188), ({'shop': 'tesco', 'url': 'https://www.tesco.com/groceries/en-GB/products/272097278', 'product_name': 'Milkybar White Chocolate 4 Pack 100G', 'product_price': '£ 1.00', 'product_additionals': '£1.00/100g'}, 66.66666666666666, 0.15000000000000002), ({'shop': 'asda', 'url': 'https://groceries.asda.com/product/910001440470', 'product_name': 'Milkybar White Chocolate Bar 6 Pack', 'product_price': '£1.00', 'product_additionals': '(£1.39/100g)'}, 90.35, 0.15384615384615385), ({'shop': 'tesco', 'url': 'https://www.tesco.com/groceries/en-GB/products/308093014', 'product_name': 'Milkybar White Chocolate Bunny 17G', 'product_price': '£ 0.50', 'product_additionals': '£2.95/100g'}, 186.8333333333333, 0.1578947368421053), ({'shop': 'tesco', 'url': 'https://www.tesco.com/groceries/en-GB/products/308101951', 'product_name': 'Milkybar White Chocolate Bunny 44G', 'product_price': '£ 1.00', 'product_additionals': '£2.28/100g'}, 144.39999999999995, 0.1578947368421053), ({'shop': 'tesco', 'url': 'https://www.tesco.com/groceries/en-GB/products/308088568', 'product_name': 'Milkybar White Chocolate Bunny 88G', 'product_price': '£ 2.00', 'product_additionals': '£2.28/100g'}, 144.39999999999995, 0.1578947368421053), ({'shop': 'asda', 'url': 'https://groceries.asda.com/product/1000107814044', 'product_name': 'Milkybar White Chocolate Buttons Bag', 'product_price': '£0.25', 'product_additionals': '(£2.08/100g)'}, 138.66666666666666, 0.15000000000000002), ({'shop': 'asda', 'url': 'https://groceries.asda.com/product/1000237573638', 'product_name': 'Milkybar White Chocolate Buttons Giant Tube', 'product_price': '£1.00', 'product_additionals': '(£1.11/100g)'}, 86.95000000000002, 0.12765957446808507), ({'shop': 'asda', 'url': 'https://groceries.asda.com/product/910000465511', 'product_name': 'Milkybar White Chocolate Christmas Advent Calendar', 'product_price': '£1.50', 'product_additionals': '(£1.76/100g)'}, 158.39999999999995, 0.11111111111111116), ({'shop': 'asda', 'url': 'https://groceries.asda.com/product/1000236571462', 'product_name': 'Milkybar White Chocolate Christmas Reindeer', 'product_price': '£2.00', 'product_additionals': '(£2.27/100g)'}, 177.81666666666672, 0.12765957446808507), ({'shop': 'asda', 'url': 'https://groceries.asda.com/product/1000236571466', 'product_name': 'Milkybar White Chocolate Christmas Reindeer', 'product_price': '£1.00', 'product_additionals': '(£2.27/100g)'}, 177.81666666666672, 0.12765957446808507), ({'shop': 'asda', 'url': 'https://groceries.asda.com/product/1000034704361', 'product_name': 'Milkybar White Chocolate Giant Buttons Sharing Bag', 'product_price': '£0.99', 'product_additionals': '(96.1p/100g)'}, 8648.999999999996, 0.11111111111111116), ({'shop': 'asda', 'url': 'https://groceries.asda.com/product/1000111446600', 'product_name': 'Milkybar White Chocolate Kid Bar', 'product_price': '£0.25', 'product_additionals': '(£2.08/100g)'}, 124.80000000000003, 0.16666666666666663), ({'shop': 'tesco', 'url': 'https://www.tesco.com/groceries/en-GB/products/307276278', 'product_name': 'Milkybar White Chocolate Sharing Bar 90G', 'product_price': '£ 0.99', 'product_additionals': '£1.10/100g'}, 80.66666666666667, 0.13636363636363635), ({'shop': 'asda', 'url': 'https://groceries.asda.com/product/1000242609598', 'product_name': 'Milkybar White Chocolate Sharing Block Bar', 'product_price': '£1.00', 'product_additionals': '(£1.11/100g)'}, 85.09999999999998, 0.13043478260869568), ({'shop': 'tesco', 'url': 'https://www.tesco.com/groceries/en-GB/products/277531004', 'product_name': 'Milkyway 6 Pack 129G', 'product_price': '£ 1.25', 'product_additionals': '£0.97/100g'}, 38.8, 0.25), ({'shop': 'tesco', 'url': 'https://www.tesco.com/groceries/en-GB/products/307355542', 'product_name': "Montezuma's Like No Udder Milk Chocolate Chocolate Alternative Organic 90G", 'product_price': '£ 2.50', 'product_additionals': '£2.78/100g'}, 271.05000000000007, 0.10256410256410253), ({'shop': 'tesco', 'url': 'https://www.tesco.com/groceries/en-GB/products/303674366', 'product_name': 'Muller Corner Yogurt Milk Chocolate Digestives 130G', 'product_price': '£ 0.60', 'product_additionals': '£0.46/100g'}, 42.16666666666665, 0.10909090909090913), ({'shop': 'tesco', 'url': 'https://www.tesco.com/groceries/en-GB/products/276884964', 'product_name': 'Muller Light Chocolate Fix Milk Chocolate 4 Pack 400G', 'product_price': '£ 1.60', 'product_additionals': '£0.40/100g'}, 38.0, 0.10526315789473684), ({'shop': 'asda', 'url': 'https://groceries.asda.com/product/910003081775', 'product_name': 'Munchies Milk Chocolate Tube', 'product_price': '£0.55', 'product_additionals': '(£1.06/100g)'}, 56.53333333333333, 0.1875), ({'shop': 'tesco', 'url': 'https://www.tesco.com/groceries/en-GB/products/306648883', 'product_name': 'Nannycare 1 Goat Milk Based Infant Milk 900G', 'product_price': '£ 21.00', 'product_additionals': '£23.34/kg'}, 186.72, 0.125), ({'shop': 'tesco', 'url': 'https://www.tesco.com/groceries/en-GB/products/306664172', 'product_name': 'Nannycare 2 Goat Milk Based Follow On Milk 900G', 'product_price': '£ 21.00', 'product_additionals': '£2.34/100g'}, 198.89999999999995, 0.11764705882352944), ({'shop': 'tesco', 'url': 'https://www.tesco.com/groceries/en-GB/products/306651918', 'product_name': 'Nannycare 3 Goat Milk Based Growing Up Milk 900G', 'product_price': '£ 21.00', 'product_additionals': '£23.34/kg'}, 202.27999999999994, 0.11538461538461542), ({'shop': 'tesco', 'url': 'https://www.tesco.com/groceries/en-GB/products/289705902', 'product_name': "Nature's Store Free From Milk Chocolate Rice Cakes 100G", 'product_price': '£ 1.50', 'product_additionals': '£1.50/100g'}, 110.62500000000003, 0.13559322033898302), ({'shop': 'asda', 'url': 'https://groceries.asda.com/product/18232503', 'product_name': 'Nesquik Banana Milkshake Mix', 'product_price': '£1.50', 'product_additionals': '(50.0p/100g)'}, 2666.6666666666665, 0.1875), ({'shop': 'asda', 'url': 'https://groceries.asda.com/product/400814', 'product_name': 'Nesquik Chocolate Milk Slices', 'product_price': '£1.00', 'product_additionals': '(96.2p/100g)'}, 5290.999999999998, 0.18181818181818188), ({'shop': 'asda', 'url': 'https://groceries.asda.com/product/18232504', 'product_name': 'Nesquik Chocolate Milkshake Mix', 'product_price': '£1.50', 'product_additionals': '(50.0p/100g)'}, 2916.6666666666656, 0.17142857142857149), ({'shop': 'asda', 'url': 'https://groceries.asda.com/product/910001891811', 'product_name': 'Nesquik Milk Slices', 'product_price': '£1.00', 'product_additionals': '(96.2p/100g)'}, 3687.666666666666, 0.26086956521739135), ({'shop': 'asda', 'url': 'https://groceries.asda.com/product/18232502', 'product_name': 'Nesquik Strawberry Milkshake Mix', 'product_price': '£1.50', 'product_additionals': '(50.0p/100g)'}, 3000.0000000000005, 0.16666666666666663), ({'shop': 'tesco', 'url': 'https://www.tesco.com/groceries/en-GB/products/265046131', 'product_name': 'Nestle Aero Milk 4 Pack 108G', 'product_price': '£ 1.00', 'product_additionals': '£0.93/100g'}, 49.6, 0.1875), ({'shop': 'asda', 'url': 'https://groceries.asda.com/product/1000107571940', 'product_name': 'Nestle Animal Bar Milk Chocolate', 'product_price': '£0.25', 'product_additionals': '(£1.32/100g)'}, 59.4, 0.2222222222222222), ({'shop': 'tesco', 'url': 'https://www.tesco.com/groceries/en-GB/products/258510053', 'product_name': 'Nestle Cerelac 6Mnth Wheat&Milk Cereal 400G', 'product_price': '£ 3.80', 'product_additionals': '£0.95/100g'}, 74.41666666666669, 0.12765957446808507), ({'shop': 'asda', 'url': 'https://groceries.asda.com/product/1000236571458', 'product_name': 'Nestle Dairy Box Christmas Collection Milk Chocolate Assortment Box', 'product_price': '£6.00', 'product_additionals': '(£1.55/100g)'}, 137.56250000000006, 0.11267605633802813), ({'shop': 'tesco', 'url': 'https://www.tesco.com/groceries/en-GB/products/289880422', 'product_name': 'Nestle Lion Milk Multipack 4 X 42G', 'product_price': '£ 1.00', 'product_additionals': '£0.60/100g'}, 37.999999999999986, 0.1578947368421053), ({'shop': 'tesco', 'url': 'https://www.tesco.com/groceries/en-GB/products/268767576', 'product_name': 'Nestle Milkybar Dessert 2X70g', 'product_price': '£ 1.50', 'product_additionals': '£1.08/100g'}, 59.399999999999984, 0.18181818181818188), ({'shop': 'tesco', 'url': 'https://www.tesco.com/groceries/en-GB/products/306709570', 'product_name': 'Nestle Milkybar Kid Bar 12G', 'product_price': '£ 0.25', 'product_additionals': '£2.09/100g'}, 107.98333333333329, 0.19354838709677424), ({'shop': 'tesco', 'url': 'https://www.tesco.com/groceries/en-GB/products/286690153', 'product_name': 'Nestle Nesquik Milk Slice Chocolate Flavour 4X26g', 'product_price': '£ 1.00', 'product_additionals': '£9.62/kg'}, 84.97666666666667, 0.1132075471698113), ({'shop': 'tesco', 'url': 'https://www.tesco.com/groceries/en-GB/products/260148289', 'product_name': 'Nestle Nido Instant Full Cream Milk Powder 400G', 'product_price': '£ 4.00', 'product_additionals': '£1.00/100g'}, 63.75, 0.1568627450980392), ({'shop': 'tesco', 'url': 'https://www.tesco.com/groceries/en-GB/products/266258950', 'product_name': 'Nestle Nido Instant Full Cream Milk Powder 900G', 'product_price': '£ 7.50', 'product_additionals': '£0.83/100g'}, 52.91250000000001, 0.1568627450980392), ({'shop': 'tesco', 'url': 'https://www.tesco.com/groceries/en-GB/products/305875160', 'product_name': 'Nestle Smarties Buttons Milk Chocolate 90G', 'product_price': '£ 0.99', 'product_additionals': '£1.10/100g'}, 63.25, 0.17391304347826086), ({'shop': 'tesco', 'url': 'https://www.tesco.com/groceries/en-GB/products/286633239', 'product_name': 'Nestle Yorkie Milk Bar 46G', 'product_price': '£ 0.60', 'product_additionals': '£1.31/100g'}, 65.50000000000001, 0.19999999999999996), ({'shop': 'tesco', 'url': 'https://www.tesco.com/groceries/en-GB/products/287221040', 'product_name': 'Nestle Yorkie Milk Chocolate Easter Egg & Chocolate 336G', 'product_price': '£ 5.00', 'product_additionals': '£1.49/100g'}, 149.00000000000003, 0.09999999999999998), ({'shop': 'tesco', 'url': 'https://www.tesco.com/groceries/en-GB/products/303717812', 'product_name': 'Nestle Yorkie Milk Chunks 100G', 'product_price': '£ 0.99', 'product_additionals': '£0.99/100g'}, 56.09999999999999, 0.17647058823529416), ({'shop': 'asda', 'url': 'https://groceries.asda.com/product/26916347', 'product_name': 'Nido Full Cream Milk Powder', 'product_price': '£3.77', 'product_additionals': '(94.2p/100g)'}, 3650.25, 0.25806451612903225), ({'shop': 'asda', 'url': 'https://groceries.asda.com/product/61061636', 'product_name': 'Nido Full Cream Milk Powder', 'product_price': '£7.50', 'product_additionals': '(83.3p/100g)'}, 3227.875, 0.25806451612903225), ({'shop': 'tesco', 'url': 'https://www.tesco.com/groceries/en-GB/products/302290660', 'product_name': 'Oreo Crunchy Bites Milk Chocolate Biscuits 110G', 'product_price': '£ 1.50', 'product_additionals': '£1.37/100g'}, 116.44999999999997, 0.11764705882352944), ({'shop': 'tesco', 'url': 'https://www.tesco.com/groceries/en-GB/products/258492318', 'product_name': 'Ovaltine Original Add Milk 300G', 'product_price': '£ 3.40', 'product_additionals': '£1.14/100g'}, 66.49999999999999, 0.17142857142857149), ({'shop': 'tesco', 'url': 'https://www.tesco.com/groceries/en-GB/products/304403220', 'product_name': 'Philadelphia Milka Cheese 150G', 'product_price': '£ 1.95', 'product_additionals': '£13.00/kg'}, 73.66666666666666, 0.17647058823529416), ({'shop': 'asda', 'url': 'https://groceries.asda.com/product/1000118028743', 'product_name': 'Philadelphia Milka Soft Cheese', 'product_price': '£1.80', 'product_additionals': '(£12.00/kg)'}, 67.99999999999999, 0.17647058823529416), ({'shop': 'tesco', 'url': 'https://www.tesco.com/groceries/en-GB/products/302134817', 'product_name': 'Pro2go Peanut & Milk Chocolate Bar 60G', 'product_price': '£ 2.50', 'product_additionals': '£4.17/100g'}, 291.90000000000015, 0.1428571428571428), ({'shop': 'tesco', 'url': 'https://www.tesco.com/groceries/en-GB/products/305554367', 'product_name': 'Quality Street Milk Chocolate Giant Egg 311G', 'product_price': '£ 5.00', 'product_additionals': '£1.61/100g'}, 128.8, 0.125), ({'shop': 'asda', 'url': 'https://groceries.asda.com/product/1000157579330', 'product_name': "Reese's 2 Milk ChocolateKing Size Peanut Butter Trees", 'product_price': '£1.00', 'product_additionals': '(£1.61/100g)'}, 152.95000000000002, 0.10526315789473684), ({'shop': 'tesco', 'url': 'https://www.tesco.com/groceries/en-GB/products/304794752', 'product_name': "Reese's Milk Chocolate Egg With 3 Peanut Butter Creme Eggs 232G", 'product_price': '£ 5.00', 'product_additionals': '£2.16/100g'}, 241.19999999999993, 0.08955223880597019), ({'shop': 'tesco', 'url': 'https://www.tesco.com/groceries/en-GB/products/292607176', 'product_name': 'Reeses Milk Chocolate Peanut Butter Cups Minis 70G', 'product_price': '£ 1.60', 'product_additionals': '£2.29/100g'}, 206.0999999999999, 0.11111111111111116), ({'shop': 'tesco', 'url': 'https://www.tesco.com/groceries/en-GB/products/308110109', 'product_name': 'Rolo Milk Chocolate Easter Egg 128G', 'product_price': '£ 1.00', 'product_additionals': '£0.78/100g'}, 50.699999999999996, 0.15384615384615385), ({'shop': 'tesco', 'url': 'https://www.tesco.com/groceries/en-GB/products/279946951', 'product_name': 'Schmerlings Rosemarie Milk Chocolate 100G', 'product_price': '£ 2.69', 'product_additionals': '£0.27/10g'}, 151.87499999999997, 0.1777777777777778), ({'shop': 'tesco', 'url': 'https://www.tesco.com/groceries/en-GB/products/303215110', 'product_name': 'Sma Advanced Follow-On-Milk 6 Months+ 800G', 'product_price': '£ 14.50', 'product_additionals': '£18.13/kg'}, 104.2475, 0.17391304347826086), ({'shop': 'tesco', 'url': 'https://www.tesco.com/groceries/en-GB/products/303215133', 'product_name': 'Sma Advanced Growing Up Milk 1-3Yr 800G', 'product_price': '£ 16.00', 'product_additionals': '£20.00/kg'}, 107.5, 0.18604651162790697), ({'shop': 'tesco', 'url': 'https://www.tesco.com/groceries/en-GB/products/305527901', 'product_name': 'Sma Anti Reflux Infant Milk From Birth 800G', 'product_price': '£ 13.00', 'product_additionals': '£16.25/kg'}, 95.46874999999999, 0.17021276595744683), ({'shop': 'tesco', 'url': 'https://www.tesco.com/groceries/en-GB/products/273760989', 'product_name': 'Sma Comfort Infant Milk From Birth 800G', 'product_price': '£ 13.00', 'product_additionals': '£16.25/kg'}, 87.34375, 0.18604651162790697), ({'shop': 'tesco', 'url': 'https://www.tesco.com/groceries/en-GB/products/303215156', 'product_name': 'Sma Little Steps First Milk 1 From Birth 800G', 'product_price': '£ 8.00', 'product_additionals': '£10.00/kg'}, 61.250000000000014, 0.16326530612244894), ({'shop': 'tesco', 'url': 'https://www.tesco.com/groceries/en-GB/products/303215179', 'product_name': 'Sma Little Steps Follow On Milk 6Mth+ 800G', 'product_price': '£ 8.00', 'product_additionals': '£10.00/kg'}, 57.5, 0.17391304347826086), ({'shop': 'tesco', 'url': 'https://www.tesco.com/groceries/en-GB/products/301282631', 'product_name': 'Sma Organic First Milk 800G', 'product_price': '£ 12.00', 'product_additionals': '£15.00/kg'}, 58.125, 0.25806451612903225), ({'shop': 'tesco', 'url': 'https://www.tesco.com/groceries/en-GB/products/307361298', 'product_name': 'Sma Pro Extra Hungry Infant Milk 800G', 'product_price': '£ 10.75', 'product_additionals': '£13.44/kg'}, 68.88000000000001, 0.19512195121951215), ({'shop': 'tesco', 'url': 'https://www.tesco.com/groceries/en-GB/products/305781649', 'product_name': 'Sma Pro First Infant Milk From Birth 800G', 'product_price': '£ 10.75', 'product_additionals': '£13.44/kg'}, 75.59999999999998, 0.1777777777777778), ({'shop': 'tesco', 'url': 'https://www.tesco.com/groceries/en-GB/products/305782747', 'product_name': 'Sma Pro Follow-On Milk 6Mth+ 800G', 'product_price': '£ 9.50', 'product_additionals': '£11.88/kg'}, 54.945, 0.21621621621621623), ({'shop': 'tesco', 'url': 'https://www.tesco.com/groceries/en-GB/products/305782851', 'product_name': 'Sma Pro Gum Milk Powder Can 800G', 'product_price': '£ 9.15', 'product_additionals': '£11.44/kg'}, 51.480000000000004, 0.2222222222222222), ({'shop': 'tesco', 'url': 'https://www.tesco.com/groceries/en-GB/products/305553938', 'product_name': 'Smarties Bunny Milk Chocolate Hollow Figure 18.5G', 'product_price': '£ 0.50', 'product_additionals': '£2.71/100g'}, 179.53750000000005, 0.15094339622641506), ({'shop': 'tesco', 'url': 'https://www.tesco.com/groceries/en-GB/products/305548029', 'product_name': 'Smarties Bunny Milk Chocolate Hollow Figure 94G', 'product_price': '£ 2.00', 'product_additionals': '£2.13/100g'}, 135.7875, 0.1568627450980392), ({'shop': 'tesco', 'url': 'https://www.tesco.com/groceries/en-GB/products/307961204', 'product_name': 'Smarties Buttons Milk Chocolate Easter Egg 290G', 'product_price': '£ 5.00', 'product_additionals': '£1.73/100g'}, 110.28750000000001, 0.1568627450980392), ({'shop': 'tesco', 'url': 'https://www.tesco.com/groceries/en-GB/products/305548185', 'product_name': 'Smarties Milk Cho Incredible Easter Egg 470G', 'product_price': '£ 8.00', 'product_additionals': '£1.71/100g'}, 102.60000000000004, 0.16666666666666663), ({'shop': 'asda', 'url': 'https://groceries.asda.com/product/1000193654276', 'product_name': 'Smarties Milk Chocolate Buttons Sharing Bag', 'product_price': '£0.99', 'product_additionals': '(£1.10/100g)'}, 64.62499999999999, 0.17021276595744683), ({'shop': 'asda', 'url': 'https://groceries.asda.com/product/1000150186073', 'product_name': 'Smarties Milk Chocolate Christmas Penguin', 'product_price': '£2.00', 'product_additionals': '(£2.13/100g)'}, 119.81249999999999, 0.1777777777777778), ({'shop': 'asda', 'url': 'https://groceries.asda.com/product/1000150185969', 'product_name': 'Smarties Milk Chocolate Christmas Penguin', 'product_price': '£1.00', 'product_additionals': '(£1.99/100g)'}, 111.93749999999997, 0.1777777777777778), ({'shop': 'asda', 'url': 'https://groceries.asda.com/product/1000150186042', 'product_name': 'Smarties Milk Chocolate Christmas Penguin Multipack', 'product_price': '£1.50', 'product_additionals': '(£2.08/100g)'}, 142.99999999999994, 0.1454545454545455), ({'shop': 'tesco', 'url': 'https://www.tesco.com/groceries/en-GB/products/308103753', 'product_name': 'Smarties Milk Chocolate Easter Egg 119G', 'product_price': '£ 1.00', 'product_additionals': '£0.84/100g'}, 45.150000000000006, 0.18604651162790697), ({'shop': 'tesco', 'url': 'https://www.tesco.com/groceries/en-GB/products/307961066', 'product_name': 'Smarties Milk Chocolate Easter Egg Hunt 8 Pack 140G', 'product_price': '£ 3.00', 'product_additionals': '£2.15/100g'}, 147.81249999999994, 0.1454545454545455), ({'shop': 'tesco', 'url': 'https://www.tesco.com/groceries/en-GB/products/305554281', 'product_name': 'Smarties Milk Chocolate Mini Eggs 80G', 'product_price': '£ 1.00', 'product_additionals': '£1.25/100g'}, 64.06250000000001, 0.19512195121951215), ({'shop': 'tesco', 'url': 'https://www.tesco.com/groceries/en-GB/products/305554465', 'product_name': 'Smarties Milk Chocolate Mini Eggs Giant Bag 240G', 'product_price': '£ 2.00', 'product_additionals': '£0.83/100g'}, 53.95, 0.15384615384615385), ({'shop': 'asda', 'url': 'https://groceries.asda.com/product/1000034704520', 'product_name': 'Smarties Milk Chocolate Sharing Bag', 'product_price': '£0.99', 'product_additionals': '(83.9p/100g)'}, 4090.1250000000014, 0.20512820512820507), ({'shop': 'asda', 'url': 'https://groceries.asda.com/product/910000522670', 'product_name': 'Smarties Milk Chocolate Sweets Tube Multipack 4 Pack', 'product_price': '£1.00', 'product_additionals': '(65.8p/100g)'}, 4606.000000000002, 0.1428571428571428), ({'shop': 'asda', 'url': 'https://groceries.asda.com/product/1000107813970', 'product_name': 'Smarties Mini Milk Chocolate Sweets Bag', 'product_price': '£0.25', 'product_additionals': '(£1.67/100g)'}, 89.7625, 0.18604651162790697), ({'shop': 'asda', 'url': 'https://groceries.asda.com/product/1000072842960', 'product_name': 'Smarties Pink Milk Chocolate Giant Tube', 'product_price': '£1.00', 'product_additionals': '(76.9p/100g)'}, 4133.375, 0.18604651162790697), ({'shop': 'tesco', 'url': 'https://www.tesco.com/groceries/en-GB/products/301011521', 'product_name': 'Special K Milk Chocolate Bars 5X27g', 'product_price': '£ 1.00', 'product_additionals': '£0.74/100g'}, 48.1, 0.15384615384615385), ({'shop': 'tesco', 'url': 'https://www.tesco.com/groceries/en-GB/products/260378143', 'product_name': 'St Helens Farm Natural Goats Milk Yogurt 450G', 'product_price': '£ 2.40', 'product_additionals': '£0.53/100g'}, 32.462500000000006, 0.16326530612244894), ({'shop': 'tesco', 'url': 'https://www.tesco.com/groceries/en-GB/products/301603040', 'product_name': 'Stock Knoppers Milk And Nut Wafers 75G', 'product_price': '£ 1.50', 'product_additionals': '£0.20/10g'}, 140.00000000000006, 0.1428571428571428), ({'shop': 'asda', 'url': 'https://groceries.asda.com/product/910002987974', 'product_name': 'Storck Knoppers Milk and Nut Wafers', 'product_price': '£1.25', 'product_additionals': '(£1.67/100g)'}, 108.54999999999998, 0.15384615384615385), ({'shop': 'asda', 'url': 'https://groceries.asda.com/product/910003081224', 'product_name': 'Swizzels Drumstick Squashies Mini Bags Raspberry & Milk Flavour 20 Pack', 'product_price': '£2.00', 'product_additionals': '(71.4p/100g)'}, 6693.749999999999, 0.10666666666666669), ({'shop': 'asda', 'url': 'https://groceries.asda.com/product/1000039942609', 'product_name': 'Swizzels Drumstick Squashies Original Raspberry & Milk Flavour', 'product_price': '£0.90', 'product_additionals': '(56.2p/100g)'}, 4636.5, 0.12121212121212122), ({'shop': 'asda', 'url': 'https://groceries.asda.com/product/910002751801', 'product_name': 'Tassimo 16 Creamer from Milk Pods', 'product_price': '£3.99', 'product_additionals': '(£1.16/100g)'}, 53.65, 0.21621621621621623), ({'shop': 'asda', 'url': 'https://groceries.asda.com/product/1000072843086', 'product_name': "Terry's Chocolate Orange Milk", 'product_price': '£1.00', 'product_additionals': '(63.7p/100g)'}, 3503.4999999999986, 0.18181818181818188), ({'shop': 'asda', 'url': 'https://groceries.asda.com/product/1000194797272', 'product_name': "Terry's Chocolate Orange Milk Bar", 'product_price': '£1.00', 'product_additionals': '(£1.11/100g)'}, 68.44999999999999, 0.16216216216216217), ({'shop': 'asda', 'url': 'https://groceries.asda.com/product/1000194797186', 'product_name': "Terry's Chocolate Orange Milk Chocolate Bars 3 Pack", 'product_price': '£1.00', 'product_additionals': '(95.2p/100g)'}, 8726.666666666664, 0.10909090909090913), ({'shop': 'tesco', 'url': 'https://www.tesco.com/groceries/en-GB/products/293749766', 'product_name': "Terry's Chocolate Orange Milk Chocolate Box 157G", 'product_price': '£ 1.95', 'product_additionals': '£1.25/100g'}, 108.3333333333333, 0.11538461538461542), ({'shop': 'asda', 'url': 'https://groceries.asda.com/product/1000235168241', 'product_name': "Terry's Limited Edition Milk Chocolate Orange & Cranberry Bar", 'product_price': '£0.25', 'product_additionals': '(27.8p/100g)'}, 2258.75, 0.12307692307692308), ({'shop': 'tesco', 'url': 'https://www.tesco.com/groceries/en-GB/products/301012899', 'product_name': 'Tesco 6 Chocolate & Milk Crispy Bars 126G', 'product_price': '£ 0.89', 'product_additionals': '£0.71/100g'}, 53.25000000000001, 0.1333333333333333), ({'shop': 'tesco', 'url': 'https://www.tesco.com/groceries/en-GB/products/275049199', 'product_name': 'Tesco Banana Milkshake Bottle 80G', 'product_price': '£ 0.40', 'product_additionals': '£0.50/100g'}, 30.833333333333332, 0.16216216216216217), ({'shop': 'tesco', 'url': 'https://www.tesco.com/groceries/en-GB/products/305971593', 'product_name': 'Tesco Buttermilk Chicken Mini Fillets 305G', 'product_price': '£ 2.50', 'product_additionals': '£8.20/kg'}, 47.15, 0.17391304347826086), ({'shop': 'tesco', 'url': 'https://www.tesco.com/groceries/en-GB/products/266045712', 'product_name': 'Tesco Chocolate Malted Milk Biscuits 250G', 'product_price': '£ 0.85', 'product_additionals': '£0.34/100g'}, 25.500000000000004, 0.1333333333333333), ({'shop': 'tesco', 'url': 'https://www.tesco.com/groceries/en-GB/products/288716611', 'product_name': 'Tesco Condensed Milk 397G', 'product_price': '£ 1.05', 'product_additionals': '£2.65/kg'}, 12.808333333333335, 0.2068965517241379), ({'shop': 'tesco', 'url': 'https://www.tesco.com/groceries/en-GB/products/290595440', 'product_name': 'Tesco Easter Milk Chocolate Bunny 100G', 'product_price': '£ 0.89', 'product_additionals': '£0.89/100g'}, 62.30000000000003, 0.1428571428571428), ({'shop': 'tesco', 'url': 'https://www.tesco.com/groceries/en-GB/products/256909311', 'product_name': 'Tesco Evaporated Milk 170G', 'product_price': '£ 0.50', 'product_additionals': '£2.95/kg'}, 14.750000000000004, 0.19999999999999996), ({'shop': 'tesco', 'url': 'https://www.tesco.com/groceries/en-GB/products/256909870', 'product_name': 'Tesco Evaporated Milk 410G', 'product_price': '£ 0.65', 'product_additionals': '£1.59/kg'}, 7.950000000000002, 0.19999999999999996), ({'shop': 'tesco', 'url': 'https://www.tesco.com/groceries/en-GB/products/275412034', 'product_name': 'Tesco Finest Baking Chocolate Milk 100G', 'product_price': '£ 1.30', 'product_additionals': '£1.30/100g'}, 93.16666666666664, 0.13953488372093026), ({'shop': 'tesco', 'url': 'https://www.tesco.com/groceries/en-GB/products/304380717', 'product_name': 'Tesco Finest Belgian Milk Chocolate Cookies 210G', 'product_price': '£ 1.69', 'product_additionals': '£0.80/100g'}, 69.33333333333331, 0.11538461538461542), ({'shop': 'tesco', 'url': 'https://www.tesco.com/groceries/en-GB/products/300228693', 'product_name': 'Tesco Finest Chunky Milk Chocolate & Hazelnut Cookies 200G', 'product_price': '£ 1.59', 'product_additionals': '£0.80/100g'}, 82.66666666666664, 0.09677419354838712), ({'shop': 'tesco', 'url': 'https://www.tesco.com/groceries/en-GB/products/267377676', 'product_name': 'Tesco Instant Dried Skimmed Milk 340G', 'product_price': '£ 2.00', 'product_additionals': '£5.89/kg'}, 30.186250000000005, 0.19512195121951215), ({'shop': 'tesco', 'url': 'https://www.tesco.com/groceries/en-GB/products/256909294', 'product_name': 'Tesco Light Choices Evaporated Semi Skimmed Milk 170G', 'product_price': '£ 0.50', 'product_additionals': '£2.95/kg'}, 21.01875, 0.14035087719298245), ({'shop': 'tesco', 'url': 'https://www.tesco.com/groceries/en-GB/products/256909887', 'product_name': 'Tesco Low Fat Evaporated Semi Skimmed Milk 410G', 'product_price': '£ 0.65', 'product_additionals': '£1.59/kg'}, 10.13625, 0.1568627450980392), ({'shop': 'tesco', 'url': 'https://www.tesco.com/groceries/en-GB/products/255220251', 'product_name': 'Tesco Malted Milk Biscuits 200G', 'product_price': '£ 0.45', 'product_additionals': '£0.22/100g'}, 12.83333333333333, 0.17142857142857149), ({'shop': 'tesco', 'url': 'https://www.tesco.com/groceries/en-GB/products/307347863', 'product_name': 'Tesco Milk & White Egg Hunt 475G', 'product_price': '£ 5.00', 'product_additionals': '£1.06/100g'}, 63.60000000000001, 0.16666666666666663), ({'shop': 'tesco', 'url': 'https://www.tesco.com/groceries/en-GB/products/270965130', 'product_name': 'Tesco Milk Bottles 75G', 'product_price': '£ 0.40', 'product_additionals': '£0.53/100g'}, 22.966666666666658, 0.23076923076923084), ({'shop': 'tesco', 'url': 'https://www.tesco.com/groceries/en-GB/products/255762801', 'product_name': 'Tesco Milk Chocolate Biscuit Break 8 Pack 172G', 'product_price': '£ 0.89', 'product_additionals': '£0.52/100g'}, 43.333333333333336, 0.12), ({'shop': 'tesco', 'url': 'https://www.tesco.com/groceries/en-GB/products/297549518', 'product_name': 'Tesco Milk Chocolate Biscuit Selection 450G', 'product_price': '£ 4.00', 'product_additionals': '£0.89/100g'}, 69.7166666666667, 0.12765957446808507), ({'shop': 'tesco', 'url': 'https://www.tesco.com/groceries/en-GB/products/307364796', 'product_name': 'Tesco Milk Chocolate Bunnies 75G', 'product_price': '£ 0.75', 'product_additionals': '£1.00/100g'}, 60.000000000000014, 0.16666666666666663), ({'shop': 'tesco', 'url': 'https://www.tesco.com/groceries/en-GB/products/261356853', 'product_name': 'Tesco Milk Chocolate Butter Biscuits 125G', 'product_price': '£ 0.85', 'product_additionals': '£0.68/100g'}, 51.00000000000001, 0.1333333333333333), ({'shop': 'tesco', 'url': 'https://www.tesco.com/groceries/en-GB/products/259595923', 'product_name': 'Tesco Milk Chocolate Buttons 70G', 'product_price': '£ 0.40', 'product_additionals': '£0.57/100g'}, 34.20000000000001, 0.16666666666666663), ({'shop': 'tesco', 'url': 'https://www.tesco.com/groceries/en-GB/products/254913717', 'product_name': 'Tesco Milk Chocolate Cake Covering 300G', 'product_price': '£ 0.80', 'product_additionals': '£0.27/100g'}, 19.349999999999998, 0.13953488372093026), ({'shop': 'tesco', 'url': 'https://www.tesco.com/groceries/en-GB/products/278244694', 'product_name': 'Tesco Milk Chocolate Chips 100G', 'product_price': '£ 0.80', 'product_additionals': '£0.80/100g'}, 46.66666666666665, 0.17142857142857149), ({'shop': 'tesco', 'url': 'https://www.tesco.com/groceries/en-GB/products/278274664', 'product_name': 'Tesco Milk Chocolate Chunks 100G', 'product_price': '£ 1.00', 'product_additionals': '£1.00/100g'}, 60.000000000000014, 0.16666666666666663), ({'shop': 'tesco', 'url': 'https://www.tesco.com/groceries/en-GB/products/254924572', 'product_name': 'Tesco Milk Chocolate Digestive 300G', 'product_price': '£ 0.60', 'product_additionals': '£0.20/100g'}, 13.0, 0.15384615384615385), ({'shop': 'tesco', 'url': 'https://www.tesco.com/groceries/en-GB/products/300792887', 'product_name': 'Tesco Milk Chocolate Peanut 200G', 'product_price': '£ 0.75', 'product_additionals': '£0.38/100g'}, 22.800000000000004, 0.16666666666666663), ({'shop': 'tesco', 'url': 'https://www.tesco.com/groceries/en-GB/products/300792956', 'product_name': 'Tesco Milk Chocolate Raisins 200G', 'product_price': '£ 0.75', 'product_additionals': '£0.38/100g'}, 23.43333333333333, 0.16216216216216217), ({'shop': 'tesco', 'url': 'https://www.tesco.com/groceries/en-GB/products/307737200', 'product_name': 'Tesco Milk Chocolate Viennese Fingers 130G', 'product_price': '£ 1.00', 'product_additionals': '£0.77/100g'}, 59.033333333333324, 0.13043478260869568), ({'shop': 'tesco', 'url': 'https://www.tesco.com/groceries/en-GB/products/258520070', 'product_name': 'Tesco Milk Cooking Chocolate 150G', 'product_price': '£ 0.80', 'product_additionals': '£0.53/100g'}, 32.68333333333333, 0.16216216216216217), ({'shop': 'tesco', 'url': 'https://www.tesco.com/groceries/en-GB/products/292975954', 'product_name': 'Tesco Pillows With Milk Chocolate Filling 375G', 'product_price': '£ 1.10', 'product_additionals': '£0.29/100g'}, 24.166666666666668, 0.12), ({'shop': 'tesco', 'url': 'https://www.tesco.com/groceries/en-GB/products/305973297', 'product_name': 'Tesco Rice Cakes Milk Chocolate 105G', 'product_price': '£ 1.00', 'product_additionals': '£9.53/kg'}, 63.53333333333332, 0.15000000000000002), ({'shop': 'tesco', 'url': 'https://www.tesco.com/groceries/en-GB/products/302932397', 'product_name': 'Tesco Slim Milk Chocolate Crunch Meal Replacement Bars 4X60g', 'product_price': '£ 4.00', 'product_additionals': '£1.67/100g'}, 133.6, 0.125), ({'shop': 'tesco', 'url': 'https://www.tesco.com/groceries/en-GB/products/307340945', 'product_name': 'Tescomilk Chocolate Eggs 75G', 'product_price': '£ 0.75', 'product_additionals': '£1.00/100g'}, 40.0, 0.25), ({'shop': 'tesco', 'url': 'https://www.tesco.com/groceries/en-GB/products/302295999', 'product_name': 'Thorntons Classic Collection Of Milk, Dark & White Chocolate 449G', 'product_price': '£ 8.50', 'product_additionals': '£1.90/100g'}, 218.50000000000014, 0.08695652173913038), ({'shop': 'tesco', 'url': 'https://www.tesco.com/groceries/en-GB/products/307363630', 'product_name': 'Thorntons Continental Milk Chocolate Easter Egg 257G', 'product_price': '£ 8.00', 'product_additionals': '£3.12/100g'}, 291.2000000000001, 0.1071428571428571), ({'shop': 'asda', 'url': 'https://groceries.asda.com/product/1000000982681', 'product_name': 'Thorntons Continental Milk, Dark, White Chocolate Gift Box', 'product_price': '£7.00', 'product_additionals': '(£2.46/100g)'}, 254.19999999999996, 0.09677419354838712), ({'shop': 'tesco', 'url': 'https://www.tesco.com/groceries/en-GB/products/297058391', 'product_name': 'Thorntons Dark Continental Milk White Chocolates 142G', 'product_price': '£ 6.00', 'product_additionals': '£4.23/100g'}, 401.85, 0.10526315789473684), ({'shop': 'tesco', 'url': 'https://www.tesco.com/groceries/en-GB/products/297058097', 'product_name': 'Thorntons Dark Continental Milk White Chocolates 284G', 'product_price': '£ 10.00', 'product_additionals': '£3.53/100g'}, 335.34999999999997, 0.10526315789473684), ({'shop': 'tesco', 'url': 'https://www.tesco.com/groceries/en-GB/products/295065362', 'product_name': 'Thorntons Milk Chocolate Bunny 200G', 'product_price': '£ 4.00', 'product_additionals': '£2.00/100g'}, 130.0, 0.15384615384615385), ({'shop': 'asda', 'url': 'https://groceries.asda.com/product/1000159964014', 'product_name': 'Thorntons Milk Chocolate Cheeky Elf Model', 'product_price': '£4.00', 'product_additionals': '(£2.00/100g)'}, 150.00000000000003, 0.1333333333333333), ({'shop': 'tesco', 'url': 'https://www.tesco.com/groceries/en-GB/products/304788973', 'product_name': 'Thorntons Milk Chocolate Dinosaur Egg 151G', 'product_price': '£ 2.50', 'product_additionals': '£1.66/100g'}, 127.26666666666665, 0.13043478260869568), ({'shop': 'tesco', 'url': 'https://www.tesco.com/groceries/en-GB/products/304414558', 'product_name': 'Thorntons Milk Chocolate Unicorn Egg 151G', 'product_price': '£ 2.50', 'product_additionals': '£1.66/100g'}, 124.50000000000004, 0.1333333333333333), ({'shop': 'asda', 'url': 'https://groceries.asda.com/product/1000159963991', 'product_name': 'Thorntons Milk, Dark, White Classic Collection Chocolate Box', 'product_price': '£7.00', 'product_additionals': '(£1.56/100g)'}, 166.4, 0.09375), ({'shop': 'asda', 'url': 'https://groceries.asda.com/product/1000161871320', 'product_name': 'Thorntons Milk, Dark, White Classic Collection Gift Wrapped Chocolate Box', 'product_price': '£6.00', 'product_additionals': '(£2.29/100g)'}, 293.8833333333332, 0.07792207792207795), ({'shop': 'tesco', 'url': 'https://www.tesco.com/groceries/en-GB/products/293368289', 'product_name': 'Toblerone Milk 360G', 'product_price': '£ 5.00', 'product_additionals': '£1.39/100g'}, 53.283333333333324, 0.26086956521739135), ({'shop': 'asda', 'url': 'https://groceries.asda.com/product/43638001', 'product_name': 'Toblerone Milk Chocolate Bar', 'product_price': '£1.15', 'product_additionals': '(£1.15/100g)'}, 61.333333333333336, 0.1875), ({'shop': 'asda', 'url': 'https://groceries.asda.com/product/910002593443', 'product_name': 'Toblerone Milk Chocolate Large Bar', 'product_price': '£3.50', 'product_additionals': '(97.2p/100g)'}, 6155.999999999998, 0.1578947368421053), ({'shop': 'asda', 'url': 'https://groceries.asda.com/product/910001736097', 'product_name': 'Toffee Crisp Milk Chocolate Bar', 'product_price': '£0.55', 'product_additionals': '(£1.45/100g)'}, 84.5833333333333, 0.17142857142857149), ({'shop': 'asda', 'url': 'https://groceries.asda.com/product/910001455940', 'product_name': 'Tropical Sun 100% Natural Coconut Milk', 'product_price': '£1.50', 'product_additionals': '(£3.75/kg)'}, 26.25000000000001, 0.1428571428571428), ({'shop': 'tesco', 'url': 'https://www.tesco.com/groceries/en-GB/products/255526609', 'product_name': 'Tunnocks Milk Chocolate Caramel Wafer 240G', 'product_price': '£ 1.39', 'product_additionals': '£0.58/100g'}, 44.466666666666654, 0.13043478260869568), ({'shop': 'tesco', 'url': 'https://www.tesco.com/groceries/en-GB/products/254923832', 'product_name': 'Tunnocks Milk Chocolate Teacakes 6X24g', 'product_price': '£ 0.95', 'product_additionals': '£0.66/100g'}, 46.20000000000002, 0.1428571428571428), ({'shop': 'tesco', 'url': 'https://www.tesco.com/groceries/en-GB/products/254942734', 'product_name': 'Warburtons Milk Roll Sliced White Bread 400G', 'product_price': '£ 0.90', 'product_additionals': '£0.22/100g'}, 17.6, 0.125), ({'shop': 'asda', 'url': 'https://groceries.asda.com/product/36473', 'product_name': 'Warburtons White Milk Roll Bread', 'product_price': '£0.95', 'product_additionals': '(23.8p/100g)'}, 1428.0000000000002, 0.16666666666666663), ({'shop': 'asda', 'url': 'https://groceries.asda.com/product/20760', 'product_name': 'Yakult Fermented Milk', 'product_price': '£3.00', 'product_additionals': '(65.9p/100g)'}, 2059.3749999999995, 0.32000000000000006), ({'shop': 'asda', 'url': 'https://groceries.asda.com/product/1558656', 'product_name': 'Yorkie Milk Chocolate Biscuit Bar 7 Pack', 'product_price': '£1.00', 'product_additionals': '(58.3p/100g)'}, 4275.333333333334, 0.13636363636363635), ({'shop': 'tesco', 'url': 'https://www.tesco.com/groceries/en-GB/products/263538128', 'product_name': 'Yorkie Milk Chocolate Biscuits 7 Pack 171.5G', 'product_price': '£ 1.00', 'product_additionals': '£0.58/100g'}, 46.4, 0.125), ({'shop': 'tesco', 'url': 'https://www.tesco.com/groceries/en-GB/products/286616442', 'product_name': 'Yorkie Milk Multi Pack 138G', 'product_price': '£ 1.00', 'product_additionals': '£0.72/100g'}, 37.19999999999999, 0.19354838709677424), ({'shop': 'asda', 'url': 'https://groceries.asda.com/product/910001590670', 'product_name': 'Yorkie Original Milk Chocolate Bar', 'product_price': '£0.55', 'product_additionals': '(£1.20/100g)'}, 75.99999999999997, 0.1578947368421053), ({'shop': 'asda', 'url': 'https://groceries.asda.com/product/1000006616995', 'product_name': "Zaad Cow's Milk Cheese", 'product_price': '£2.79', 'product_additionals': '(£7.97/kg)'}, 34.536666666666655, 0.23076923076923084), ({'shop': 'asda', 'url': 'https://groceries.asda.com/product/910002157230', 'product_name': 'Zott Milk & Chocolate Dessert', 'product_price': '£1.89', 'product_additionals': '(47.2p/100g)'}, 2595.999999999999, 0.18181818181818188)], [({'shop': 'asda', 'url': 'https://groceries.asda.com/product/43333959', 'product_name': 'Ambre Solaire Aftersun Skin Soother Hydrating Milk', 'product_price': '£11.00', 'product_additionals': '(£2.75/100ml)'}, 185.625, 0.14814814814814814), ({'shop': 'tesco', 'url': 'https://www.tesco.com/groceries/en-GB/products/287594156', 'product_name': 'Ambre Solaire Milk Spf 50 Vitamin C 200Ml', 'product_price': '£ 5.00', 'product_additionals': '£2.50/100ml'}, 140.62499999999997, 0.1777777777777778), ({'shop': 'asda', 'url': 'https://groceries.asda.com/product/910000420790', 'product_name': 'Amoy Coconut Milk', 'product_price': '£1.79', 'product_additionals': '(44.8p/100ml)'}, 1176.0, 0.38095238095238093), ({'shop': 'asda', 'url': 'https://groceries.asda.com/product/910000420686', 'product_name': 'Amoy Coconut Milk Reduced Fat', 'product_price': '£1.79', 'product_additionals': '(44.8p/100ml)'}, 1848.0, 0.24242424242424243), ({'shop': 'tesco', 'url': 'https://www.tesco.com/groceries/en-GB/products/278975404', 'product_name': 'Aptamil 1 First Milk 200Ml Ready To Feed Liquid', 'product_price': '£ 0.95', 'product_additionals': '£0.48/100ml'}, 30.599999999999998, 0.1568627450980392), ({'shop': 'tesco', 'url': 'https://www.tesco.com/groceries/en-GB/products/291368966', 'product_name': 'Aptamil Profutura First Infant Milk 200Ml', 'product_price': '£ 1.10', 'product_additionals': '£0.55/100ml'}, 30.937499999999993, 0.1777777777777778), ({'shop': 'asda', 'url': 'https://groceries.asda.com/product/910001067005', 'product_name': 'Aquafresh Milk Teeth 0-2 Yrs Toothpaste', 'product_price': '£1.00', 'product_additionals': '(£2.00/100ml)'}, 143.33333333333331, 0.13953488372093026), ({'shop': 'tesco', 'url': 'https://www.tesco.com/groceries/en-GB/products/262709654', 'product_name': 'Aquafresh Milk Teeth Toothpaste 50Ml', 'product_price': '£ 1.25', 'product_additionals': '£2.50/100ml'}, 166.66666666666663, 0.15000000000000002), ({'shop': 'asda', 'url': 'https://groceries.asda.com/product/910002435505', 'product_name': 'Arla Protein Raspberry & Strawberry Milkshake', 'product_price': '£1.00', 'product_additionals': '(44.4p/100ml)'}, 3625.999999999999, 0.12244897959183676), ({'shop': 'asda', 'url': 'https://groceries.asda.com/product/910002436132', 'product_name': 'Arla Protein Tropical Milkshake', 'product_price': '£1.00', 'product_additionals': '(44.4p/100ml)'}, 2589.999999999999, 0.17142857142857149), ({'shop': 'asda', 'url': 'https://groceries.asda.com/product/910002365219', 'product_name': 'ASDA Smoky Buttermilk Ranch Dressing', 'product_price': '£0.89', 'product_additionals': '(35.6p/100ml)'}, 1780.0000000000005, 0.19999999999999996), ({'shop': 'asda', 'url': 'https://groceries.asda.com/product/1000168286620', 'product_name': 'Bondi Sands Everyday Gradual Tanning Milk', 'product_price': '£11.99', 'product_additionals': '(£3.20/100ml)'}, 240.00000000000006, 0.1333333333333333), ({'shop': 'tesco', 'url': 'https://www.tesco.com/groceries/en-GB/products/298107990', 'product_name': 'Bondi Sands Gradual Tanning Milk 375Ml', 'product_price': '£ 12.00', 'product_additionals': '£3.20/100ml'}, 224.0000000000001, 0.1428571428571428), ({'shop': 'tesco', 'url': 'https://www.tesco.com/groceries/en-GB/products/282692727', 'product_name': 'Cadbury Dairy Milk Buttons Ice Cream Cones 4 X 100Ml', 'product_price': '£ 1.90', 'product_additionals': '£0.48/100ml'}, 44.80000000000002, 0.1071428571428571), ({'shop': 'tesco', 'url': 'https://www.tesco.com/groceries/en-GB/products/293795422', 'product_name': 'Cadbury Dairy Milk Stick 4X100ml', 'product_price': '£ 2.75', 'product_additionals': '£0.69/100ml'}, 41.40000000000001, 0.16666666666666663), ({'shop': 'asda', 'url': 'https://groceries.asda.com/product/1000005550468', 'product_name': 'Camelicious Long Life Whole Camel Milk', 'product_price': '£2.75', 'product_additionals': '(£1.17/100ml)'}, 61.425, 0.19047619047619047), ({'shop': 'asda', 'url': 'https://groceries.asda.com/product/910002380756', 'product_name': 'Caribbean Choice Coconut Milk', 'product_price': '£0.63', 'product_additionals': '(15.8p/100ml)'}, 868.9999999999997, 0.18181818181818188), ({'shop': 'tesco', 'url': 'https://www.tesco.com/groceries/en-GB/products/285963725', 'product_name': 'Collagen+ Beauty Milk 200Ml', 'product_price': '£ 2.00', 'product_additionals': '£1.00/100ml'}, 51.66666666666665, 0.19354838709677424), ({'shop': 'asda', 'url': 'https://groceries.asda.com/product/1000244431906', 'product_name': 'Collection Lasting Perfection Foundation, Buttermilk Sh10', 'product_price': '£6.48', 'product_additionals': '(£2.40/10ml)'}, 1829.9999999999995, 0.1311475409836066), ({'shop': 'tesco', 'url': 'https://www.tesco.com/groceries/en-GB/products/305964757', 'product_name': 'Collective Kefir Mango Cultured Milk Drink 500Ml', 'product_price': '£ 2.00', 'product_additionals': '£0.40/100ml'}, 34.66666666666666, 0.11538461538461542), ({'shop': 'tesco', 'url': 'https://www.tesco.com/groceries/en-GB/products/304794343', 'product_name': 'Crusha Milkshake Mix Cookies & Cream 500Ml', 'product_price': '£ 2.00', 'product_additionals': '£0.40/100ml'}, 30.66666666666666, 0.13043478260869568), ({'shop': 'asda', 'url': 'https://groceries.asda.com/product/910002995497', 'product_name': 'Crusha No Added Sugar Chocolate Flavour Milkshake Mix', 'product_price': '£2.00', 'product_additionals': '(27.0p/100ml)'}, 2565.0, 0.10526315789473684), ({'shop': 'asda', 'url': 'https://groceries.asda.com/product/24544845', 'product_name': 'Crusha No Added Sugar Strawberry Flavour Milkshake Mix', 'product_price': '£2.00', 'product_additionals': '(27.0p/100ml)'}, 2610.0000000000005, 0.10344827586206895), ({'shop': 'asda', 'url': 'https://groceries.asda.com/product/1000158056045', 'product_name': 'Dove Purely Pampering Milk & Coconut Body Wash', 'product_price': '£0.98', 'product_additionals': '(43.6p/100ml)'}, 2724.9999999999995, 0.16000000000000003), ({'shop': 'asda', 'url': 'https://groceries.asda.com/product/1000140068981', 'product_name': "Dunn's River Coconut Milk", 'product_price': '£1.00', 'product_additionals': '(25.0p/100ml)'}, 1208.3333333333335, 0.2068965517241379), ({'shop': 'tesco', 'url': 'https://www.tesco.com/groceries/en-GB/products/274025223', 'product_name': 'E45 Junior Foaming Bath Milk 500Ml', 'product_price': '£ 4.00', 'product_additionals': '£0.80/100ml'}, 38.0, 0.21052631578947367), ({'shop': 'asda', 'url': 'https://groceries.asda.com/product/1000142866375', 'product_name': 'Edge Strawberry Milkshake E-Liquid 6mg', 'product_price': '£2.50', 'product_additionals': '(£25.00/100ml)'}, 1750.0000000000007, 0.1428571428571428), ({'shop': 'tesco', 'url': 'https://www.tesco.com/groceries/en-GB/products/279845143', 'product_name': 'For Goodness Shakes Recovery Milk Chocolate 475Ml', 'product_price': '£ 1.70', 'product_additionals': '£0.36/100ml'}, 31.800000000000008, 0.1132075471698113), ({'shop': 'asda', 'url': 'https://groceries.asda.com/product/1000000984240', 'product_name': 'FRijj Banana Flavour Milkshake', 'product_price': '£1.00', 'product_additionals': '(25.0p/100ml)'}, 1416.6666666666663, 0.17647058823529416), ({'shop': 'tesco', 'url': 'https://www.tesco.com/groceries/en-GB/products/297794371', 'product_name': 'Frijj Chocolate Milkshake 400Ml', 'product_price': '£ 1.00', 'product_additionals': '£0.25/100ml'}, 14.583333333333329, 0.17142857142857149), ({'shop': 'asda', 'url': 'https://groceries.asda.com/product/1000000984061', 'product_name': 'FRijj Fudge Brownie Flavour Milkshake', 'product_price': '£1.00', 'product_additionals': '(25.0p/100ml)'}, 1708.333333333333, 0.14634146341463417), ({'shop': 'asda', 'url': 'https://groceries.asda.com/product/910001743535', 'product_name': 'FUEL10K High Protein Banana Breakfast Milk Drink', 'product_price': '£1.30', 'product_additionals': '(39.4p/100ml)'}, 3414.6666666666656, 0.11538461538461542), ({'shop': 'asda', 'url': 'https://groceries.asda.com/product/910000950313', 'product_name': 'FUEL10K High Protein Chocolate Breakfast Milk Drink', 'product_price': '£1.30', 'product_additionals': '(39.4p/100ml)'}, 3611.6666666666656, 0.10909090909090913), ({'shop': 'asda', 'url': 'https://groceries.asda.com/product/910000951046', 'product_name': 'FUEL10K High Protein Strawberry Breakfast Milk Drink', 'product_price': '£1.30', 'product_additionals': '(39.4p/100ml)'}, 3677.333333333335, 0.1071428571428571), ({'shop': 'asda', 'url': 'https://groceries.asda.com/product/910001267477', 'product_name': 'FUEL10K High Protein Vanilla Breakfast Milk Drink', 'product_price': '£1.30', 'product_additionals': '(39.4p/100ml)'}, 3480.333333333334, 0.1132075471698113), ({'shop': 'tesco', 'url': 'https://www.tesco.com/groceries/en-GB/products/272473795', 'product_name': 'Garnier Body 7Days Shea Hand Milk 100Ml', 'product_price': '£ 2.25', 'product_additionals': '£2.25/100ml'}, 161.24999999999997, 0.13953488372093026), ({'shop': 'asda', 'url': 'https://groceries.asda.com/product/1000112906987', 'product_name': 'Garnier Intensive 7 Days Coconut Milk Body Lotion Dry Rough Skin', 'product_price': '£2.50', 'product_additionals': '(62.5p/100ml)'}, 7083.333333333332, 0.08823529411764708), ({'shop': 'asda', 'url': 'https://groceries.asda.com/product/1000106117557', 'product_name': 'Garnier Micellar Milky Cleansing Water', 'product_price': '£4.00', 'product_additionals': '(£1.00/100ml)'}, 70.00000000000003, 0.1428571428571428), ({'shop': 'asda', 'url': 'https://groceries.asda.com/product/910003053234', 'product_name': 'Garnier Natural Rose Water Cleansing Milk Sensitive Skin', 'product_price': '£1.75', 'product_additionals': '(87.5p/100ml)'}, 8750.000000000002, 0.09999999999999998), ({'shop': 'asda', 'url': 'https://groceries.asda.com/product/1000106846628', 'product_name': 'Garnier Ultimate Blends Almond Milk & Agave Sap Normal Hair Conditioner', 'product_price': '£1.98', 'product_additionals': '(55.0p/100ml)'}, 5156.249999999999, 0.10666666666666669), ({'shop': 'asda', 'url': 'https://groceries.asda.com/product/1000106846708', 'product_name': 'Garnier Ultimate Blends Almond Milk & Agave Sap Normal Hair Shampoo', 'product_price': '£1.98', 'product_additionals': '(55.0p/100ml)'}, 4881.250000000002, 0.11267605633802813), ({'shop': 'tesco', 'url': 'https://www.tesco.com/groceries/en-GB/products/302134587', 'product_name': 'Garnier Ultimate Blends Almond Milk Normal Hair Conditioner 360Ml', 'product_price': '£ 1.99', 'product_additionals': '£0.55/100ml'}, 47.437500000000014, 0.1159420289855072), ({'shop': 'tesco', 'url': 'https://www.tesco.com/groceries/en-GB/products/302134564', 'product_name': 'Garnier Ultimate Blends Almond Milk Normal Hair Shampoo 360Ml', 'product_price': '£ 1.99', 'product_additionals': '£0.55/100ml'}, 44.6875, 0.12307692307692308), ({'shop': 'tesco', 'url': 'https://www.tesco.com/groceries/en-GB/products/298817350', 'product_name': 'Garnier Ultimate Blends Coconut Milk Conditioner Dry Hair 360Ml', 'product_price': '£ 1.99', 'product_additionals': '£0.55/100ml'}, 46.06249999999999, 0.11940298507462688), ({'shop': 'asda', 'url': 'https://groceries.asda.com/product/1000012734882', 'product_name': 'Garnier Ultimate Blends Coconut Milk Dry Hair Conditioner', 'product_price': '£1.98', 'product_additionals': '(55.0p/100ml)'}, 4193.749999999999, 0.1311475409836066), ({'shop': 'asda', 'url': 'https://groceries.asda.com/product/1000012734455', 'product_name': 'Garnier Ultimate Blends Coconut Milk Dry Hair Shampoo', 'product_price': '£1.98', 'product_additionals': '(55.0p/100ml)'}, 3918.75, 0.14035087719298245), ({'shop': 'tesco', 'url': 'https://www.tesco.com/groceries/en-GB/products/298817338', 'product_name': 'Garnier Ultimate Blends Coconut Milk Shampoo Dry Hair 360Ml', 'product_price': '£ 1.99', 'product_additionals': '£0.55/100ml'}, 43.3125, 0.12698412698412698), ({'shop': 'asda', 'url': 'https://groceries.asda.com/product/1000012734993', 'product_name': 'Garnier Ultimate Blends Oat Milk Sensitive Scalp Conditioner', 'product_price': '£1.98', 'product_additionals': '(55.0p/100ml)'}, 4400.0, 0.125), ({'shop': 'tesco', 'url': 'https://www.tesco.com/groceries/en-GB/products/298817436', 'product_name': 'Garnier Ultimate Blends Oat Milk Sensitive Scalp Conditioner 360Ml', 'product_price': '£ 1.99', 'product_additionals': '£0.55/100ml'}, 48.124999999999986, 0.11428571428571432), ({'shop': 'asda', 'url': 'https://groceries.asda.com/product/1000012734757', 'product_name': 'Garnier Ultimate Blends Oat Milk Sensitive Scalp Shampoo', 'product_price': '£1.98', 'product_additionals': '(55.0p/100ml)'}, 4125.000000000001, 0.1333333333333333), ({'shop': 'tesco', 'url': 'https://www.tesco.com/groceries/en-GB/products/298817413', 'product_name': 'Garnier Ultimate Blends Oat Milk Sensitive Scalp Shampoo 360Ml', 'product_price': '£ 1.99', 'product_additionals': '£0.55/100ml'}, 45.375, 0.12121212121212122), ({'shop': 'tesco', 'url': 'https://www.tesco.com/groceries/en-GB/products/299038498', 'product_name': 'Herbal Essences Bio Renew Rice Milk Shampoo 400Ml', 'product_price': '£ 4.50', 'product_additionals': '£1.13/100ml'}, 99.81666666666669, 0.1132075471698113), ({'shop': 'tesco', 'url': 'https://www.tesco.com/groceries/en-GB/products/297334726', 'product_name': 'Herbal Essences Bio. Renew Coconut Milk Conditioner 400Ml', 'product_price': '£ 4.50', 'product_additionals': '£1.13/100ml'}, 114.88333333333334, 0.09836065573770492), ({'shop': 'tesco', 'url': 'https://www.tesco.com/groceries/en-GB/products/297334860', 'product_name': 'Herbal Essences Bio. Renew Coconut Milk Shampoo 400Ml', 'product_price': '£ 4.50', 'product_additionals': '£1.13/100ml'}, 107.35000000000001, 0.10526315789473684), ({'shop': 'asda', 'url': 'https://groceries.asda.com/product/910003160158', 'product_name': 'Herbal Essences bio:renew Hair Conditioner Coconut Milk', 'product_price': '£3.00', 'product_additionals': '(75.0p/100ml)'}, 7375.000000000004, 0.10169491525423724), ({'shop': 'asda', 'url': 'https://groceries.asda.com/product/1000204197594', 'product_name': 'Herbal Essences bio:renew Hair Conditioner Coconut Milk Hydrate', 'product_price': '£4.00', 'product_additionals': '(£2.00/100ml)'}, 223.33333333333323, 0.08955223880597019), ({'shop': 'asda', 'url': 'https://groceries.asda.com/product/1000006804899', 'product_name': 'Herbal Essences bio:renew Hair Conditioner Passion Flower & Rice Milk Nourish', 'product_price': '£3.00', 'product_additionals': '(75.0p/100ml)'}, 10125.0, 0.07407407407407407), ({'shop': 'asda', 'url': 'https://groceries.asda.com/product/1000144744829', 'product_name': 'Herbal Essences bio:renew Hair Mask Coconut Milk', 'product_price': '£3.00', 'product_additionals': '(£1.20/100ml)'}, 103.99999999999997, 0.11538461538461542), ({'shop': 'asda', 'url': 'https://groceries.asda.com/product/910003159941', 'product_name': 'Herbal Essences bio:renew Shampoo Coconut Milk Hydrate', 'product_price': '£3.00', 'product_additionals': '(75.0p/100ml)'}, 5437.499999999998, 0.13793103448275867), ({'shop': 'asda', 'url': 'https://groceries.asda.com/product/1000204197692', 'product_name': 'Herbal Essences Bio:renew Shampoo Coconut Milk Hydrate', 'product_price': '£4.00', 'product_additionals': '(£1.60/100ml)'}, 115.99999999999996, 0.13793103448275867), ({'shop': 'asda', 'url': 'https://groceries.asda.com/product/1000006805563', 'product_name': 'Herbal Essences bio:renew Shampoo Passion Flower & Rice Milk Nourish', 'product_price': '£3.00', 'product_additionals': '(75.0p/100ml)'}, 6749.999999999997, 0.11111111111111116), ({'shop': 'tesco', 'url': 'https://www.tesco.com/groceries/en-GB/products/299039382', 'product_name': 'Herbal Essences Biological Renew Rice Milk Conditioner 400Ml', 'product_price': '£ 4.50', 'product_additionals': '£1.13/100ml'}, 120.53333333333335, 0.09375), ({'shop': 'asda', 'url': 'https://groceries.asda.com/product/1000108780467', 'product_name': 'Imperial Leather Foamburst Moisturising Luxury Gel to Foam Body Wash Jasmine & Rice Milk', 'product_price': '£2.00', 'product_additionals': '(£1.00/100ml)'}, 115.00000000000007, 0.08695652173913038), ({'shop': 'tesco', 'url': 'https://www.tesco.com/groceries/en-GB/products/303889439', 'product_name': 'Imperial Leather Foamburst Rice Milk Jasmine200ml', 'product_price': '£ 2.90', 'product_additionals': '£1.45/100ml'}, 96.06250000000003, 0.15094339622641506), ({'shop': 'asda', 'url': 'https://groceries.asda.com/product/910000395716', 'product_name': 'Island Sun Coconut Milk', 'product_price': '£0.59', 'product_additionals': '(14.8p/100ml)'}, 666.0, 0.2222222222222222), ({'shop': 'asda', 'url': 'https://groceries.asda.com/product/1849120', 'product_name': "L'Oreal Age Perfect Cleansing Milk", 'product_price': '£2.50', 'product_additionals': '(£1.25/100ml)'}, 79.16666666666664, 0.1578947368421053), ({'shop': 'tesco', 'url': 'https://www.tesco.com/groceries/en-GB/products/252223333', 'product_name': "L'oreal Paris Age Perfect Cleansing Milk 200Ml", 'product_price': '£ 5.00', 'product_additionals': '£2.50/100ml'}, 208.33333333333334, 0.12), ({'shop': 'asda', 'url': 'https://groceries.asda.com/product/1000112907040', 'product_name': "L'Oreal Paris Fine Flowers Cleansing Milk", 'product_price': '£3.95', 'product_additionals': '(£1.98/100ml)'}, 148.50000000000003, 0.1333333333333333), ({'shop': 'asda', 'url': 'https://groceries.asda.com/product/910002933503', 'product_name': 'Laciate Chocolate Flavoured UHT Milk', 'product_price': '£0.50', 'product_additionals': '(25.0p/100ml)'}, 1666.6666666666665, 0.15000000000000002), ({'shop': 'asda', 'url': 'https://groceries.asda.com/product/910001461430', 'product_name': 'Laciate Junior UHT Milk', 'product_price': '£0.95', 'product_additionals': '(9.5p/100ml)'}, 427.5, 0.2222222222222222), ({'shop': 'asda', 'url': 'https://groceries.asda.com/product/910002933764', 'product_name': 'Laciate Strawberry Flavoured UHT Milk', 'product_price': '£0.50', 'product_additionals': '(25.0p/100ml)'}, 1708.333333333333, 0.14634146341463417), ({'shop': 'asda', 'url': 'https://groceries.asda.com/product/910002933933', 'product_name': 'Laciate Vanilla Flavoured UHT Milk', 'product_price': '£0.50', 'product_additionals': '(25.0p/100ml)'}, 1583.3333333333328, 0.1578947368421053), ({'shop': 'asda', 'url': 'https://groceries.asda.com/product/1000152808223', 'product_name': 'Lowicz Natural Buttermilk', 'product_price': '£1.05', 'product_additionals': '(10.5p/100ml)'}, 380.625, 0.27586206896551724), ({'shop': 'tesco', 'url': 'https://www.tesco.com/groceries/en-GB/products/293754713', 'product_name': 'Mars Chocolate Flavoured Milk Drink No Added Sugar 400Ml', 'product_price': '£ 1.35', 'product_additionals': '£0.34/100ml'}, 34.00000000000001, 0.09999999999999998), ({'shop': 'tesco', 'url': 'https://www.tesco.com/groceries/en-GB/products/299250240', 'product_name': 'Maui Moisture Coconut Milk Conditioner 385Ml', 'product_price': '£ 8.99', 'product_additionals': '£2.34/100ml'}, 187.2, 0.125), ({'shop': 'tesco', 'url': 'https://www.tesco.com/groceries/en-GB/products/299250332', 'product_name': 'Maui Moisture Coconut Milk Shampoo 385Ml', 'product_price': '£ 8.99', 'product_additionals': '£2.34/100ml'}, 171.6, 0.13636363636363635), ({'shop': 'tesco', 'url': 'https://www.tesco.com/groceries/en-GB/products/299250390', 'product_name': 'Maui Moisture Coconut Oil Curl Milk 236Ml', 'product_price': '£ 8.99', 'product_additionals': '£3.81/100ml'}, 285.75000000000006, 0.1333333333333333), ({'shop': 'asda', 'url': 'https://groceries.asda.com/product/1000022626818', 'product_name': 'Maui Moisture Nourish & Moisture + Coconut Milk Conditioner', 'product_price': '£4.50', 'product_additionals': '(£1.17/100ml)'}, 122.85, 0.09523809523809523), ({'shop': 'asda', 'url': 'https://groceries.asda.com/product/1000022626828', 'product_name': 'Maui Moisture Nourish & Moisture + Coconut Milk Shampoo', 'product_price': '£4.50', 'product_additionals': '(£1.17/100ml)'}, 115.05000000000005, 0.10169491525423724), ({'shop': 'asda', 'url': 'https://groceries.asda.com/product/910001790607', 'product_name': 'Milk of Magnesia Liquid', 'product_price': '£5.00', 'product_additionals': '(£2.50/100ml)'}, 112.5, 0.2222222222222222), ({'shop': 'asda', 'url': 'https://groceries.asda.com/product/33045', 'product_name': 'Mini Milk 12 Vanilla Strawberry & Chocolate Ice Cream Lollies', 'product_price': '£2.17', 'product_additionals': '(51.7p/100ml)'}, 5600.833333333333, 0.09230769230769231), ({'shop': 'tesco', 'url': 'https://www.tesco.com/groceries/en-GB/products/256028662', 'product_name': 'Mini Milk Ice Cream Lollies 12 X 35Ml', 'product_price': '£ 2.20', 'product_additionals': '£0.52/100ml'}, 35.53333333333333, 0.14634146341463417), ({'shop': 'tesco', 'url': 'https://www.tesco.com/groceries/en-GB/products/302872853', 'product_name': "Ms. Molly's Milk Lollies 8X35ml", 'product_price': '£ 0.85', 'product_additionals': '£0.30/100ml'}, 17.499999999999993, 0.17142857142857149), ({'shop': 'tesco', 'url': 'https://www.tesco.com/groceries/en-GB/products/305944827', 'product_name': 'Nestle Milky Bar White Chocolate Ice Cream 6X50ml', 'product_price': '£ 3.00', 'product_additionals': '£1.00/100ml'}, 88.33333333333336, 0.1132075471698113), ({'shop': 'tesco', 'url': 'https://www.tesco.com/groceries/en-GB/products/302218379', 'product_name': 'Nivea Body Essential Smooth Milk 400Ml', 'product_price': '£ 4.50', 'product_additionals': '£1.13/100ml'}, 59.32500000000001, 0.19047619047619047), ({'shop': 'tesco', 'url': 'https://www.tesco.com/groceries/en-GB/products/305045215', 'product_name': 'Nivea Naturally Good Organic Green Tea Milky Face Cleanser 200Ml', 'product_price': '£ 4.00', 'product_additionals': '£2.00/100ml'}, 226.66666666666663, 0.08823529411764708), ({'shop': 'tesco', 'url': 'https://www.tesco.com/groceries/en-GB/products/259454394', 'product_name': 'Ogx Coconut Milk Conditioner 385Ml', 'product_price': '£ 7.00', 'product_additionals': '£1.82/100ml'}, 115.26666666666662, 0.1578947368421053), ({'shop': 'asda', 'url': 'https://groceries.asda.com/product/910001485375', 'product_name': 'OGX Nourishing Coconut Milk Conditioner', 'product_price': '£5.00', 'product_additionals': '(£1.30/100ml)'}, 93.16666666666664, 0.13953488372093026), ({'shop': 'asda', 'url': 'https://groceries.asda.com/product/910001485971', 'product_name': 'OGX Nourishing Coconut Milk Shampoo', 'product_price': '£5.00', 'product_additionals': '(£1.30/100ml)'}, 84.5, 0.15384615384615385), ({'shop': 'tesco', 'url': 'https://www.tesco.com/groceries/en-GB/products/305037939', 'product_name': 'Olay Cleanse Make Up Face Cleansing Milk 200Ml', 'product_price': '£ 4.00', 'product_additionals': '£2.00/100ml'}, 166.66666666666669, 0.12), ({'shop': 'tesco', 'url': 'https://www.tesco.com/groceries/en-GB/products/251690108', 'product_name': 'Palmolive Milk & Honey Liquid Handwash 300Ml', 'product_price': '£ 0.90', 'product_additionals': '£0.30/100ml'}, 18.000000000000004, 0.16666666666666663), ({'shop': 'asda', 'url': 'https://groceries.asda.com/product/1000203039125', 'product_name': 'Palmolive Milk Shower Gel', 'product_price': '£1.50', 'product_additionals': '(30.0p/100ml)'}, 1087.5, 0.27586206896551724), ({'shop': 'asda', 'url': 'https://groceries.asda.com/product/910000026669', 'product_name': 'Palmolive Naturals Almond & Milk Handwash', 'product_price': '£0.90', 'product_additionals': '(30.0p/100ml)'}, 1687.4999999999998, 0.1777777777777778), ({'shop': 'asda', 'url': 'https://groceries.asda.com/product/910000026713', 'product_name': 'Palmolive Naturals Milk & Honey Handwash', 'product_price': '£0.90', 'product_additionals': '(30.0p/100ml)'}, 1649.9999999999995, 0.18181818181818188), ({'shop': 'tesco', 'url': 'https://www.tesco.com/groceries/en-GB/products/266548751', 'product_name': 'Palmolive Naturals Milk & Honey Shower Cream 750Ml', 'product_price': '£ 2.80', 'product_additionals': '£0.37/100ml'}, 24.975, 0.14814814814814814), ({'shop': 'asda', 'url': 'https://groceries.asda.com/product/1000109264280', 'product_name': 'Palmolive Naturals Milk & Honey Shower Gel', 'product_price': '£1.50', 'product_additionals': '(30.0p/100ml)'}, 1725.0, 0.17391304347826086), ({'shop': 'asda', 'url': 'https://groceries.asda.com/product/910000782116', 'product_name': 'Palmolive Naturals Milk & Honey Shower Gel', 'product_price': '£0.90', 'product_additionals': '(36.0p/100ml)'}, 2070.0, 0.17391304347826086), ({'shop': 'asda', 'url': 'https://groceries.asda.com/product/910000431575', 'product_name': 'Palmolive Naturals Milk & Honey Shower Gel', 'product_price': '£2.50', 'product_additionals': '(33.3p/100ml)'}, 1914.75, 0.17391304347826086), ({'shop': 'asda', 'url': 'https://groceries.asda.com/product/910000782587', 'product_name': 'Palmolive Naturals Sensitive Skin Milk Proteins Shower Gel', 'product_price': '£0.90', 'product_additionals': '(36.0p/100ml)'}, 2790.0, 0.12903225806451613), ({'shop': 'tesco', 'url': 'https://www.tesco.com/groceries/en-GB/products/302226467', 'product_name': 'Pantene Gold Leave In Detangling Milk 225Ml', 'product_price': '£ 8.00', 'product_additionals': '£3.56/100ml'}, 278.8666666666668, 0.12765957446808507), ({'shop': 'tesco', 'url': 'https://www.tesco.com/groceries/en-GB/products/302300689', 'product_name': 'Shaken Udder Chocolush Milk Shake 750Ml', 'product_price': '£ 2.10', 'product_additionals': '£0.28/100ml'}, 20.066666666666663, 0.13953488372093026), ({'shop': 'tesco', 'url': 'https://www.tesco.com/groceries/en-GB/products/268891449', 'product_name': 'Shaken Udder Chocolush Milkshake 330Ml', 'product_price': '£ 1.35', 'product_additionals': '£0.41/100ml'}, 28.70000000000001, 0.1428571428571428), ({'shop': 'tesco', 'url': 'https://www.tesco.com/groceries/en-GB/products/268890865', 'product_name': 'Shaken Udder Vanilla-Licious Milkshake 330Ml', 'product_price': '£ 1.35', 'product_additionals': '£0.41/100ml'}, 32.8, 0.125), ({'shop': 'tesco', 'url': 'https://www.tesco.com/groceries/en-GB/products/289663291', 'product_name': 'Slim-Fast Multipack Milkshakesberry 1X6x325ml', 'product_price': '£ 9.50', 'product_additionals': '£0.49/100ml'}, 30.01250000000001, 0.16326530612244894), ({'shop': 'tesco', 'url': 'https://www.tesco.com/groceries/en-GB/products/289668352', 'product_name': 'Slimfast Cafe Latte Milkshake 6X325ml', 'product_price': '£ 9.50', 'product_additionals': '£0.49/100ml'}, 25.112500000000008, 0.19512195121951215), ({'shop': 'tesco', 'url': 'https://www.tesco.com/groceries/en-GB/products/305256138', 'product_name': 'Sma Little Steps First Infant Milk 200Ml', 'product_price': '£ 0.65', 'product_additionals': '£0.32/100ml'}, 17.599999999999994, 0.18181818181818188), ({'shop': 'asda', 'url': 'https://groceries.asda.com/product/1000212268834', 'product_name': 'SMA PRO First Infant Milk From Birth 6 x 70 ml Starter Pack', 'product_price': '£7.45', 'product_additionals': '(£1.77/100ml)'}, 185.85, 0.09523809523809523), ({'shop': 'asda', 'url': 'https://groceries.asda.com/product/1000136352517', 'product_name': 'So...? Twilight Kiss Perfume Mist Vanilla Fudge Milkshake', 'product_price': '£6.00', 'product_additionals': '(£4.29/100ml)'}, 327.1124999999999, 0.1311475409836066), ({'shop': 'asda', 'url': 'https://groceries.asda.com/product/910001297523', 'product_name': 'Soft & Gentle 48hr Protection Jasmine & Coco Milk Anti-Perspirant Deodorant', 'product_price': '£0.95', 'product_additionals': '(63.3p/100ml)'}, 6250.875000000001, 0.10126582278481011), ({'shop': 'tesco', 'url': 'https://www.tesco.com/groceries/en-GB/products/281947400', 'product_name': 'Soft And Gentle Jasmine&Coco Milk Deodorant Rollon 50Ml', 'product_price': '£ 0.89', 'product_additionals': '£1.78/100ml'}, 131.27500000000003, 0.13559322033898302), ({'shop': 'asda', 'url': 'https://groceries.asda.com/product/1000234566986', 'product_name': 'Summer Pride Coconut Milk', 'product_price': '£0.79', 'product_additionals': '(19.8p/100ml)'}, 717.75, 0.27586206896551724), ({'shop': 'tesco', 'url': 'https://www.tesco.com/groceries/en-GB/products/268040017', 'product_name': 'Tesco 8 Milk Chocolate Ices 560Ml Price Marked', 'product_price': '£ 1.00', 'product_additionals': '£0.18/100ml'}, 15.000000000000002, 0.12), ({'shop': 'tesco', 'url': 'https://www.tesco.com/groceries/en-GB/products/302064214', 'product_name': 'Tesco Banana Flavour Milk 330Ml', 'product_price': '£ 0.60', 'product_additionals': '£0.18/100ml'}, 10.499999999999996, 0.17142857142857149), ({'shop': 'tesco', 'url': 'https://www.tesco.com/groceries/en-GB/products/302064237', 'product_name': 'Tesco Chocolate Flavour Milk 330Ml', 'product_price': '£ 0.60', 'product_additionals': '£0.18/100ml'}, 11.399999999999997, 0.1578947368421053), ({'shop': 'tesco', 'url': 'https://www.tesco.com/groceries/en-GB/products/303067941', 'product_name': 'Tesco Milk Chocolate Ice Cream 3X110ml', 'product_price': '£ 1.00', 'product_additionals': '£0.30/100ml'}, 21.00000000000001, 0.1428571428571428), ({'shop': 'tesco', 'url': 'https://www.tesco.com/groceries/en-GB/products/305831811', 'product_name': 'Tesco Milk For Kittens 200Ml', 'product_price': '£ 0.70', 'product_additionals': '£0.35/100ml'}, 18.666666666666668, 0.1875), ({'shop': 'tesco', 'url': 'https://www.tesco.com/groceries/en-GB/products/305833930', 'product_name': 'Tesco Milk For Milk For Cats 200Ml', 'product_price': '£ 0.70', 'product_additionals': '£0.35/100ml'}, 22.16666666666666, 0.1578947368421053), ({'shop': 'asda', 'url': 'https://groceries.asda.com/product/1000049687364', 'product_name': 'Tropical Sun Premium Coconut Milk', 'product_price': '£0.45', 'product_additionals': '(27.3p/100ml)'}, 1262.625, 0.21621621621621623), ({'shop': 'tesco', 'url': 'https://www.tesco.com/groceries/en-GB/products/308079366', 'product_name': 'Ufit High Protein Milkshake Banana Flavoured 500Ml', 'product_price': '£ 3.00', 'product_additionals': '£0.60/100ml'}, 53.99999999999998, 0.11111111111111116), ({'shop': 'tesco', 'url': 'https://www.tesco.com/groceries/en-GB/products/306504230', 'product_name': 'Ufit High Protein Milkshake Drink Strawberry 330Ml', 'product_price': '£ 2.00', 'product_additionals': '£0.61/100ml'}, 54.89999999999997, 0.11111111111111116), ({'shop': 'tesco', 'url': 'https://www.tesco.com/groceries/en-GB/products/308115508', 'product_name': 'Ufit High Protein Milkshake White Chocolate Flavoured 330Ml', 'product_price': '£ 2.00', 'product_additionals': '£0.61/100ml'}, 64.05, 0.09523809523809523), ({'shop': 'asda', 'url': 'https://groceries.asda.com/product/3184189', 'product_name': 'Veet Normal Skin Lotus Milk & Jasmine Fragrance Hair Removal Cream', 'product_price': '£5.00', 'product_additionals': '(£5.00/100ml)'}, 437.49999999999983, 0.11428571428571432), ({'shop': 'tesco', 'url': 'https://www.tesco.com/groceries/en-GB/products/251354317', 'product_name': 'Yakult Fermented Milk Drink 7X65ml', 'product_price': '£ 3.00', 'product_additionals': '£0.66/100ml'}, 31.35, 0.21052631578947367), ({'shop': 'asda', 'url': 'https://groceries.asda.com/product/922100', 'product_name': 'Yakult Fermented Milk Light', 'product_price': '£3.10', 'product_additionals': '(68.1p/100ml)'}, 2638.875, 0.25806451612903225), ({'shop': 'tesco', 'url': 'https://www.tesco.com/groceries/en-GB/products/253530336', 'product_name': 'Yakult Light Milk Drink 7X65ml', 'product_price': '£ 3.00', 'product_additionals': '£0.66/100ml'}, 37.39999999999999, 0.17647058823529416), ({'shop': 'tesco', 'url': 'https://www.tesco.com/groceries/en-GB/products/251328672', 'product_name': 'Yazoo Banana Milkshake 1 Litre Bottle', 'product_price': '£ 1.50', 'product_additionals': '£0.15/100ml'}, 10.249999999999998, 0.14634146341463417), ({'shop': 'tesco', 'url': 'https://www.tesco.com/groceries/en-GB/products/290369673', 'product_name': 'Yazoo Chilled Banana Flavour Milkshake 400Ml', 'product_price': '£ 1.00', 'product_additionals': '£0.25/100ml'}, 20.0, 0.125), ({'shop': 'tesco', 'url': 'https://www.tesco.com/groceries/en-GB/products/290369696', 'product_name': 'Yazoo Chilled Chocolate Flavoured Milkshake 400Ml', 'product_price': '£ 1.00', 'product_additionals': '£0.25/100ml'}, 22.08333333333334, 0.1132075471698113), ({'shop': 'tesco', 'url': 'https://www.tesco.com/groceries/en-GB/products/290369713', 'product_name': 'Yazoo Chilled Strawberry Flavoured Milkshake 400Ml', 'product_price': '£ 1.00', 'product_additionals': '£0.25/100ml'}, 22.49999999999999, 0.11111111111111116), ({'shop': 'tesco', 'url': 'https://www.tesco.com/groceries/en-GB/products/307365173', 'product_name': 'Yazoo Choc-Hazelicious Flavoured Milk 400Ml', 'product_price': '£ 1.00', 'product_additionals': '£0.25/100ml'}, 19.58333333333334, 0.12765957446808507), ({'shop': 'tesco', 'url': 'https://www.tesco.com/groceries/en-GB/products/307158067', 'product_name': 'Yazoo Choc-Hazelicious Flavoured Milk Drink 1L', 'product_price': '£ 1.50', 'product_additionals': '£0.15/100ml'}, 12.5, 0.12), ({'shop': 'tesco', 'url': 'https://www.tesco.com/groceries/en-GB/products/257524758', 'product_name': 'Yazoo Chocolate Milkshake 1 Litre Bottle', 'product_price': '£ 1.50', 'product_additionals': '£0.15/100ml'}, 11.0, 0.13636363636363635), ({'shop': 'asda', 'url': 'https://groceries.asda.com/product/1000015538112', 'product_name': 'Yazoo Kids No Added Sugar Strawberry Milk Drink', 'product_price': '£2.00', 'product_additionals': '(16.7p/100ml)'}, 1419.4999999999998, 0.11764705882352944), ({'shop': 'asda', 'url': 'https://groceries.asda.com/product/1000015538441', 'product_name': 'Yazoo No Added Sugar Banana Milk', 'product_price': '£2.00', 'product_additionals': '(16.7p/100ml)'}, 1002.0000000000002, 0.16666666666666663), ({'shop': 'asda', 'url': 'https://groceries.asda.com/product/1000015538600', 'product_name': 'Yazoo No Added Sugar Chocolate Milk', 'product_price': '£2.00', 'product_additionals': '(16.7p/100ml)'}, 1085.5, 0.15384615384615385), ({'shop': 'tesco', 'url': 'https://www.tesco.com/groceries/en-GB/products/297763713', 'product_name': 'Yazoo No Added Sugar Chocolate Milkshake4x200ml', 'product_price': '£ 1.60', 'product_additionals': '£0.20/100ml'}, 16.999999999999996, 0.11764705882352944), ({'shop': 'tesco', 'url': 'https://www.tesco.com/groceries/en-GB/products/258836704', 'product_name': 'Yazoo Strawberry Milkshake 1 Litre Bottle', 'product_price': '£ 1.50', 'product_additionals': '£0.15/100ml'}, 11.250000000000002, 0.1333333333333333), ({'shop': 'tesco', 'url': 'https://www.tesco.com/groceries/en-GB/products/289767548', 'product_name': 'Yazoo Vanilla Milk 400Ml', 'product_price': '£ 1.00', 'product_additionals': '£0.02/10ml'}, 9.333333333333332, 0.2142857142857143)])

final
[{'shop': 'tesco', 'url': 'https://www.tesco.com/groceries/en-GB/products/300472638', 'product_name': "Ms Molly's 18 Milk Chocolate Digestive Bars", 'product_price': '£ 1.20', 'product_additionals': '£0.07/each'}, {'shop': 'tesco', 'url': 'https://www.tesco.com/groceries/en-GB/products/302959106', 'product_name': 'Cadbury Dairy Milk 16 Flapjack Bites', 'product_price': '£ 1.80', 'product_additionals': '£0.11/each'}, {'shop': 'tesco', 'url': 'https://www.tesco.com/groceries/en-GB/products/268395167', 'product_name': 'Tesco Mini Milk Chocolate Cookie Bites 20 Pack', 'product_price': '£ 1.80', 'product_additionals': '£0.09/each'}, {'shop': 'tesco', 'url': 'https://www.tesco.com/groceries/en-GB/products/307760959', 'product_name': 'Cadbury Dairy Milk 15 Brownie Bites', 'product_price': '£ 1.80', 'product_additionals': '£0.12/each'}, {'shop': 'tesco', 'url': 'https://www.tesco.com/groceries/en-GB/products/302959066', 'product_name': 'Cadbury Dairy Milk Caramel 16 Mini Cookies', 'product_price': '£ 1.80', 'product_additionals': '£0.11/each'}, {'shop': 'tesco', 'url': 'https://www.tesco.com/groceries/en-GB/products/302959089', 'product_name': 'Cadbury Dairy Milk Caramel 16 Flapjack Bites', 'product_price': '£ 1.80', 'product_additionals': '£0.11/each'}, {'shop': 'tesco', 'url': 'https://www.tesco.com/groceries/en-GB/products/274445780', 'product_name': 'Tassimo Milk Pods 16 Servings', 'product_price': '£ 3.50', 'product_additionals': '£0.22/each'}, {'shop': 'tesco', 'url': 'https://www.tesco.com/groceries/en-GB/products/302959129', 'product_name': 'Cadbury Dairy 15 Milk Cornflake Cluster Bites', 'product_price': '£ 1.80', 'product_additionals': '£0.12/each'}, {'shop': 'tesco', 'url': 'https://www.tesco.com/groceries/en-GB/products/276131923', 'product_name': 'Milk Chocolate Cookie 5 Pack', 'product_price': '£ 1.00', 'product_additionals': '£0.20/each'}, {'shop': 'tesco', 'url': 'https://www.tesco.com/groceries/en-GB/products/283816938', 'product_name': 'Lansinoh Breastmilk Storage Bags X25', 'product_price': '£ 5.50', 'product_additionals': '£0.22/each'}, {'shop': 'tesco', 'url': 'https://www.tesco.com/groceries/en-GB/products/265169066', 'product_name': 'Brioche Pasquier Milk Brioche Rolls 8Pk', 'product_price': '£ 1.50', 'product_additionals': '£0.19/each'}, {'shop': 'tesco', 'url': 'https://www.tesco.com/groceries/en-GB/products/295848830', 'product_name': 'Cadbury Mini Rolls Milk Chocolate 10 Pack', 'product_price': '£ 2.60', 'product_additionals': '£0.26/each'}, {'shop': 'tesco', 'url': 'https://www.tesco.com/groceries/en-GB/products/303730231', 'product_name': 'Cadbury Dairy Milk Caramel Slice 6 Pack', 'product_price': '£ 1.90', 'product_additionals': '£0.32/each'}, {'shop': 'tesco', 'url': 'https://www.tesco.com/groceries/en-GB/products/286749264', 'product_name': "Bioglan Biotic Balance Chocball Milk 30'S", 'product_price': '£ 9.50', 'product_additionals': '£0.32/each'}, {'shop': 'tesco', 'url': 'https://www.tesco.com/groceries/en-GB/products/303730219', 'product_name': 'Cadbury Dairy Milk Chocolate Slice 6 Pack', 'product_price': '£ 1.90', 'product_additionals': '£0.32/each'}, {'shop': 'tesco', 'url': 'https://www.tesco.com/groceries/en-GB/products/257245057', 'product_name': 'Milkybar White Chocolate Buttons Bag', 'product_price': '£ 0.60', 'product_additionals': '£0.60/each'}, {'shop': 'asda', 'url': 'https://groceries.asda.com/product/910001113198', 'product_name': 'ASDA Milk Chocolate Loaf Cake', 'product_price': '£1.00', 'product_additionals': '(£1.00/each)'}, {'shop': 'tesco', 'url': 'https://www.tesco.com/groceries/en-GB/products/278398500', 'product_name': 'Aquafresh Milk Teeth Tooth Brush', 'product_price': '£ 1.75', 'product_additionals': '£1.75/each'}, {'shop': 'tesco', 'url': 'https://www.tesco.com/groceries/en-GB/products/301253902', 'product_name': 'Fred & Flo Milk Powder Dispenser', 'product_price': '£ 2.00', 'product_additionals': '£2.00/each'}, {'shop': 'asda', 'url': 'https://groceries.asda.com/product/910001142882', 'product_name': 'Aquafresh Milk Teeth 0-2 Yrs Soft Toothbrush', 'product_price': '£1.75', 'product_additionals': '(£1.75/each)'}, {'shop': 'asda', 'url': 'https://groceries.asda.com/product/1000229362672', 'product_name': 'George Home Bambi Milk Jug', 'product_price': '£4.00', 'product_additionals': '(£4.00/each)'}, {'shop': 'asda', 'url': 'https://groceries.asda.com/product/1000148283995', 'product_name': 'George Home White Porcelain Milk Jug', 'product_price': '£3.00', 'product_additionals': '(£3.00/each)'}, {'shop': 'asda', 'url': 'https://groceries.asda.com/product/1000229362723', 'product_name': 'George Home Multi Bloom Milk Jug', 'product_price': '£3.50', 'product_additionals': '(£3.50/each)'}, {'shop': 'tesco', 'url': 'https://www.tesco.com/groceries/en-GB/products/257278528', 'product_name': 'Tommee Tippee Closer To Nature Milk Feed Bibs X2', 'product_price': '£ 5.00', 'product_additionals': '£2.50/each'}, {'shop': 'asda', 'url': 'https://groceries.asda.com/product/910002491240', 'product_name': 'Tommee Tippee Closer to Nature 2 Milk Feeding Bibs 0m+', 'product_price': '£4.80', 'product_additionals': '(£2.40/each)'}, {'shop': 'asda', 'url': 'https://groceries.asda.com/product/1000142866330', 'product_name': 'Edge Strawberry Milkshake E-Liquid 12mg', 'product_price': '£2.50', 'product_additionals': '(£2.50/each)'}, {'shop': 'asda', 'url': 'https://groceries.asda.com/product/1000142866394', 'product_name': 'Edge Strawberry Milkshake E-Liquid 18mg', 'product_price': '£2.50', 'product_additionals': '(£2.50/each)'}, {'shop': 'asda', 'url': 'https://groceries.asda.com/product/1000194416645', 'product_name': 'Polar Gear Squishy Novelty Milk Carton', 'product_price': '£3.00', 'product_additionals': '(£3.00/each)'}, {'shop': 'asda', 'url': 'https://groceries.asda.com/product/1000011829210', 'product_name': 'George Home Non-stick Aluminium Milk Pan', 'product_price': '£4.00', 'product_additionals': '(£4.00/each)'}, {'shop': 'asda', 'url': 'https://groceries.asda.com/product/1000215691505', 'product_name': 'Garnier Nutri Bomb Milky Sheet Mask Coconut & Hyaluronic Acid', 'product_price': '£2.95', 'product_additionals': '(£2.95/each)'}, {'shop': 'asda', 'url': 'https://groceries.asda.com/product/1000215691406', 'product_name': 'Garnier Nutri Bomb Milky Face Sheet Mask Almond Milk & Hyaluronic Acid', 'product_price': '£2.95', 'product_additionals': '(£2.95/each)'}, {'shop': 'asda', 'url': 'https://groceries.asda.com/product/65015835', 'product_name': 'Tommee Tippee 6 Milk Powder Dispensers 0m+', 'product_price': '£5.19', 'product_additionals': '(£5.19/each)'}, {'shop': 'asda', 'url': 'https://groceries.asda.com/product/910001084218', 'product_name': 'Balconi Mix Milk', 'product_price': '£1.00', 'product_additionals': '(10.0p/each)'}, {'shop': 'asda', 'url': 'https://groceries.asda.com/product/910001568439', 'product_name': 'ASDA Milk Thistle Film Coated Tablets', 'product_price': '£4.00', 'product_additionals': '(6.7p/each)'}, {'shop': 'asda', 'url': 'https://groceries.asda.com/product/910003218409', 'product_name': 'ASDA Milk Chocolate Mini Rolls', 'product_price': '£0.95', 'product_additionals': '(9.5p/each)'}, {'shop': 'asda', 'url': 'https://groceries.asda.com/product/1000211461140', 'product_name': 'Milky Way Shooting Star Cake', 'product_price': '£12.00', 'product_additionals': '(£12.00/each)'}, {'shop': 'asda', 'url': 'https://groceries.asda.com/product/1000086367403', 'product_name': 'Cadbury Dairy Milk Mini Cookies', 'product_price': '£2.00', 'product_additionals': '(12.5p/each)'}, {'shop': 'asda', 'url': 'https://groceries.asda.com/product/1000086367359', 'product_name': 'Cadbury Dairy Milk Flapjack Bites', 'product_price': '£2.00', 'product_additionals': '(12.5p/each)'}, {'shop': 'asda', 'url': 'https://groceries.asda.com/product/1000170163549', 'product_name': 'Thorntons Milk Chocolate Fudge Brownie Bites', 'product_price': '£1.00', 'product_additionals': '(10.0p/each)'}, {'shop': 'asda', 'url': 'https://groceries.asda.com/product/1000222400298', 'product_name': 'George Home Black Milk Frother', 'product_price': '£20.00', 'product_additionals': '(£20.00/each)'}, {'shop': 'asda', 'url': 'https://groceries.asda.com/product/1000170163602', 'product_name': 'Thorntons Milk Chocolate Caramel Shortcake Bites', 'product_price': '£1.00', 'product_additionals': '(10.0p/each)'}, {'shop': 'asda', 'url': 'https://groceries.asda.com/product/1000088561791', 'product_name': 'Cadbury Dairy Milk Cornflake Cluster Bites', 'product_price': '£1.80', 'product_additionals': '(12.0p/each)'}, {'shop': 'asda', 'url': 'https://groceries.asda.com/product/1000177860948', 'product_name': 'Thorntons Milk Chocolate Festive Spiced Toffee Bites', 'product_price': '£1.00', 'product_additionals': '(10.0p/each)'}, {'shop': 'asda', 'url': 'https://groceries.asda.com/product/1000056262057', 'product_name': "ASDA Baker's Selection 20 Mini Milk Choc Chip Cookies", 'product_price': '£2.00', 'product_additionals': '(10.0p/each)'}, {'shop': 'asda', 'url': 'https://groceries.asda.com/product/910001143825', 'product_name': 'Milky Way Cake Bars', 'product_price': '£2.50', 'product_additionals': '(25.0p/each)'}, {'shop': 'asda', 'url': 'https://groceries.asda.com/product/1000188692389', 'product_name': 'Kingsmill Double Choc Buttermilk Pancakes', 'product_price': '£0.70', 'product_additionals': '(17.5p/each)'}, {'shop': 'asda', 'url': 'https://groceries.asda.com/product/1000177860894', 'product_name': 'Thorntons Milk Chocolate Festive Caramel Shortcake Bites', 'product_price': '£1.00', 'product_additionals': '(10.0p/each)'}, {'shop': 'asda', 'url': 'https://groceries.asda.com/product/1000015061126', 'product_name': 'Cadbury 5 Milk Chocolate Cake Bars', 'product_price': '£0.80', 'product_additionals': '(16.0p/each)'}, {'shop': 'asda', 'url': 'https://groceries.asda.com/product/1000188692440', 'product_name': 'Kingsmill Blueberry Cheesecake Buttermilk Pancakes', 'product_price': '£0.70', 'product_additionals': '(17.5p/each)'}, {'shop': 'asda', 'url': 'https://groceries.asda.com/product/1000009131506', 'product_name': 'ASDA Maternity 25 Breast Milk Storage Bags', 'product_price': '£4.00', 'product_additionals': '(16.0p/each)'}, {'shop': 'asda', 'url': 'https://groceries.asda.com/product/910003066665', 'product_name': "McVitie's Hobnobs 5 Flapjacks Topped with Milk Chocolate", 'product_price': '£0.69', 'product_additionals': '(13.8p/each)'}, {'shop': 'asda', 'url': 'https://groceries.asda.com/product/25620', 'product_name': "ASDA Baker's Selection Milk Chocolate Cookies", 'product_price': '£0.99', 'product_additionals': '(19.8p/each)'}, {'shop': 'asda', 'url': 'https://groceries.asda.com/product/910002946246', 'product_name': "ASDA Baker's Selection Milk Chocolate Pancakes", 'product_price': '£1.00', 'product_additionals': '(20.0p/each)'}, {'shop': 'asda', 'url': 'https://groceries.asda.com/product/910003066648', 'product_name': "McVitie's Digestives 5 Caramel Millionaire Slices with Milk Chocolate", 'product_price': '£1.00', 'product_additionals': '(20.0p/each)'}, {'shop': 'asda', 'url': 'https://groceries.asda.com/product/1000141932513', 'product_name': 'Cadbury Dairy Milk Cake Slices', 'product_price': '£2.00', 'product_additionals': '(33.3p/each)'}, {'shop': 'asda', 'url': 'https://groceries.asda.com/product/910003066374', 'product_name': "McVitie's 5 Digestive Slices Topped with Milk Chocolate", 'product_price': '£1.00', 'product_additionals': '(20.0p/each)'}, {'shop': 'asda', 'url': 'https://groceries.asda.com/product/1000001821680', 'product_name': 'ASDA Extra Special 4 Buttermilk Pancakes', 'product_price': '£1.45', 'product_additionals': '(36.2p/each)'}, {'shop': 'asda', 'url': 'https://groceries.asda.com/product/1000141932442', 'product_name': 'Cadbury Dairy Milk Caramel Cake Slices', 'product_price': '£2.25', 'product_additionals': '(37.5p/each)'}, {'shop': 'asda', 'url': 'https://groceries.asda.com/product/1000000581197', 'product_name': 'HRI Milk Thistle Tablets Standardised Fruit Extract 300mg ', 'product_price': '£10.00', 'product_additionals': '(33.3p/each)'}, {'shop': 'asda', 'url': 'https://groceries.asda.com/product/910001507912', 'product_name': 'Cadbury Milk Chocolate Sticky Puds', 'product_price': '£1.67', 'product_additionals': '(83.5p/each)'}, {'shop': 'tesco', 'url': 'https://www.tesco.com/groceries/en-GB/products/289767548', 'product_name': 'Yazoo Vanilla Milk 400Ml', 'product_price': '£ 1.00', 'product_additionals': '£0.02/10ml'}, {'shop': 'tesco', 'url': 'https://www.tesco.com/groceries/en-GB/products/251328672', 'product_name': 'Yazoo Banana Milkshake 1 Litre Bottle', 'product_price': '£ 1.50', 'product_additionals': '£0.15/100ml'}, {'shop': 'tesco', 'url': 'https://www.tesco.com/groceries/en-GB/products/302064214', 'product_name': 'Tesco Banana Flavour Milk 330Ml', 'product_price': '£ 0.60', 'product_additionals': '£0.18/100ml'}, {'shop': 'tesco', 'url': 'https://www.tesco.com/groceries/en-GB/products/257524758', 'product_name': 'Yazoo Chocolate Milkshake 1 Litre Bottle', 'product_price': '£ 1.50', 'product_additionals': '£0.15/100ml'}, {'shop': 'tesco', 'url': 'https://www.tesco.com/groceries/en-GB/products/258836704', 'product_name': 'Yazoo Strawberry Milkshake 1 Litre Bottle', 'product_price': '£ 1.50', 'product_additionals': '£0.15/100ml'}, {'shop': 'tesco', 'url': 'https://www.tesco.com/groceries/en-GB/products/302064237', 'product_name': 'Tesco Chocolate Flavour Milk 330Ml', 'product_price': '£ 0.60', 'product_additionals': '£0.18/100ml'}, {'shop': 'tesco', 'url': 'https://www.tesco.com/groceries/en-GB/products/307158067', 'product_name': 'Yazoo Choc-Hazelicious Flavoured Milk Drink 1L', 'product_price': '£ 1.50', 'product_additionals': '£0.15/100ml'}, {'shop': 'tesco', 'url': 'https://www.tesco.com/groceries/en-GB/products/297794371', 'product_name': 'Frijj Chocolate Milkshake 400Ml', 'product_price': '£ 1.00', 'product_additionals': '£0.25/100ml'}, {'shop': 'tesco', 'url': 'https://www.tesco.com/groceries/en-GB/products/268040017', 'product_name': 'Tesco 8 Milk Chocolate Ices 560Ml Price Marked', 'product_price': '£ 1.00', 'product_additionals': '£0.18/100ml'}, {'shop': 'tesco', 'url': 'https://www.tesco.com/groceries/en-GB/products/297763713', 'product_name': 'Yazoo No Added Sugar Chocolate Milkshake4x200ml', 'product_price': '£ 1.60', 'product_additionals': '£0.20/100ml'}, {'shop': 'tesco', 'url': 'https://www.tesco.com/groceries/en-GB/products/302872853', 'product_name': "Ms. Molly's Milk Lollies 8X35ml", 'product_price': '£ 0.85', 'product_additionals': '£0.30/100ml'}, {'shop': 'tesco', 'url': 'https://www.tesco.com/groceries/en-GB/products/305256138', 'product_name': 'Sma Little Steps First Infant Milk 200Ml', 'product_price': '£ 0.65', 'product_additionals': '£0.32/100ml'}, {'shop': 'tesco', 'url': 'https://www.tesco.com/groceries/en-GB/products/251690108', 'product_name': 'Palmolive Milk & Honey Liquid Handwash 300Ml', 'product_price': '£ 0.90', 'product_additionals': '£0.30/100ml'}, {'shop': 'tesco', 'url': 'https://www.tesco.com/groceries/en-GB/products/305831811', 'product_name': 'Tesco Milk For Kittens 200Ml', 'product_price': '£ 0.70', 'product_additionals': '£0.35/100ml'}, {'shop': 'tesco', 'url': 'https://www.tesco.com/groceries/en-GB/products/307365173', 'product_name': 'Yazoo Choc-Hazelicious Flavoured Milk 400Ml', 'product_price': '£ 1.00', 'product_additionals': '£0.25/100ml'}, {'shop': 'tesco', 'url': 'https://www.tesco.com/groceries/en-GB/products/290369673', 'product_name': 'Yazoo Chilled Banana Flavour Milkshake 400Ml', 'product_price': '£ 1.00', 'product_additionals': '£0.25/100ml'}, {'shop': 'tesco', 'url': 'https://www.tesco.com/groceries/en-GB/products/302300689', 'product_name': 'Shaken Udder Chocolush Milk Shake 750Ml', 'product_price': '£ 2.10', 'product_additionals': '£0.28/100ml'}, {'shop': 'tesco', 'url': 'https://www.tesco.com/groceries/en-GB/products/303067941', 'product_name': 'Tesco Milk Chocolate Ice Cream 3X110ml', 'product_price': '£ 1.00', 'product_additionals': '£0.30/100ml'}, {'shop': 'tesco', 'url': 'https://www.tesco.com/groceries/en-GB/products/290369696', 'product_name': 'Yazoo Chilled Chocolate Flavoured Milkshake 400Ml', 'product_price': '£ 1.00', 'product_additionals': '£0.25/100ml'}, {'shop': 'tesco', 'url': 'https://www.tesco.com/groceries/en-GB/products/305833930', 'product_name': 'Tesco Milk For Milk For Cats 200Ml', 'product_price': '£ 0.70', 'product_additionals': '£0.35/100ml'}, {'shop': 'tesco', 'url': 'https://www.tesco.com/groceries/en-GB/products/290369713', 'product_name': 'Yazoo Chilled Strawberry Flavoured Milkshake 400Ml', 'product_price': '£ 1.00', 'product_additionals': '£0.25/100ml'}, {'shop': 'tesco', 'url': 'https://www.tesco.com/groceries/en-GB/products/266548751', 'product_name': 'Palmolive Naturals Milk & Honey Shower Cream 750Ml', 'product_price': '£ 2.80', 'product_additionals': '£0.37/100ml'}, {'shop': 'tesco', 'url': 'https://www.tesco.com/groceries/en-GB/products/289668352', 'product_name': 'Slimfast Cafe Latte Milkshake 6X325ml', 'product_price': '£ 9.50', 'product_additionals': '£0.49/100ml'}, {'shop': 'tesco', 'url': 'https://www.tesco.com/groceries/en-GB/products/268891449', 'product_name': 'Shaken Udder Chocolush Milkshake 330Ml', 'product_price': '£ 1.35', 'product_additionals': '£0.41/100ml'}, {'shop': 'tesco', 'url': 'https://www.tesco.com/groceries/en-GB/products/289663291', 'product_name': 'Slim-Fast Multipack Milkshakesberry 1X6x325ml', 'product_price': '£ 9.50', 'product_additionals': '£0.49/100ml'}, {'shop': 'tesco', 'url': 'https://www.tesco.com/groceries/en-GB/products/278975404', 'product_name': 'Aptamil 1 First Milk 200Ml Ready To Feed Liquid', 'product_price': '£ 0.95', 'product_additionals': '£0.48/100ml'}, {'shop': 'tesco', 'url': 'https://www.tesco.com/groceries/en-GB/products/304794343', 'product_name': 'Crusha Milkshake Mix Cookies & Cream 500Ml', 'product_price': '£ 2.00', 'product_additionals': '£0.40/100ml'}, {'shop': 'tesco', 'url': 'https://www.tesco.com/groceries/en-GB/products/291368966', 'product_name': 'Aptamil Profutura First Infant Milk 200Ml', 'product_price': '£ 1.10', 'product_additionals': '£0.55/100ml'}, {'shop': 'tesco', 'url': 'https://www.tesco.com/groceries/en-GB/products/251354317', 'product_name': 'Yakult Fermented Milk Drink 7X65ml', 'product_price': '£ 3.00', 'product_additionals': '£0.66/100ml'}, {'shop': 'tesco', 'url': 'https://www.tesco.com/groceries/en-GB/products/279845143', 'product_name': 'For Goodness Shakes Recovery Milk Chocolate 475Ml', 'product_price': '£ 1.70', 'product_additionals': '£0.36/100ml'}, {'shop': 'tesco', 'url': 'https://www.tesco.com/groceries/en-GB/products/268890865', 'product_name': 'Shaken Udder Vanilla-Licious Milkshake 330Ml', 'product_price': '£ 1.35', 'product_additionals': '£0.41/100ml'}, {'shop': 'tesco', 'url': 'https://www.tesco.com/groceries/en-GB/products/293754713', 'product_name': 'Mars Chocolate Flavoured Milk Drink No Added Sugar 400Ml', 'product_price': '£ 1.35', 'product_additionals': '£0.34/100ml'}, {'shop': 'tesco', 'url': 'https://www.tesco.com/groceries/en-GB/products/305964757', 'product_name': 'Collective Kefir Mango Cultured Milk Drink 500Ml', 'product_price': '£ 2.00', 'product_additionals': '£0.40/100ml'}, {'shop': 'tesco', 'url': 'https://www.tesco.com/groceries/en-GB/products/256028662', 'product_name': 'Mini Milk Ice Cream Lollies 12 X 35Ml', 'product_price': '£ 2.20', 'product_additionals': '£0.52/100ml'}, {'shop': 'tesco', 'url': 'https://www.tesco.com/groceries/en-GB/products/253530336', 'product_name': 'Yakult Light Milk Drink 7X65ml', 'product_price': '£ 3.00', 'product_additionals': '£0.66/100ml'}, {'shop': 'tesco', 'url': 'https://www.tesco.com/groceries/en-GB/products/274025223', 'product_name': 'E45 Junior Foaming Bath Milk 500Ml', 'product_price': '£ 4.00', 'product_additionals': '£0.80/100ml'}, {'shop': 'tesco', 'url': 'https://www.tesco.com/groceries/en-GB/products/293795422', 'product_name': 'Cadbury Dairy Milk Stick 4X100ml', 'product_price': '£ 2.75', 'product_additionals': '£0.69/100ml'}, {'shop': 'tesco', 'url': 'https://www.tesco.com/groceries/en-GB/products/298817338', 'product_name': 'Garnier Ultimate Blends Coconut Milk Shampoo Dry Hair 360Ml', 'product_price': '£ 1.99', 'product_additionals': '£0.55/100ml'}, {'shop': 'tesco', 'url': 'https://www.tesco.com/groceries/en-GB/products/302134564', 'product_name': 'Garnier Ultimate Blends Almond Milk Normal Hair Shampoo 360Ml', 'product_price': '£ 1.99', 'product_additionals': '£0.55/100ml'}, {'shop': 'tesco', 'url': 'https://www.tesco.com/groceries/en-GB/products/282692727', 'product_name': 'Cadbury Dairy Milk Buttons Ice Cream Cones 4 X 100Ml', 'product_price': '£ 1.90', 'product_additionals': '£0.48/100ml'}, {'shop': 'tesco', 'url': 'https://www.tesco.com/groceries/en-GB/products/298817413', 'product_name': 'Garnier Ultimate Blends Oat Milk Sensitive Scalp Shampoo 360Ml', 'product_price': '£ 1.99', 'product_additionals': '£0.55/100ml'}, {'shop': 'tesco', 'url': 'https://www.tesco.com/groceries/en-GB/products/298817350', 'product_name': 'Garnier Ultimate Blends Coconut Milk Conditioner Dry Hair 360Ml', 'product_price': '£ 1.99', 'product_additionals': '£0.55/100ml'}, {'shop': 'tesco', 'url': 'https://www.tesco.com/groceries/en-GB/products/302134587', 'product_name': 'Garnier Ultimate Blends Almond Milk Normal Hair Conditioner 360Ml', 'product_price': '£ 1.99', 'product_additionals': '£0.55/100ml'}, {'shop': 'tesco', 'url': 'https://www.tesco.com/groceries/en-GB/products/298817436', 'product_name': 'Garnier Ultimate Blends Oat Milk Sensitive Scalp Conditioner 360Ml', 'product_price': '£ 1.99', 'product_additionals': '£0.55/100ml'}, {'shop': 'tesco', 'url': 'https://www.tesco.com/groceries/en-GB/products/285963725', 'product_name': 'Collagen+ Beauty Milk 200Ml', 'product_price': '£ 2.00', 'product_additionals': '£1.00/100ml'}, {'shop': 'tesco', 'url': 'https://www.tesco.com/groceries/en-GB/products/308079366', 'product_name': 'Ufit High Protein Milkshake Banana Flavoured 500Ml', 'product_price': '£ 3.00', 'product_additionals': '£0.60/100ml'}, {'shop': 'tesco', 'url': 'https://www.tesco.com/groceries/en-GB/products/306504230', 'product_name': 'Ufit High Protein Milkshake Drink Strawberry 330Ml', 'product_price': '£ 2.00', 'product_additionals': '£0.61/100ml'}, {'shop': 'tesco', 'url': 'https://www.tesco.com/groceries/en-GB/products/302218379', 'product_name': 'Nivea Body Essential Smooth Milk 400Ml', 'product_price': '£ 4.50', 'product_additionals': '£1.13/100ml'}, {'shop': 'asda', 'url': 'https://groceries.asda.com/product/1000005550468', 'product_name': 'Camelicious Long Life Whole Camel Milk', 'product_price': '£2.75', 'product_additionals': '(£1.17/100ml)'}, {'shop': 'tesco', 'url': 'https://www.tesco.com/groceries/en-GB/products/308115508', 'product_name': 'Ufit High Protein Milkshake White Chocolate Flavoured 330Ml', 'product_price': '£ 2.00', 'product_additionals': '£0.61/100ml'}, {'shop': 'asda', 'url': 'https://groceries.asda.com/product/1000106117557', 'product_name': 'Garnier Micellar Milky Cleansing Water', 'product_price': '£4.00', 'product_additionals': '(£1.00/100ml)'}, {'shop': 'asda', 'url': 'https://groceries.asda.com/product/1849120', 'product_name': "L'Oreal Age Perfect Cleansing Milk", 'product_price': '£2.50', 'product_additionals': '(£1.25/100ml)'}, {'shop': 'asda', 'url': 'https://groceries.asda.com/product/910001485971', 'product_name': 'OGX Nourishing Coconut Milk Shampoo', 'product_price': '£5.00', 'product_additionals': '(£1.30/100ml)'}, {'shop': 'tesco', 'url': 'https://www.tesco.com/groceries/en-GB/products/305944827', 'product_name': 'Nestle Milky Bar White Chocolate Ice Cream 6X50ml', 'product_price': '£ 3.00', 'product_additionals': '£1.00/100ml'}, {'shop': 'asda', 'url': 'https://groceries.asda.com/product/910001485375', 'product_name': 'OGX Nourishing Coconut Milk Conditioner', 'product_price': '£5.00', 'product_additionals': '(£1.30/100ml)'}, {'shop': 'tesco', 'url': 'https://www.tesco.com/groceries/en-GB/products/303889439', 'product_name': 'Imperial Leather Foamburst Rice Milk Jasmine200ml', 'product_price': '£ 2.90', 'product_additionals': '£1.45/100ml'}, {'shop': 'tesco', 'url': 'https://www.tesco.com/groceries/en-GB/products/299038498', 'product_name': 'Herbal Essences Bio Renew Rice Milk Shampoo 400Ml', 'product_price': '£ 4.50', 'product_additionals': '£1.13/100ml'}, {'shop': 'asda', 'url': 'https://groceries.asda.com/product/1000144744829', 'product_name': 'Herbal Essences bio:renew Hair Mask Coconut Milk', 'product_price': '£3.00', 'product_additionals': '(£1.20/100ml)'}, {'shop': 'tesco', 'url': 'https://www.tesco.com/groceries/en-GB/products/297334860', 'product_name': 'Herbal Essences Bio. Renew Coconut Milk Shampoo 400Ml', 'product_price': '£ 4.50', 'product_additionals': '£1.13/100ml'}, {'shop': 'asda', 'url': 'https://groceries.asda.com/product/910001790607', 'product_name': 'Milk of Magnesia Liquid', 'product_price': '£5.00', 'product_additionals': '(£2.50/100ml)'}, {'shop': 'tesco', 'url': 'https://www.tesco.com/groceries/en-GB/products/297334726', 'product_name': 'Herbal Essences Bio. Renew Coconut Milk Conditioner 400Ml', 'product_price': '£ 4.50', 'product_additionals': '£1.13/100ml'}, {'shop': 'asda', 'url': 'https://groceries.asda.com/product/1000108780467', 'product_name': 'Imperial Leather Foamburst Moisturising Luxury Gel to Foam Body Wash Jasmine & Rice Milk', 'product_price': '£2.00', 'product_additionals': '(£1.00/100ml)'}, {'shop': 'asda', 'url': 'https://groceries.asda.com/product/1000022626828', 'product_name': 'Maui Moisture Nourish & Moisture + Coconut Milk Shampoo', 'product_price': '£4.50', 'product_additionals': '(£1.17/100ml)'}, {'shop': 'tesco', 'url': 'https://www.tesco.com/groceries/en-GB/products/259454394', 'product_name': 'Ogx Coconut Milk Conditioner 385Ml', 'product_price': '£ 7.00', 'product_additionals': '£1.82/100ml'}, {'shop': 'asda', 'url': 'https://groceries.asda.com/product/1000204197692', 'product_name': 'Herbal Essences Bio:renew Shampoo Coconut Milk Hydrate', 'product_price': '£4.00', 'product_additionals': '(£1.60/100ml)'}, {'shop': 'tesco', 'url': 'https://www.tesco.com/groceries/en-GB/products/299039382', 'product_name': 'Herbal Essences Biological Renew Rice Milk Conditioner 400Ml', 'product_price': '£ 4.50', 'product_additionals': '£1.13/100ml'}, {'shop': 'asda', 'url': 'https://groceries.asda.com/product/1000022626818', 'product_name': 'Maui Moisture Nourish & Moisture + Coconut Milk Conditioner', 'product_price': '£4.50', 'product_additionals': '(£1.17/100ml)'}, {'shop': 'tesco', 'url': 'https://www.tesco.com/groceries/en-GB/products/281947400', 'product_name': 'Soft And Gentle Jasmine&Coco Milk Deodorant Rollon 50Ml', 'product_price': '£ 0.89', 'product_additionals': '£1.78/100ml'}, {'shop': 'tesco', 'url': 'https://www.tesco.com/groceries/en-GB/products/287594156', 'product_name': 'Ambre Solaire Milk Spf 50 Vitamin C 200Ml', 'product_price': '£ 5.00', 'product_additionals': '£2.50/100ml'}, {'shop': 'asda', 'url': 'https://groceries.asda.com/product/910001067005', 'product_name': 'Aquafresh Milk Teeth 0-2 Yrs Toothpaste', 'product_price': '£1.00', 'product_additionals': '(£2.00/100ml)'}, {'shop': 'asda', 'url': 'https://groceries.asda.com/product/1000112907040', 'product_name': "L'Oreal Paris Fine Flowers Cleansing Milk", 'product_price': '£3.95', 'product_additionals': '(£1.98/100ml)'}, {'shop': 'tesco', 'url': 'https://www.tesco.com/groceries/en-GB/products/272473795', 'product_name': 'Garnier Body 7Days Shea Hand Milk 100Ml', 'product_price': '£ 2.25', 'product_additionals': '£2.25/100ml'}, {'shop': 'tesco', 'url': 'https://www.tesco.com/groceries/en-GB/products/262709654', 'product_name': 'Aquafresh Milk Teeth Toothpaste 50Ml', 'product_price': '£ 1.25', 'product_additionals': '£2.50/100ml'}, {'shop': 'tesco', 'url': 'https://www.tesco.com/groceries/en-GB/products/305037939', 'product_name': 'Olay Cleanse Make Up Face Cleansing Milk 200Ml', 'product_price': '£ 4.00', 'product_additionals': '£2.00/100ml'}, {'shop': 'tesco', 'url': 'https://www.tesco.com/groceries/en-GB/products/299250332', 'product_name': 'Maui Moisture Coconut Milk Shampoo 385Ml', 'product_price': '£ 8.99', 'product_additionals': '£2.34/100ml'}, {'shop': 'asda', 'url': 'https://groceries.asda.com/product/43333959', 'product_name': 'Ambre Solaire Aftersun Skin Soother Hydrating Milk', 'product_price': '£11.00', 'product_additionals': '(£2.75/100ml)'}, {'shop': 'asda', 'url': 'https://groceries.asda.com/product/1000212268834', 'product_name': 'SMA PRO First Infant Milk From Birth 6 x 70 ml Starter Pack', 'product_price': '£7.45', 'product_additionals': '(£1.77/100ml)'}, {'shop': 'tesco', 'url': 'https://www.tesco.com/groceries/en-GB/products/299250240', 'product_name': 'Maui Moisture Coconut Milk Conditioner 385Ml', 'product_price': '£ 8.99', 'product_additionals': '£2.34/100ml'}, {'shop': 'tesco', 'url': 'https://www.tesco.com/groceries/en-GB/products/252223333', 'product_name': "L'oreal Paris Age Perfect Cleansing Milk 200Ml", 'product_price': '£ 5.00', 'product_additionals': '£2.50/100ml'}, {'shop': 'asda', 'url': 'https://groceries.asda.com/product/1000204197594', 'product_name': 'Herbal Essences bio:renew Hair Conditioner Coconut Milk Hydrate', 'product_price': '£4.00', 'product_additionals': '(£2.00/100ml)'}, {'shop': 'tesco', 'url': 'https://www.tesco.com/groceries/en-GB/products/298107990', 'product_name': 'Bondi Sands Gradual Tanning Milk 375Ml', 'product_price': '£ 12.00', 'product_additionals': '£3.20/100ml'}, {'shop': 'tesco', 'url': 'https://www.tesco.com/groceries/en-GB/products/305045215', 'product_name': 'Nivea Naturally Good Organic Green Tea Milky Face Cleanser 200Ml', 'product_price': '£ 4.00', 'product_additionals': '£2.00/100ml'}, {'shop': 'asda', 'url': 'https://groceries.asda.com/product/1000168286620', 'product_name': 'Bondi Sands Everyday Gradual Tanning Milk', 'product_price': '£11.99', 'product_additionals': '(£3.20/100ml)'}, {'shop': 'tesco', 'url': 'https://www.tesco.com/groceries/en-GB/products/302226467', 'product_name': 'Pantene Gold Leave In Detangling Milk 225Ml', 'product_price': '£ 8.00', 'product_additionals': '£3.56/100ml'}, {'shop': 'tesco', 'url': 'https://www.tesco.com/groceries/en-GB/products/299250390', 'product_name': 'Maui Moisture Coconut Oil Curl Milk 236Ml', 'product_price': '£ 8.99', 'product_additionals': '£3.81/100ml'}, {'shop': 'asda', 'url': 'https://groceries.asda.com/product/1000136352517', 'product_name': 'So...? Twilight Kiss Perfume Mist Vanilla Fudge Milkshake', 'product_price': '£6.00', 'product_additionals': '(£4.29/100ml)'}, {'shop': 'asda', 'url': 'https://groceries.asda.com/product/1000152808223', 'product_name': 'Lowicz Natural Buttermilk', 'product_price': '£1.05', 'product_additionals': '(10.5p/100ml)'}, {'shop': 'asda', 'url': 'https://groceries.asda.com/product/910001461430', 'product_name': 'Laciate Junior UHT Milk', 'product_price': '£0.95', 'product_additionals': '(9.5p/100ml)'}, {'shop': 'asda', 'url': 'https://groceries.asda.com/product/3184189', 'product_name': 'Veet Normal Skin Lotus Milk & Jasmine Fragrance Hair Removal Cream', 'product_price': '£5.00', 'product_additionals': '(£5.00/100ml)'}, {'shop': 'asda', 'url': 'https://groceries.asda.com/product/910000395716', 'product_name': 'Island Sun Coconut Milk', 'product_price': '£0.59', 'product_additionals': '(14.8p/100ml)'}, {'shop': 'asda', 'url': 'https://groceries.asda.com/product/1000234566986', 'product_name': 'Summer Pride Coconut Milk', 'product_price': '£0.79', 'product_additionals': '(19.8p/100ml)'}, {'shop': 'asda', 'url': 'https://groceries.asda.com/product/910002380756', 'product_name': 'Caribbean Choice Coconut Milk', 'product_price': '£0.63', 'product_additionals': '(15.8p/100ml)'}, {'shop': 'asda', 'url': 'https://groceries.asda.com/product/1000015538441', 'product_name': 'Yazoo No Added Sugar Banana Milk', 'product_price': '£2.00', 'product_additionals': '(16.7p/100ml)'}, {'shop': 'asda', 'url': 'https://groceries.asda.com/product/1000015538600', 'product_name': 'Yazoo No Added Sugar Chocolate Milk', 'product_price': '£2.00', 'product_additionals': '(16.7p/100ml)'}, {'shop': 'asda', 'url': 'https://groceries.asda.com/product/1000203039125', 'product_name': 'Palmolive Milk Shower Gel', 'product_price': '£1.50', 'product_additionals': '(30.0p/100ml)'}, {'shop': 'asda', 'url': 'https://groceries.asda.com/product/910000420790', 'product_name': 'Amoy Coconut Milk', 'product_price': '£1.79', 'product_additionals': '(44.8p/100ml)'}, {'shop': 'asda', 'url': 'https://groceries.asda.com/product/1000140068981', 'product_name': "Dunn's River Coconut Milk", 'product_price': '£1.00', 'product_additionals': '(25.0p/100ml)'}, {'shop': 'asda', 'url': 'https://groceries.asda.com/product/1000049687364', 'product_name': 'Tropical Sun Premium Coconut Milk', 'product_price': '£0.45', 'product_additionals': '(27.3p/100ml)'}, {'shop': 'asda', 'url': 'https://groceries.asda.com/product/1000000984240', 'product_name': 'FRijj Banana Flavour Milkshake', 'product_price': '£1.00', 'product_additionals': '(25.0p/100ml)'}, {'shop': 'asda', 'url': 'https://groceries.asda.com/product/1000015538112', 'product_name': 'Yazoo Kids No Added Sugar Strawberry Milk Drink', 'product_price': '£2.00', 'product_additionals': '(16.7p/100ml)'}, {'shop': 'asda', 'url': 'https://groceries.asda.com/product/910002933933', 'product_name': 'Laciate Vanilla Flavoured UHT Milk', 'product_price': '£0.50', 'product_additionals': '(25.0p/100ml)'}, {'shop': 'asda', 'url': 'https://groceries.asda.com/product/910000026713', 'product_name': 'Palmolive Naturals Milk & Honey Handwash', 'product_price': '£0.90', 'product_additionals': '(30.0p/100ml)'}, {'shop': 'asda', 'url': 'https://groceries.asda.com/product/910002933503', 'product_name': 'Laciate Chocolate Flavoured UHT Milk', 'product_price': '£0.50', 'product_additionals': '(25.0p/100ml)'}, {'shop': 'asda', 'url': 'https://groceries.asda.com/product/910000026669', 'product_name': 'Palmolive Naturals Almond & Milk Handwash', 'product_price': '£0.90', 'product_additionals': '(30.0p/100ml)'}, {'shop': 'asda', 'url': 'https://groceries.asda.com/product/1000000984061', 'product_name': 'FRijj Fudge Brownie Flavour Milkshake', 'product_price': '£1.00', 'product_additionals': '(25.0p/100ml)'}, {'shop': 'asda', 'url': 'https://groceries.asda.com/product/910002933764', 'product_name': 'Laciate Strawberry Flavoured UHT Milk', 'product_price': '£0.50', 'product_additionals': '(25.0p/100ml)'}, {'shop': 'asda', 'url': 'https://groceries.asda.com/product/1000109264280', 'product_name': 'Palmolive Naturals Milk & Honey Shower Gel', 'product_price': '£1.50', 'product_additionals': '(30.0p/100ml)'}, {'shop': 'asda', 'url': 'https://groceries.asda.com/product/1000142866375', 'product_name': 'Edge Strawberry Milkshake E-Liquid 6mg', 'product_price': '£2.50', 'product_additionals': '(£25.00/100ml)'}, {'shop': 'asda', 'url': 'https://groceries.asda.com/product/910002365219', 'product_name': 'ASDA Smoky Buttermilk Ranch Dressing', 'product_price': '£0.89', 'product_additionals': '(35.6p/100ml)'}, {'shop': 'asda', 'url': 'https://groceries.asda.com/product/1000244431906', 'product_name': 'Collection Lasting Perfection Foundation, Buttermilk Sh10', 'product_price': '£6.48', 'product_additionals': '(£2.40/10ml)'}, {'shop': 'asda', 'url': 'https://groceries.asda.com/product/910000420686', 'product_name': 'Amoy Coconut Milk Reduced Fat', 'product_price': '£1.79', 'product_additionals': '(44.8p/100ml)'}, {'shop': 'asda', 'url': 'https://groceries.asda.com/product/910000431575', 'product_name': 'Palmolive Naturals Milk & Honey Shower Gel', 'product_price': '£2.50', 'product_additionals': '(33.3p/100ml)'}, {'shop': 'asda', 'url': 'https://groceries.asda.com/product/910000782116', 'product_name': 'Palmolive Naturals Milk & Honey Shower Gel', 'product_price': '£0.90', 'product_additionals': '(36.0p/100ml)'}, {'shop': 'asda', 'url': 'https://groceries.asda.com/product/910002995497', 'product_name': 'Crusha No Added Sugar Chocolate Flavour Milkshake Mix', 'product_price': '£2.00', 'product_additionals': '(27.0p/100ml)'}, {'shop': 'asda', 'url': 'https://groceries.asda.com/product/910002436132', 'product_name': 'Arla Protein Tropical Milkshake', 'product_price': '£1.00', 'product_additionals': '(44.4p/100ml)'}, {'shop': 'asda', 'url': 'https://groceries.asda.com/product/24544845', 'product_name': 'Crusha No Added Sugar Strawberry Flavour Milkshake Mix', 'product_price': '£2.00', 'product_additionals': '(27.0p/100ml)'}, {'shop': 'asda', 'url': 'https://groceries.asda.com/product/922100', 'product_name': 'Yakult Fermented Milk Light', 'product_price': '£3.10', 'product_additionals': '(68.1p/100ml)'}, {'shop': 'asda', 'url': 'https://groceries.asda.com/product/1000158056045', 'product_name': 'Dove Purely Pampering Milk & Coconut Body Wash', 'product_price': '£0.98', 'product_additionals': '(43.6p/100ml)'}, {'shop': 'asda', 'url': 'https://groceries.asda.com/product/910000782587', 'product_name': 'Palmolive Naturals Sensitive Skin Milk Proteins Shower Gel', 'product_price': '£0.90', 'product_additionals': '(36.0p/100ml)'}, {'shop': 'asda', 'url': 'https://groceries.asda.com/product/910001743535', 'product_name': 'FUEL10K High Protein Banana Breakfast Milk Drink', 'product_price': '£1.30', 'product_additionals': '(39.4p/100ml)'}, {'shop': 'asda', 'url': 'https://groceries.asda.com/product/910001267477', 'product_name': 'FUEL10K High Protein Vanilla Breakfast Milk Drink', 'product_price': '£1.30', 'product_additionals': '(39.4p/100ml)'}, {'shop': 'asda', 'url': 'https://groceries.asda.com/product/910000950313', 'product_name': 'FUEL10K High Protein Chocolate Breakfast Milk Drink', 'product_price': '£1.30', 'product_additionals': '(39.4p/100ml)'}, {'shop': 'asda', 'url': 'https://groceries.asda.com/product/910002435505', 'product_name': 'Arla Protein Raspberry & Strawberry Milkshake', 'product_price': '£1.00', 'product_additionals': '(44.4p/100ml)'}, {'shop': 'asda', 'url': 'https://groceries.asda.com/product/910000951046', 'product_name': 'FUEL10K High Protein Strawberry Breakfast Milk Drink', 'product_price': '£1.30', 'product_additionals': '(39.4p/100ml)'}, {'shop': 'asda', 'url': 'https://groceries.asda.com/product/1000012734455', 'product_name': 'Garnier Ultimate Blends Coconut Milk Dry Hair Shampoo', 'product_price': '£1.98', 'product_additionals': '(55.0p/100ml)'}, {'shop': 'asda', 'url': 'https://groceries.asda.com/product/1000012734757', 'product_name': 'Garnier Ultimate Blends Oat Milk Sensitive Scalp Shampoo', 'product_price': '£1.98', 'product_additionals': '(55.0p/100ml)'}, {'shop': 'asda', 'url': 'https://groceries.asda.com/product/1000012734882', 'product_name': 'Garnier Ultimate Blends Coconut Milk Dry Hair Conditioner', 'product_price': '£1.98', 'product_additionals': '(55.0p/100ml)'}, {'shop': 'asda', 'url': 'https://groceries.asda.com/product/1000012734993', 'product_name': 'Garnier Ultimate Blends Oat Milk Sensitive Scalp Conditioner', 'product_price': '£1.98', 'product_additionals': '(55.0p/100ml)'}, {'shop': 'asda', 'url': 'https://groceries.asda.com/product/1000106846708', 'product_name': 'Garnier Ultimate Blends Almond Milk & Agave Sap Normal Hair Shampoo', 'product_price': '£1.98', 'product_additionals': '(55.0p/100ml)'}, {'shop': 'asda', 'url': 'https://groceries.asda.com/product/1000106846628', 'product_name': 'Garnier Ultimate Blends Almond Milk & Agave Sap Normal Hair Conditioner', 'product_price': '£1.98', 'product_additionals': '(55.0p/100ml)'}, {'shop': 'asda', 'url': 'https://groceries.asda.com/product/910003159941', 'product_name': 'Herbal Essences bio:renew Shampoo Coconut Milk Hydrate', 'product_price': '£3.00', 'product_additionals': '(75.0p/100ml)'}, {'shop': 'asda', 'url': 'https://groceries.asda.com/product/33045', 'product_name': 'Mini Milk 12 Vanilla Strawberry & Chocolate Ice Cream Lollies', 'product_price': '£2.17', 'product_additionals': '(51.7p/100ml)'}, {'shop': 'asda', 'url': 'https://groceries.asda.com/product/910001297523', 'product_name': 'Soft & Gentle 48hr Protection Jasmine & Coco Milk Anti-Perspirant Deodorant', 'product_price': '£0.95', 'product_additionals': '(63.3p/100ml)'}, {'shop': 'asda', 'url': 'https://groceries.asda.com/product/1000006805563', 'product_name': 'Herbal Essences bio:renew Shampoo Passion Flower & Rice Milk Nourish', 'product_price': '£3.00', 'product_additionals': '(75.0p/100ml)'}, {'shop': 'asda', 'url': 'https://groceries.asda.com/product/1000112906987', 'product_name': 'Garnier Intensive 7 Days Coconut Milk Body Lotion Dry Rough Skin', 'product_price': '£2.50', 'product_additionals': '(62.5p/100ml)'}, {'shop': 'asda', 'url': 'https://groceries.asda.com/product/910003160158', 'product_name': 'Herbal Essences bio:renew Hair Conditioner Coconut Milk', 'product_price': '£3.00', 'product_additionals': '(75.0p/100ml)'}, {'shop': 'asda', 'url': 'https://groceries.asda.com/product/910003053234', 'product_name': 'Garnier Natural Rose Water Cleansing Milk Sensitive Skin', 'product_price': '£1.75', 'product_additionals': '(87.5p/100ml)'}, {'shop': 'asda', 'url': 'https://groceries.asda.com/product/1000006804899', 'product_name': 'Herbal Essences bio:renew Hair Conditioner Passion Flower & Rice Milk Nourish', 'product_price': '£3.00', 'product_additionals': '(75.0p/100ml)'}, {'shop': 'asda', 'url': 'https://groceries.asda.com/product/910001456277', 'product_name': 'KTC Coconut Milk', 'product_price': '£0.59', 'product_additionals': '(£1.48/kg)'}, {'shop': 'tesco', 'url': 'https://www.tesco.com/groceries/en-GB/products/281381884', 'product_name': 'Lancashire Farm Whole Milk Yogurt 1Kg', 'product_price': '£ 1.50', 'product_additionals': '£1.50/kg'}, {'shop': 'tesco', 'url': 'https://www.tesco.com/groceries/en-GB/products/256909870', 'product_name': 'Tesco Evaporated Milk 410G', 'product_price': '£ 0.65', 'product_additionals': '£1.59/kg'}, {'shop': 'tesco', 'url': 'https://www.tesco.com/groceries/en-GB/products/256909887', 'product_name': 'Tesco Low Fat Evaporated Semi Skimmed Milk 410G', 'product_price': '£ 0.65', 'product_additionals': '£1.59/kg'}, {'shop': 'tesco', 'url': 'https://www.tesco.com/groceries/en-GB/products/288716611', 'product_name': 'Tesco Condensed Milk 397G', 'product_price': '£ 1.05', 'product_additionals': '£2.65/kg'}, {'shop': 'tesco', 'url': 'https://www.tesco.com/groceries/en-GB/products/255220251', 'product_name': 'Tesco Malted Milk Biscuits 200G', 'product_price': '£ 0.45', 'product_additionals': '£0.22/100g'}, {'shop': 'tesco', 'url': 'https://www.tesco.com/groceries/en-GB/products/254924572', 'product_name': 'Tesco Milk Chocolate Digestive 300G', 'product_price': '£ 0.60', 'product_additionals': '£0.20/100g'}, {'shop': 'tesco', 'url': 'https://www.tesco.com/groceries/en-GB/products/256909311', 'product_name': 'Tesco Evaporated Milk 170G', 'product_price': '£ 0.50', 'product_additionals': '£2.95/kg'}, {'shop': 'tesco', 'url': 'https://www.tesco.com/groceries/en-GB/products/252395497', 'product_name': 'Carnation Light Evaporated Milk 410G', 'product_price': '£ 1.00', 'product_additionals': '£2.44/kg'}, {'shop': 'tesco', 'url': 'https://www.tesco.com/groceries/en-GB/products/254942734', 'product_name': 'Warburtons Milk Roll Sliced White Bread 400G', 'product_price': '£ 0.90', 'product_additionals': '£0.22/100g'}, {'shop': 'tesco', 'url': 'https://www.tesco.com/groceries/en-GB/products/254902477', 'product_name': 'Carnation Evaporated Milk 410G-14.5 Oz Can', 'product_price': '£ 1.00', 'product_additionals': '£2.44/kg'}, {'shop': 'tesco', 'url': 'https://www.tesco.com/groceries/en-GB/products/254913717', 'product_name': 'Tesco Milk Chocolate Cake Covering 300G', 'product_price': '£ 0.80', 'product_additionals': '£0.27/100g'}, {'shop': 'asda', 'url': 'https://groceries.asda.com/product/910001456445', 'product_name': 'Island Sun Sweetened Condensed Milk', 'product_price': '£1.20', 'product_additionals': '(£3.02/kg)'}, {'shop': 'tesco', 'url': 'https://www.tesco.com/groceries/en-GB/products/288090094', 'product_name': 'Go Cat Kitten Chicken & Carrot & Milk 825G', 'product_price': '£ 2.25', 'product_additionals': '£2.73/kg'}, {'shop': 'tesco', 'url': 'https://www.tesco.com/groceries/en-GB/products/256909294', 'product_name': 'Tesco Light Choices Evaporated Semi Skimmed Milk 170G', 'product_price': '£ 0.50', 'product_additionals': '£2.95/kg'}, {'shop': 'tesco', 'url': 'https://www.tesco.com/groceries/en-GB/products/258049553', 'product_name': 'Carnation Light Condensed Milk 405G', 'product_price': '£ 1.39', 'product_additionals': '£3.44/kg'}, {'shop': 'tesco', 'url': 'https://www.tesco.com/groceries/en-GB/products/300792887', 'product_name': 'Tesco Milk Chocolate Peanut 200G', 'product_price': '£ 0.75', 'product_additionals': '£0.38/100g'}, {'shop': 'tesco', 'url': 'https://www.tesco.com/groceries/en-GB/products/302379297', 'product_name': 'Barratt Milkteeth 190G', 'product_price': '£ 1.00', 'product_additionals': '£0.53/100g'}, {'shop': 'tesco', 'url': 'https://www.tesco.com/groceries/en-GB/products/270965130', 'product_name': 'Tesco Milk Bottles 75G', 'product_price': '£ 0.40', 'product_additionals': '£0.53/100g'}, {'shop': 'tesco', 'url': 'https://www.tesco.com/groceries/en-GB/products/254902431', 'product_name': 'Carnation Evaporated Milk 170G', 'product_price': '£ 0.70', 'product_additionals': '£4.12/kg'}, {'shop': 'tesco', 'url': 'https://www.tesco.com/groceries/en-GB/products/300792956', 'product_name': 'Tesco Milk Chocolate Raisins 200G', 'product_price': '£ 0.75', 'product_additionals': '£0.38/100g'}, {'shop': 'tesco', 'url': 'https://www.tesco.com/groceries/en-GB/products/300917239', 'product_name': "Mcvitie's Milk Chocolate Hobnobs 2X318g", 'product_price': '£ 2.10', 'product_additionals': '£0.33/100g'}, {'shop': 'tesco', 'url': 'https://www.tesco.com/groceries/en-GB/products/292975954', 'product_name': 'Tesco Pillows With Milk Chocolate Filling 375G', 'product_price': '£ 1.10', 'product_additionals': '£0.29/100g'}, {'shop': 'tesco', 'url': 'https://www.tesco.com/groceries/en-GB/products/258050084', 'product_name': 'Carnation Sweetened Condensed Milk 397G', 'product_price': '£ 1.39', 'product_additionals': '£3.51/kg'}, {'shop': 'tesco', 'url': 'https://www.tesco.com/groceries/en-GB/products/266045712', 'product_name': 'Tesco Chocolate Malted Milk Biscuits 250G', 'product_price': '£ 0.85', 'product_additionals': '£0.34/100g'}, {'shop': 'asda', 'url': 'https://groceries.asda.com/product/910001455940', 'product_name': 'Tropical Sun 100% Natural Coconut Milk', 'product_price': '£1.50', 'product_additionals': '(£3.75/kg)'}, {'shop': 'tesco', 'url': 'https://www.tesco.com/groceries/en-GB/products/307740610', 'product_name': 'Haribo Supermix Fruit Milk & Sweet Foam Gums 175G', 'product_price': '£ 0.79', 'product_additionals': '£0.45/100g'}, {'shop': 'tesco', 'url': 'https://www.tesco.com/groceries/en-GB/products/267377676', 'product_name': 'Tesco Instant Dried Skimmed Milk 340G', 'product_price': '£ 2.00', 'product_additionals': '£5.89/kg'}, {'shop': 'tesco', 'url': 'https://www.tesco.com/groceries/en-GB/products/300917199', 'product_name': "Mcvitie's Milk Chocolate Digestive Twin Pack 2X316g", 'product_price': '£ 2.10', 'product_additionals': '£0.33/100g'}, {'shop': 'tesco', 'url': 'https://www.tesco.com/groceries/en-GB/products/300228255', 'product_name': 'Galaxy Milk 110G', 'product_price': '£ 1.00', 'product_additionals': '£0.91/100g'}, {'shop': 'tesco', 'url': 'https://www.tesco.com/groceries/en-GB/products/289043126', 'product_name': 'Milkybar Mousse 4 X 55G', 'product_price': '£ 1.50', 'product_additionals': '£0.68/100g'}, {'shop': 'tesco', 'url': 'https://www.tesco.com/groceries/en-GB/products/275049199', 'product_name': 'Tesco Banana Milkshake Bottle 80G', 'product_price': '£ 0.40', 'product_additionals': '£0.50/100g'}, {'shop': 'tesco', 'url': 'https://www.tesco.com/groceries/en-GB/products/300917154', 'product_name': "Mcvitie's Milk Chocolate Digestives 433G", 'product_price': '£ 1.89', 'product_additionals': '£0.44/100g'}, {'shop': 'tesco', 'url': 'https://www.tesco.com/groceries/en-GB/products/260378143', 'product_name': 'St Helens Farm Natural Goats Milk Yogurt 450G', 'product_price': '£ 2.40', 'product_additionals': '£0.53/100g'}, {'shop': 'tesco', 'url': 'https://www.tesco.com/groceries/en-GB/products/308114947', 'product_name': 'Andros Caramel Dessert With Almond Milk 2 X 120G', 'product_price': '£ 1.20', 'product_additionals': '£5.00/kg'}, {'shop': 'tesco', 'url': 'https://www.tesco.com/groceries/en-GB/products/258520070', 'product_name': 'Tesco Milk Cooking Chocolate 150G', 'product_price': '£ 0.80', 'product_additionals': '£0.53/100g'}, {'shop': 'tesco', 'url': 'https://www.tesco.com/groceries/en-GB/products/308104078', 'product_name': 'Andros Chocolate Dessert With Almond Milk 2 X 120G', 'product_price': '£ 1.20', 'product_additionals': '£5.00/kg'}, {'shop': 'tesco', 'url': 'https://www.tesco.com/groceries/en-GB/products/259595923', 'product_name': 'Tesco Milk Chocolate Buttons 70G', 'product_price': '£ 0.40', 'product_additionals': '£0.57/100g'}, {'shop': 'tesco', 'url': 'https://www.tesco.com/groceries/en-GB/products/280036005', 'product_name': 'Galaxy Milk 4 Pack 168 G', 'product_price': '£ 1.25', 'product_additionals': '£0.74/100g'}, {'shop': 'asda', 'url': 'https://groceries.asda.com/product/1000006616995', 'product_name': "Zaad Cow's Milk Cheese", 'product_price': '£2.79', 'product_additionals': '(£7.97/kg)'}, {'shop': 'tesco', 'url': 'https://www.tesco.com/groceries/en-GB/products/292991721', 'product_name': 'Jimjams Milk Chocolate Spread 350G', 'product_price': '£ 2.60', 'product_additionals': '£0.74/100g'}, {'shop': 'tesco', 'url': 'https://www.tesco.com/groceries/en-GB/products/300917252', 'product_name': 'Mcvities Milk Chocolate Digestive 266G', 'product_price': '£ 1.35', 'product_additionals': '£0.51/100g'}, {'shop': 'tesco', 'url': 'https://www.tesco.com/groceries/en-GB/products/289687746', 'product_name': 'Betty Crocker Milk Chocolate Icing 400G', 'product_price': '£ 2.00', 'product_additionals': '£0.50/100g'}, {'shop': 'tesco', 'url': 'https://www.tesco.com/groceries/en-GB/products/299669027', 'product_name': "Kellogg's Krave Milk Chocolate Cereal 850G", 'product_price': '£ 4.00', 'product_additionals': '£0.47/100g'}, {'shop': 'tesco', 'url': 'https://www.tesco.com/groceries/en-GB/products/286616442', 'product_name': 'Yorkie Milk Multi Pack 138G', 'product_price': '£ 1.00', 'product_additionals': '£0.72/100g'}, {'shop': 'tesco', 'url': 'https://www.tesco.com/groceries/en-GB/products/292573934', 'product_name': 'Kit Kat Milk Chocolate 4 Pack 166G', 'product_price': '£ 1.00', 'product_additionals': '£0.60/100g'}, {'shop': 'tesco', 'url': 'https://www.tesco.com/groceries/en-GB/products/289880422', 'product_name': 'Nestle Lion Milk Multipack 4 X 42G', 'product_price': '£ 1.00', 'product_additionals': '£0.60/100g'}, {'shop': 'tesco', 'url': 'https://www.tesco.com/groceries/en-GB/products/276884964', 'product_name': 'Muller Light Chocolate Fix Milk Chocolate 4 Pack 400G', 'product_price': '£ 1.60', 'product_additionals': '£0.40/100g'}, {'shop': 'tesco', 'url': 'https://www.tesco.com/groceries/en-GB/products/277531004', 'product_name': 'Milkyway 6 Pack 129G', 'product_price': '£ 1.25', 'product_additionals': '£0.97/100g'}, {'shop': 'tesco', 'url': 'https://www.tesco.com/groceries/en-GB/products/307332650', 'product_name': 'Carnation Vegan Condensed Milk Alternative 370G', 'product_price': '£ 1.70', 'product_additionals': '£4.60/kg'}, {'shop': 'tesco', 'url': 'https://www.tesco.com/groceries/en-GB/products/301613460', 'product_name': 'Cadbury Dairy Milk 10 Pack 293G', 'product_price': '£ 2.00', 'product_additionals': '£0.68/100g'}, {'shop': 'tesco', 'url': 'https://www.tesco.com/groceries/en-GB/products/300399656', 'product_name': 'E.Wedel Krowka Milky Fudge 250G', 'product_price': '£ 1.70', 'product_additionals': '£0.68/100g'}, {'shop': 'tesco', 'url': 'https://www.tesco.com/groceries/en-GB/products/307340945', 'product_name': 'Tescomilk Chocolate Eggs 75G', 'product_price': '£ 0.75', 'product_additionals': '£1.00/100g'}, {'shop': 'tesco', 'url': 'https://www.tesco.com/groceries/en-GB/products/284117451', 'product_name': 'Cadbury Dairy Milk 110G', 'product_price': '£ 0.98', 'product_additionals': '£0.89/100g'}, {'shop': 'tesco', 'url': 'https://www.tesco.com/groceries/en-GB/products/255404760', 'product_name': 'Mcvities Light Milk Chocolate Digestives 300G', 'product_price': '£ 1.50', 'product_additionals': '£0.50/100g'}, {'shop': 'tesco', 'url': 'https://www.tesco.com/groceries/en-GB/products/303674366', 'product_name': 'Muller Corner Yogurt Milk Chocolate Digestives 130G', 'product_price': '£ 0.60', 'product_additionals': '£0.46/100g'}, {'shop': 'tesco', 'url': 'https://www.tesco.com/groceries/en-GB/products/264396691', 'product_name': 'Mikado Milk 75G', 'product_price': '£ 1.00', 'product_additionals': '£1.34/100g'}, {'shop': 'tesco', 'url': 'https://www.tesco.com/groceries/en-GB/products/300227059', 'product_name': 'Milkybar Pouch Bag 103G', 'product_price': '£ 0.99', 'product_additionals': '£0.96/100g'}, {'shop': 'tesco', 'url': 'https://www.tesco.com/groceries/en-GB/products/255762801', 'product_name': 'Tesco Milk Chocolate Biscuit Break 8 Pack 172G', 'product_price': '£ 0.89', 'product_additionals': '£0.52/100g'}, {'shop': 'tesco', 'url': 'https://www.tesco.com/groceries/en-GB/products/297544535', 'product_name': 'Belvita Milk & Cereal Biscuits 12 Pack 540G', 'product_price': '£ 3.00', 'product_additionals': '£0.56/100g'}, {'shop': 'tesco', 'url': 'https://www.tesco.com/groceries/en-GB/products/255526609', 'product_name': 'Tunnocks Milk Chocolate Caramel Wafer 240G', 'product_price': '£ 1.39', 'product_additionals': '£0.58/100g'}, {'shop': 'tesco', 'url': 'https://www.tesco.com/groceries/en-GB/products/308103753', 'product_name': 'Smarties Milk Chocolate Easter Egg 119G', 'product_price': '£ 1.00', 'product_additionals': '£0.84/100g'}, {'shop': 'tesco', 'url': 'https://www.tesco.com/groceries/en-GB/products/254923832', 'product_name': 'Tunnocks Milk Chocolate Teacakes 6X24g', 'product_price': '£ 0.95', 'product_additionals': '£0.66/100g'}, {'shop': 'tesco', 'url': 'https://www.tesco.com/groceries/en-GB/products/305977517', 'product_name': 'Cadbury Darkmilk Giant Buttons 105G', 'product_price': '£ 1.00', 'product_additionals': '£0.95/100g'}, {'shop': 'tesco', 'url': 'https://www.tesco.com/groceries/en-GB/products/263538128', 'product_name': 'Yorkie Milk Chocolate Biscuits 7 Pack 171.5G', 'product_price': '£ 1.00', 'product_additionals': '£0.58/100g'}, {'shop': 'tesco', 'url': 'https://www.tesco.com/groceries/en-GB/products/278244694', 'product_name': 'Tesco Milk Chocolate Chips 100G', 'product_price': '£ 0.80', 'product_additionals': '£0.80/100g'}, {'shop': 'tesco', 'url': 'https://www.tesco.com/groceries/en-GB/products/305971593', 'product_name': 'Tesco Buttermilk Chicken Mini Fillets 305G', 'product_price': '£ 2.50', 'product_additionals': '£8.20/kg'}, {'shop': 'tesco', 'url': 'https://www.tesco.com/groceries/en-GB/products/295790856', 'product_name': 'Milkybar Milk Slices 4X26g', 'product_price': '£ 1.00', 'product_additionals': '£0.96/100g'}, {'shop': 'tesco', 'url': 'https://www.tesco.com/groceries/en-GB/products/301011521', 'product_name': 'Special K Milk Chocolate Bars 5X27g', 'product_price': '£ 1.00', 'product_additionals': '£0.74/100g'}, {'shop': 'tesco', 'url': 'https://www.tesco.com/groceries/en-GB/products/289205552', 'product_name': 'Mcvities Penguin Milk Chocolate Biscuit 8 Pack 196.8G', 'product_price': '£ 1.00', 'product_additionals': '£0.51/100g'}, {'shop': 'tesco', 'url': 'https://www.tesco.com/groceries/en-GB/products/300795348', 'product_name': 'Galaxy Milk Chocolate 360G', 'product_price': '£ 3.50', 'product_additionals': '£0.97/100g'}, {'shop': 'tesco', 'url': 'https://www.tesco.com/groceries/en-GB/products/300226999', 'product_name': 'Milkybar Big Share Bag 212G', 'product_price': '£ 2.00', 'product_additionals': '£0.94/100g'}, {'shop': 'tesco', 'url': 'https://www.tesco.com/groceries/en-GB/products/265046131', 'product_name': 'Nestle Aero Milk 4 Pack 108G', 'product_price': '£ 1.00', 'product_additionals': '£0.93/100g'}, {'shop': 'tesco', 'url': 'https://www.tesco.com/groceries/en-GB/products/308110109', 'product_name': 'Rolo Milk Chocolate Easter Egg 128G', 'product_price': '£ 1.00', 'product_additionals': '£0.78/100g'}, {'shop': 'tesco', 'url': 'https://www.tesco.com/groceries/en-GB/products/268549827', 'product_name': 'Galaxy Milk Chocolate Bar 200G', 'product_price': '£ 1.80', 'product_additionals': '£0.90/100g'}, {'shop': 'tesco', 'url': 'https://www.tesco.com/groceries/en-GB/products/261356853', 'product_name': 'Tesco Milk Chocolate Butter Biscuits 125G', 'product_price': '£ 0.85', 'product_additionals': '£0.68/100g'}, {'shop': 'tesco', 'url': 'https://www.tesco.com/groceries/en-GB/products/308101790', 'product_name': 'Cadbury Darkmilk Chocolate Layered Dessert 2Pack 180G', 'product_price': '£ 1.30', 'product_additionals': '£0.72/100g'}, {'shop': 'tesco', 'url': 'https://www.tesco.com/groceries/en-GB/products/305782851', 'product_name': 'Sma Pro Gum Milk Powder Can 800G', 'product_price': '£ 9.15', 'product_additionals': '£11.44/kg'}, {'shop': 'tesco', 'url': 'https://www.tesco.com/groceries/en-GB/products/292215288', 'product_name': 'Cadbury Dairy Milk Boost Chocolate Barsx4 160G', 'product_price': '£ 1.00', 'product_additionals': '£0.62/100g'}, {'shop': 'tesco', 'url': 'https://www.tesco.com/groceries/en-GB/products/266258950', 'product_name': 'Nestle Nido Instant Full Cream Milk Powder 900G', 'product_price': '£ 7.50', 'product_additionals': '£0.83/100g'}, {'shop': 'tesco', 'url': 'https://www.tesco.com/groceries/en-GB/products/301012899', 'product_name': 'Tesco 6 Chocolate & Milk Crispy Bars 126G', 'product_price': '£ 0.89', 'product_additionals': '£0.71/100g'}, {'shop': 'tesco', 'url': 'https://www.tesco.com/groceries/en-GB/products/293368289', 'product_name': 'Toblerone Milk 360G', 'product_price': '£ 5.00', 'product_additionals': '£1.39/100g'}, {'shop': 'asda', 'url': 'https://groceries.asda.com/product/910002751801', 'product_name': 'Tassimo 16 Creamer from Milk Pods', 'product_price': '£3.99', 'product_additionals': '(£1.16/100g)'}, {'shop': 'tesco', 'url': 'https://www.tesco.com/groceries/en-GB/products/305554465', 'product_name': 'Smarties Milk Chocolate Mini Eggs Giant Bag 240G', 'product_price': '£ 2.00', 'product_additionals': '£0.83/100g'}, {'shop': 'tesco', 'url': 'https://www.tesco.com/groceries/en-GB/products/286581530', 'product_name': 'Cadbury Milk Chocolate Puddings 2X95g', 'product_price': '£ 1.50', 'product_additionals': '£7.90/kg'}, {'shop': 'tesco', 'url': 'https://www.tesco.com/groceries/en-GB/products/292573715', 'product_name': 'Kit Kat Milk Chocolate Bar 4 Finger 41.5G X 8 Pack', 'product_price': '£ 2.00', 'product_additionals': '£0.60/100g'}, {'shop': 'tesco', 'url': 'https://www.tesco.com/groceries/en-GB/products/306657532', 'product_name': 'Mcvities Vib Classic Caramel Milk Chocolate Digestive 250G', 'product_price': '£ 1.75', 'product_additionals': '£0.70/100g'}, {'shop': 'tesco', 'url': 'https://www.tesco.com/groceries/en-GB/products/301578079', 'product_name': 'Milka Bubbly Milk&White 95G', 'product_price': '£ 1.00', 'product_additionals': '£1.06/100g'}, {'shop': 'tesco', 'url': 'https://www.tesco.com/groceries/en-GB/products/305782747', 'product_name': 'Sma Pro Follow-On Milk 6Mth+ 800G', 'product_price': '£ 9.50', 'product_additionals': '£11.88/kg'}, {'shop': 'tesco', 'url': 'https://www.tesco.com/groceries/en-GB/products/272708450', 'product_name': 'Breakaway Milk Chocolate Biscuit 8 Pack 152.8G', 'product_price': '£ 1.00', 'product_additionals': '£0.66/100g'}, {'shop': 'tesco', 'url': 'https://www.tesco.com/groceries/en-GB/products/292743872', 'product_name': 'Kit Kat 2 Finger Milk Chocolate 21 Pack 434.7G', 'product_price': '£ 2.89', 'product_additionals': '£0.66/100g'}, {'shop': 'tesco', 'url': 'https://www.tesco.com/groceries/en-GB/products/306647089', 'product_name': 'Mcvities Vib Hazelnut Caramel Milk Chocolate Digestives 250G', 'product_price': '£ 1.75', 'product_additionals': '£0.70/100g'}, {'shop': 'tesco', 'url': 'https://www.tesco.com/groceries/en-GB/products/303717812', 'product_name': 'Nestle Yorkie Milk Chunks 100G', 'product_price': '£ 0.99', 'product_additionals': '£0.99/100g'}, {'shop': 'asda', 'url': 'https://groceries.asda.com/product/910003081775', 'product_name': 'Munchies Milk Chocolate Tube', 'product_price': '£0.55', 'product_additionals': '(£1.06/100g)'}, {'shop': 'tesco', 'url': 'https://www.tesco.com/groceries/en-GB/products/275027686', 'product_name': 'Cadbury Dairy Milk Chocolate Bar 360G', 'product_price': '£ 3.00', 'product_additionals': '£0.83/100g'}, {'shop': 'asda', 'url': 'https://groceries.asda.com/product/1000088318822', 'product_name': 'ASDA Giant Gold Coin Milk', 'product_price': '£0.59', 'product_additionals': '(£1.18/100g)'}, {'shop': 'tesco', 'url': 'https://www.tesco.com/groceries/en-GB/products/297544790', 'product_name': 'Belvita Milk & Cereal Biscuits 225G', 'product_price': '£ 1.99', 'product_additionals': '£0.88/100g'}, {'shop': 'tesco', 'url': 'https://www.tesco.com/groceries/en-GB/products/285383766', 'product_name': 'Cadbury Dairy Milk Giant Buttons 119G', 'product_price': '£ 1.00', 'product_additionals': '£0.84/100g'}, {'shop': 'tesco', 'url': 'https://www.tesco.com/groceries/en-GB/products/303215179', 'product_name': 'Sma Little Steps Follow On Milk 6Mth+ 800G', 'product_price': '£ 8.00', 'product_additionals': '£10.00/kg'}, {'shop': 'asda', 'url': 'https://groceries.asda.com/product/1000249319157', 'product_name': 'Dr. Oetker Milk Chocolate', 'product_price': '£1.79', 'product_additionals': '(£1.19/100g)'}, {'shop': 'tesco', 'url': 'https://www.tesco.com/groceries/en-GB/products/275565630', 'product_name': 'Cadbury Dairy Milk 45G', 'product_price': '£ 0.60', 'product_additionals': '£1.34/100g'}, {'shop': 'tesco', 'url': 'https://www.tesco.com/groceries/en-GB/products/301282631', 'product_name': 'Sma Organic First Milk 800G', 'product_price': '£ 12.00', 'product_additionals': '£15.00/kg'}, {'shop': 'tesco', 'url': 'https://www.tesco.com/groceries/en-GB/products/300228105', 'product_name': 'Aero Bubbles Milk Pouch Bag 102G', 'product_price': '£ 0.99', 'product_additionals': '£0.97/100g'}, {'shop': 'tesco', 'url': 'https://www.tesco.com/groceries/en-GB/products/258412209', 'product_name': 'Bounty Milk Chocolate Bar 57G', 'product_price': '£ 0.60', 'product_additionals': '£1.06/100g'}, {'shop': 'tesco', 'url': 'https://www.tesco.com/groceries/en-GB/products/306665659', 'product_name': 'Mcvities Vib Blood Orange Caramel & Milk Chocolate Biscuit 250G', 'product_price': '£ 1.75', 'product_additionals': '£0.70/100g'}, {'shop': 'tesco', 'url': 'https://www.tesco.com/groceries/en-GB/products/305434469', 'product_name': 'Cadbury Chocolate Milkshake Powder Mix 280G', 'product_price': '£ 2.09', 'product_additionals': '£0.75/100g'}, {'shop': 'tesco', 'url': 'https://www.tesco.com/groceries/en-GB/products/292215265', 'product_name': 'Cadbury Dairy Milk Caramel Chocolate Barsx4 148G', 'product_price': '£ 1.00', 'product_additionals': '£0.68/100g'}, {'shop': 'asda', 'url': 'https://groceries.asda.com/product/910001193129', 'product_name': 'Galaxy Smooth Milk Chocolate Bar', 'product_price': '£0.55', 'product_additionals': '(£1.31/100g)'}, {'shop': 'tesco', 'url': 'https://www.tesco.com/groceries/en-GB/products/307737200', 'product_name': 'Tesco Milk Chocolate Viennese Fingers 130G', 'product_price': '£ 1.00', 'product_additionals': '£0.77/100g'}, {'shop': 'asda', 'url': 'https://groceries.asda.com/product/1000235769319', 'product_name': 'Dairy Box Milk Chocolate Box', 'product_price': '£4.00', 'product_additionals': '(£1.11/100g)'}, {'shop': 'tesco', 'url': 'https://www.tesco.com/groceries/en-GB/products/268767576', 'product_name': 'Nestle Milkybar Dessert 2X70g', 'product_price': '£ 1.50', 'product_additionals': '£1.08/100g'}, {'shop': 'asda', 'url': 'https://groceries.asda.com/product/1000107571940', 'product_name': 'Nestle Animal Bar Milk Chocolate', 'product_price': '£0.25', 'product_additionals': '(£1.32/100g)'}, {'shop': 'tesco', 'url': 'https://www.tesco.com/groceries/en-GB/products/307762238', 'product_name': 'Milkybar Mini Eggs White Chocolate 240G', 'product_price': '£ 2.00', 'product_additionals': '£0.83/100g'}, {'shop': 'tesco', 'url': 'https://www.tesco.com/groceries/en-GB/products/307364796', 'product_name': 'Tesco Milk Chocolate Bunnies 75G', 'product_price': '£ 0.75', 'product_additionals': '£1.00/100g'}, {'shop': 'tesco', 'url': 'https://www.tesco.com/groceries/en-GB/products/278274664', 'product_name': 'Tesco Milk Chocolate Chunks 100G', 'product_price': '£ 1.00', 'product_additionals': '£1.00/100g'}, {'shop': 'tesco', 'url': 'https://www.tesco.com/groceries/en-GB/products/265946742', 'product_name': 'Mars Milk Chocolate Easter Egg & Chocolate 141G', 'product_price': '£ 1.00', 'product_additionals': '£0.71/100g'}, {'shop': 'tesco', 'url': 'https://www.tesco.com/groceries/en-GB/products/303215156', 'product_name': 'Sma Little Steps First Milk 1 From Birth 800G', 'product_price': '£ 8.00', 'product_additionals': '£10.00/kg'}, {'shop': 'asda', 'url': 'https://groceries.asda.com/product/43638001', 'product_name': 'Toblerone Milk Chocolate Bar', 'product_price': '£1.15', 'product_additionals': '(£1.15/100g)'}, {'shop': 'tesco', 'url': 'https://www.tesco.com/groceries/en-GB/products/273968548', 'product_name': 'Cadbury Dairy Milk Chocolate Bar 200G', 'product_price': '£ 1.80', 'product_additionals': '£0.90/100g'}, {'shop': 'tesco', 'url': 'https://www.tesco.com/groceries/en-GB/products/306656562', 'product_name': "Fox's Milk Chocolate Cookies 180G", 'product_price': '£ 1.80', 'product_additionals': '£1.00/100g'}, {'shop': 'asda', 'url': 'https://groceries.asda.com/product/910001437133', 'product_name': 'Grace Coconut Milk Powder', 'product_price': '£0.64', 'product_additionals': '(£1.28/100g)'}, {'shop': 'tesco', 'url': 'https://www.tesco.com/groceries/en-GB/products/307166184', 'product_name': 'Kit Kat 2 Finger Milk Chocolate 14 Bar Pack 289.8G', 'product_price': '£ 2.00', 'product_additionals': '£0.69/100g'}, {'shop': 'tesco', 'url': 'https://www.tesco.com/groceries/en-GB/products/301359962', 'product_name': 'Aptamil Hungry Milk Powder 800G', 'product_price': '£ 11.35', 'product_additionals': '£1.42/100g'}, {'shop': 'tesco', 'url': 'https://www.tesco.com/groceries/en-GB/products/307142379', 'product_name': 'Cadbury Dark Milk Multipack 4Pack 112G', 'product_price': '£ 1.00', 'product_additionals': '£0.89/100g'}, {'shop': 'tesco', 'url': 'https://www.tesco.com/groceries/en-GB/products/290595440', 'product_name': 'Tesco Easter Milk Chocolate Bunny 100G', 'product_price': '£ 0.89', 'product_additionals': '£0.89/100g'}, {'shop': 'tesco', 'url': 'https://www.tesco.com/groceries/en-GB/products/303153509', 'product_name': 'Birds Eye Buttermilk Chicken Strips 350G', 'product_price': '£ 4.00', 'product_additionals': '£11.43/kg'}, {'shop': 'tesco', 'url': 'https://www.tesco.com/groceries/en-GB/products/305875160', 'product_name': 'Nestle Smarties Buttons Milk Chocolate 90G', 'product_price': '£ 0.99', 'product_additionals': '£1.10/100g'}, {'shop': 'tesco', 'url': 'https://www.tesco.com/groceries/en-GB/products/301359841', 'product_name': 'Cow & Gate Hungry Milk Powder 800G', 'product_price': '£ 8.00', 'product_additionals': '£1.00/100g'}, {'shop': 'tesco', 'url': 'https://www.tesco.com/groceries/en-GB/products/305973297', 'product_name': 'Tesco Rice Cakes Milk Chocolate 105G', 'product_price': '£ 1.00', 'product_additionals': '£9.53/kg'}, {'shop': 'tesco', 'url': 'https://www.tesco.com/groceries/en-GB/products/271614896', 'product_name': 'Cadbury Dairy Milk Freddo 6 Bars 108G', 'product_price': '£ 1.00', 'product_additionals': '£0.93/100g'}, {'shop': 'tesco', 'url': 'https://www.tesco.com/groceries/en-GB/products/307347863', 'product_name': 'Tesco Milk & White Egg Hunt 475G', 'product_price': '£ 5.00', 'product_additionals': '£1.06/100g'}, {'shop': 'tesco', 'url': 'https://www.tesco.com/groceries/en-GB/products/308079464', 'product_name': 'Kit Kat Chunky Milk Chocolate Easter Egg 129G', 'product_price': '£ 1.00', 'product_additionals': '£0.78/100g'}, {'shop': 'tesco', 'url': 'https://www.tesco.com/groceries/en-GB/products/260148289', 'product_name': 'Nestle Nido Instant Full Cream Milk Powder 400G', 'product_price': '£ 4.00', 'product_additionals': '£1.00/100g'}, {'shop': 'tesco', 'url': 'https://www.tesco.com/groceries/en-GB/products/305554281', 'product_name': 'Smarties Milk Chocolate Mini Eggs 80G', 'product_price': '£ 1.00', 'product_additionals': '£1.25/100g'}, {'shop': 'tesco', 'url': 'https://www.tesco.com/groceries/en-GB/products/301359887', 'product_name': 'Cow & Gate Comfort Milk Powder 800G', 'product_price': '£ 10.50', 'product_additionals': '£1.32/100g'}, {'shop': 'tesco', 'url': 'https://www.tesco.com/groceries/en-GB/products/304797271', 'product_name': 'Cadbury Flake Milk Chocolate Dessert 85G', 'product_price': '£ 0.75', 'product_additionals': '£0.88/100g'}, {'shop': 'asda', 'url': 'https://groceries.asda.com/product/1000193654276', 'product_name': 'Smarties Milk Chocolate Buttons Sharing Bag', 'product_price': '£0.99', 'product_additionals': '(£1.10/100g)'}, {'shop': 'asda', 'url': 'https://groceries.asda.com/product/1000242609326', 'product_name': 'Aero Milk Chocolate Sharing Bar', 'product_price': '£1.00', 'product_additionals': '(£1.11/100g)'}, {'shop': 'tesco', 'url': 'https://www.tesco.com/groceries/en-GB/products/301359789', 'product_name': 'Cow & Gate 1 First Milk Powder 800G', 'product_price': '£ 8.00', 'product_additionals': '£1.00/100g'}, {'shop': 'asda', 'url': 'https://groceries.asda.com/product/910000419798', 'product_name': 'Galaxy Smooth Milk Chocolate More to Share Block', 'product_price': '£2.00', 'product_additionals': '(£1.00/100g)'}, {'shop': 'tesco', 'url': 'https://www.tesco.com/groceries/en-GB/products/307747879', 'product_name': 'Aero Bubbles Milk Chocolate Easter Egg 121G', 'product_price': '£ 1.00', 'product_additionals': '£0.83/100g'}, {'shop': 'tesco', 'url': 'https://www.tesco.com/groceries/en-GB/products/286633239', 'product_name': 'Nestle Yorkie Milk Bar 46G', 'product_price': '£ 0.60', 'product_additionals': '£1.31/100g'}, {'shop': 'tesco', 'url': 'https://www.tesco.com/groceries/en-GB/products/306648094', 'product_name': 'M&M Crunchy Caramel Milk Chocolate 165G', 'product_price': '£ 2.00', 'product_additionals': '£1.22/100g'}, {'shop': 'tesco', 'url': 'https://www.tesco.com/groceries/en-GB/products/306929712', 'product_name': 'Cadbury Bitsa Wispa Milk Chocolates 222G', 'product_price': '£ 2.00', 'product_additionals': '£0.90/100g'}, {'shop': 'tesco', 'url': 'https://www.tesco.com/groceries/en-GB/products/258492318', 'product_name': 'Ovaltine Original Add Milk 300G', 'product_price': '£ 3.40', 'product_additionals': '£1.14/100g'}, {'shop': 'tesco', 'url': 'https://www.tesco.com/groceries/en-GB/products/266285519', 'product_name': 'Hipp Combiotic 12 Month Growing Up Milk 600G', 'product_price': '£ 6.65', 'product_additionals': '£11.09/kg'}, {'shop': 'tesco', 'url': 'https://www.tesco.com/groceries/en-GB/products/272097278', 'product_name': 'Milkybar White Chocolate 4 Pack 100G', 'product_price': '£ 1.00', 'product_additionals': '£1.00/100g'}, {'shop': 'asda', 'url': 'https://groceries.asda.com/product/1000107814008', 'product_name': 'Cadbury Darkmilk Chocolate Bar', 'product_price': '£0.55', 'product_additionals': '(£1.57/100g)'}, {'shop': 'tesco', 'url': 'https://www.tesco.com/groceries/en-GB/products/275523317', 'product_name': 'Cadbury Dairy Milk Caramel Chocolate Bar 120G', 'product_price': '£ 0.98', 'product_additionals': '£0.82/100g'}, {'shop': 'tesco', 'url': 'https://www.tesco.com/groceries/en-GB/products/268739735', 'product_name': 'Aptamil Growing Up Milk 2+ Years 800G', 'product_price': '£ 10.50', 'product_additionals': '£13.13/kg'}, {'shop': 'asda', 'url': 'https://groceries.asda.com/product/1000118028743', 'product_name': 'Philadelphia Milka Soft Cheese', 'product_price': '£1.80', 'product_additionals': '(£12.00/kg)'}, {'shop': 'asda', 'url': 'https://groceries.asda.com/product/910001087913', 'product_name': 'Milky Way Twin Chocolate Bar', 'product_price': '£0.55', 'product_additionals': '(£1.28/100g)'}, {'shop': 'tesco', 'url': 'https://www.tesco.com/groceries/en-GB/products/252040802', 'product_name': "Kellogg's Rice Krispies Cereal Milk Bars 6X20g", 'product_price': '£ 0.99', 'product_additionals': '£0.82/100g'}, {'shop': 'asda', 'url': 'https://groceries.asda.com/product/1000246258482', 'product_name': 'Cadbury Fudge Milk Chocolate Bar', 'product_price': '£0.25', 'product_additionals': '(£1.14/100g)'}, {'shop': 'asda', 'url': 'https://groceries.asda.com/product/1000194797272', 'product_name': "Terry's Chocolate Orange Milk Bar", 'product_price': '£1.00', 'product_additionals': '(£1.11/100g)'}, {'shop': 'asda', 'url': 'https://groceries.asda.com/product/1000107814029', 'product_name': 'Cadbury Dark Milk Chocolate Bar', 'product_price': '£1.00', 'product_additionals': '(£1.18/100g)'}, {'shop': 'tesco', 'url': 'https://www.tesco.com/groceries/en-GB/products/307361298', 'product_name': 'Sma Pro Extra Hungry Infant Milk 800G', 'product_price': '£ 10.75', 'product_additionals': '£13.44/kg'}, {'shop': 'tesco', 'url': 'https://www.tesco.com/groceries/en-GB/products/264315195', 'product_name': 'Cadbury Dairy Milk Buttons Medium Easter Egg 128G', 'product_price': '£ 1.00', 'product_additionals': '£0.78/100g'}, {'shop': 'tesco', 'url': 'https://www.tesco.com/groceries/en-GB/products/279935019', 'product_name': 'Galaxy Milk Chocolate 42G', 'product_price': '£ 0.60', 'product_additionals': '£1.43/100g'}, {'shop': 'tesco', 'url': 'https://www.tesco.com/groceries/en-GB/products/301359949', 'product_name': 'Aptamil Growing Up Milk Powder 1+ 800G', 'product_price': '£ 10.50', 'product_additionals': '£1.32/100g'}, {'shop': 'tesco', 'url': 'https://www.tesco.com/groceries/en-GB/products/304380717', 'product_name': 'Tesco Finest Belgian Milk Chocolate Cookies 210G', 'product_price': '£ 1.69', 'product_additionals': '£0.80/100g'}, {'shop': 'asda', 'url': 'https://groceries.asda.com/product/1000249319261', 'product_name': 'Dr. Oetker Milk Chocolate Drops', 'product_price': '£1.79', 'product_additionals': '(£1.19/100g)'}, {'shop': 'asda', 'url': 'https://groceries.asda.com/product/910000409509', 'product_name': 'Dr. Oetker 35% Milk Chocolate Bar', 'product_price': '£1.69', 'product_additionals': '(£1.13/100g)'}, {'shop': 'tesco', 'url': 'https://www.tesco.com/groceries/en-GB/products/275523231', 'product_name': 'Cadbury Dairy Milk Whole Nut Chocolate Bar 120G', 'product_price': '£ 0.98', 'product_additionals': '£0.82/100g'}, {'shop': 'tesco', 'url': 'https://www.tesco.com/groceries/en-GB/products/297549518', 'product_name': 'Tesco Milk Chocolate Biscuit Selection 450G', 'product_price': '£ 4.00', 'product_additionals': '£0.89/100g'}, {'shop': 'tesco', 'url': 'https://www.tesco.com/groceries/en-GB/products/291159338', 'product_name': 'Cadbury Dairy Milk Duo 65G (P)', 'product_price': '£ 0.80', 'product_additionals': '£12.31/kg'}, {'shop': 'tesco', 'url': 'https://www.tesco.com/groceries/en-GB/products/257510953', 'product_name': 'Bahlsen Milk Choco Leibniz 125G', 'product_price': '£ 1.49', 'product_additionals': '£1.20/100g'}, {'shop': 'tesco', 'url': 'https://www.tesco.com/groceries/en-GB/products/262109356', 'product_name': 'E.Wedel Milk Chocolate With Strawberry 100G', 'product_price': '£ 0.90', 'product_additionals': '£0.90/100g'}, {'shop': 'asda', 'url': 'https://groceries.asda.com/product/1000113394458', 'product_name': "McVitie's Choc Gems Milk Chocolate Topped Biscuits", 'product_price': '£1.00', 'product_additionals': '(£1.05/100g)'}, {'shop': 'tesco', 'url': 'https://www.tesco.com/groceries/en-GB/products/302276643', 'product_name': "M&M's Milk Chocolate Block 165G", 'product_price': '£ 2.00', 'product_additionals': '£1.22/100g'}, {'shop': 'tesco', 'url': 'https://www.tesco.com/groceries/en-GB/products/301359806', 'product_name': 'Cow & Gate 2 Follow On Milk Powder 800G', 'product_price': '£ 8.00', 'product_additionals': '£1.00/100g'}, {'shop': 'tesco', 'url': 'https://www.tesco.com/groceries/en-GB/products/305732122', 'product_name': 'Cow & Gate First Infant Milk 1.2Kg Big Pack', 'product_price': '£ 11.00', 'product_additionals': '£9.17/kg'}, {'shop': 'tesco', 'url': 'https://www.tesco.com/groceries/en-GB/products/305733576', 'product_name': 'Cow & Gate Follow On Milk 6-12 Months 1.2Kg', 'product_price': '£ 11.00', 'product_additionals': '£9.17/kg'}, {'shop': 'tesco', 'url': 'https://www.tesco.com/groceries/en-GB/products/304786474', 'product_name': 'Cadbury Dairy Milk Chocolate Daim Dessert 85G', 'product_price': '£ 0.75', 'product_additionals': '£0.88/100g'}, {'shop': 'tesco', 'url': 'https://www.tesco.com/groceries/en-GB/products/257679200', 'product_name': 'Kinder Bueno Milk & Hazelnut 4 Pack 172G', 'product_price': '£ 1.69', 'product_additionals': '£0.98/100g'}, {'shop': 'tesco', 'url': 'https://www.tesco.com/groceries/en-GB/products/301359927', 'product_name': 'Aptamil 2 Follow On Milk Powder 800G', 'product_price': '£ 11.50', 'product_additionals': '£14.38/kg'}, {'shop': 'tesco', 'url': 'https://www.tesco.com/groceries/en-GB/products/302142554', 'product_name': 'Dr Oetker Jumbo Milk Chocolate Chips 125G', 'product_price': '£ 1.60', 'product_additionals': '£1.28/100g'}, {'shop': 'tesco', 'url': 'https://www.tesco.com/groceries/en-GB/products/266240596', 'product_name': 'Hipp Organic Infant Milk 800G', 'product_price': '£ 10.50', 'product_additionals': '£13.13/kg'}, {'shop': 'tesco', 'url': 'https://www.tesco.com/groceries/en-GB/products/306939406', 'product_name': 'Cadbury Dairy Milk Orange Giant Buttons 110G', 'product_price': '£ 1.00', 'product_additionals': '£0.91/100g'}, {'shop': 'asda', 'url': 'https://groceries.asda.com/product/910000813175', 'product_name': 'Cadbury Dairy Milk Chocolate Bar', 'product_price': '£0.55', 'product_additionals': '(£1.22/100g)'}, {'shop': 'tesco', 'url': 'https://www.tesco.com/groceries/en-GB/products/308473014', 'product_name': 'Milkybar Cookies And Cream Bites 90G', 'product_price': '£ 0.99', 'product_additionals': '£1.10/100g'}, {'shop': 'tesco', 'url': 'https://www.tesco.com/groceries/en-GB/products/304403220', 'product_name': 'Philadelphia Milka Cheese 150G', 'product_price': '£ 1.95', 'product_additionals': '£13.00/kg'}, {'shop': 'tesco', 'url': 'https://www.tesco.com/groceries/en-GB/products/265947303', 'product_name': 'Maltesers Milk Chocolate Easter Egg & Chocolate 127G', 'product_price': '£ 1.00', 'product_additionals': '£0.79/100g'}, {'shop': 'tesco', 'url': 'https://www.tesco.com/groceries/en-GB/products/301065629', 'product_name': 'Cadbury Dark Milk 85G', 'product_price': '£ 1.50', 'product_additionals': '£1.77/100g'}, {'shop': 'tesco', 'url': 'https://www.tesco.com/groceries/en-GB/products/284775667', 'product_name': 'Cadbury Dairy Milk Buttons 6 Pack', 'product_price': '£ 1.00', 'product_additionals': '£1.20/100g'}, {'shop': 'tesco', 'url': 'https://www.tesco.com/groceries/en-GB/products/258510053', 'product_name': 'Nestle Cerelac 6Mnth Wheat&Milk Cereal 400G', 'product_price': '£ 3.80', 'product_additionals': '£0.95/100g'}, {'shop': 'asda', 'url': 'https://groceries.asda.com/product/910002052877', 'product_name': 'Cadbury Milk Tray Chocolate Box', 'product_price': '£1.00', 'product_additionals': '(£1.28/100g)'}, {'shop': 'asda', 'url': 'https://groceries.asda.com/product/910000813019', 'product_name': 'Cadbury Dairy Milk Caramel Bar', 'product_price': '£0.60', 'product_additionals': '(£1.33/100g)'}, {'shop': 'tesco', 'url': 'https://www.tesco.com/groceries/en-GB/products/305781649', 'product_name': 'Sma Pro First Infant Milk From Birth 800G', 'product_price': '£ 10.75', 'product_additionals': '£13.44/kg'}, {'shop': 'asda', 'url': 'https://groceries.asda.com/product/910001590670', 'product_name': 'Yorkie Original Milk Chocolate Bar', 'product_price': '£0.55', 'product_additionals': '(£1.20/100g)'}, {'shop': 'tesco', 'url': 'https://www.tesco.com/groceries/en-GB/products/307147005', 'product_name': 'Cadbury Milk Chocolate Giant Buttons Share Bag 240G', 'product_price': '£ 2.00', 'product_additionals': '£0.83/100g'}, {'shop': 'tesco', 'url': 'https://www.tesco.com/groceries/en-GB/products/266239437', 'product_name': 'Hipp Organic Follow-On Milk 800G', 'product_price': '£ 10.15', 'product_additionals': '£12.69/kg'}, {'shop': 'tesco', 'url': 'https://www.tesco.com/groceries/en-GB/products/304799113', 'product_name': 'Cadbury Dairy Milk Chocolate Buttons Dessert 85G', 'product_price': '£ 0.75', 'product_additionals': '£0.88/100g'}, {'shop': 'tesco', 'url': 'https://www.tesco.com/groceries/en-GB/products/292215294', 'product_name': 'Cadbury Dairy Milk Twirl Chocolate Bars X11 236.5G', 'product_price': '£ 2.00', 'product_additionals': '£0.85/100g'}, {'shop': 'tesco', 'url': 'https://www.tesco.com/groceries/en-GB/products/304787299', 'product_name': 'Cadbury Dairy Milk Pot Of Joy Caramel Dessert 4Pack 260G', 'product_price': '£ 2.00', 'product_additionals': '£0.77/100g'}, {'shop': 'tesco', 'url': 'https://www.tesco.com/groceries/en-GB/products/282553602', 'product_name': 'Milky Way Fun Size 14 Pack 227G', 'product_price': '£ 3.00', 'product_additionals': '£1.33/100g'}, {'shop': 'tesco', 'url': 'https://www.tesco.com/groceries/en-GB/products/307337996', 'product_name': 'Cadbury Dairy Milk Fingers Biscuits 189G', 'product_price': '£ 2.00', 'product_additionals': '£1.06/100g'}, {'shop': 'tesco', 'url': 'https://www.tesco.com/groceries/en-GB/products/275565895', 'product_name': 'Cadbury Dairy Milk Caramel 45 G', 'product_price': '£ 0.60', 'product_additionals': '£1.34/100g'}, {'shop': 'tesco', 'url': 'https://www.tesco.com/groceries/en-GB/products/297556924', 'product_name': 'Kit Kat 2 Finger Milk Chocolate Biscuits 9 Pack 186.3G', 'product_price': '£ 1.50', 'product_additionals': '£0.81/100g'}, {'shop': 'tesco', 'url': 'https://www.tesco.com/groceries/en-GB/products/293226763', 'product_name': 'Bahlsen Pick Up! Minis Milk Chocolate 10.6Gx10', 'product_price': '£ 1.00', 'product_additionals': '£0.94/100g'}, {'shop': 'tesco', 'url': 'https://www.tesco.com/groceries/en-GB/products/293597030', 'product_name': 'Cadbury Dairy Milk Fruit & Nut Chocolate Bar 110G', 'product_price': '£ 0.98', 'product_additionals': '£0.89/100g'}, {'shop': 'tesco', 'url': 'https://www.tesco.com/groceries/en-GB/products/301360003', 'product_name': 'Aptamil Comfort Milk Powder 800G', 'product_price': '£ 14.00', 'product_additionals': '£1.75/100g'}, {'shop': 'asda', 'url': 'https://groceries.asda.com/product/1000008341231', 'product_name': 'Kallo Milk Chocolate Rice Cake', 'product_price': '£1.39', 'product_additionals': '(£1.39/100g)'}, {'shop': 'tesco', 'url': 'https://www.tesco.com/groceries/en-GB/products/307145128', 'product_name': 'Cadbury Dairy Milk Caramel Nibbles Big Share Bag 242G', 'product_price': '£ 2.00', 'product_additionals': '£0.83/100g'}, {'shop': 'asda', 'url': 'https://groceries.asda.com/product/1000260230892', 'product_name': 'Galaxy Smooth Milk Chocolate Large Christmas Selection Box', 'product_price': '£2.50', 'product_additionals': '(£1.02/100g)'}, {'shop': 'tesco', 'url': 'https://www.tesco.com/groceries/en-GB/products/299585016', 'product_name': 'Marvel Dried Milk Powder 278G', 'product_price': '£ 4.00', 'product_additionals': '£1.44/100g'}, {'shop': 'tesco', 'url': 'https://www.tesco.com/groceries/en-GB/products/291244675', 'product_name': 'Cadbury Dairy Milk Freddo Faces Medium Easter Egg 122G', 'product_price': '£ 1.00', 'product_additionals': '£0.82/100g'}, {'shop': 'asda', 'url': 'https://groceries.asda.com/product/1000216498425', 'product_name': 'Cadbury Dairy Milk Chocolate Chunks Tin', 'product_price': '£8.00', 'product_additionals': '(£1.11/100g)'}, {'shop': 'tesco', 'url': 'https://www.tesco.com/groceries/en-GB/products/307510042', 'product_name': 'Kit Kat 2 Fingers Wafer Milk Chocolate Hazelnut 9X20.7G', 'product_price': '£ 1.50', 'product_additionals': '£0.81/100g'}, {'shop': 'asda', 'url': 'https://groceries.asda.com/product/1000233167237', 'product_name': 'Cadbury Curly Wurly Milk Chocolate Bar', 'product_price': '£0.25', 'product_additionals': '(£1.14/100g)'}, {'shop': 'tesco', 'url': 'https://www.tesco.com/groceries/en-GB/products/290504888', 'product_name': 'Cadbury Milk Tray Boxed Chocolates 360G', 'product_price': '£ 4.00', 'product_additionals': '£1.12/100g'}, {'shop': 'tesco', 'url': 'https://www.tesco.com/groceries/en-GB/products/307276278', 'product_name': 'Milkybar White Chocolate Sharing Bar 90G', 'product_price': '£ 0.99', 'product_additionals': '£1.10/100g'}, {'shop': 'tesco', 'url': 'https://www.tesco.com/groceries/en-GB/products/304787686', 'product_name': 'Cadbury Dairy Milk Pots Of Joy Chocolate Dessert 4Pack 260G', 'product_price': '£ 2.00', 'product_additionals': '£0.77/100g'}, {'shop': 'tesco', 'url': 'https://www.tesco.com/groceries/en-GB/products/273626838', 'product_name': 'Cadbury Dairy Milk Crunchie Bit Chocolate Bar 200G', 'product_price': '£ 1.80', 'product_additionals': '£0.90/100g'}, {'shop': 'asda', 'url': 'https://groceries.asda.com/product/1000196324556', 'product_name': 'Cadbury Darkmilk Crunchy Cocoa Pieces Chocolate Bar', 'product_price': '£1.00', 'product_additionals': '(£1.18/100g)'}, {'shop': 'asda', 'url': 'https://groceries.asda.com/product/910000022507', 'product_name': 'LU Mikado Milk Chocolate Biscuits', 'product_price': '£1.00', 'product_additionals': '(£1.33/100g)'}, {'shop': 'tesco', 'url': 'https://www.tesco.com/groceries/en-GB/products/304797426', 'product_name': 'Cadbury Dairy Milk Chunks Milk Chocolate Dessert 85G', 'product_price': '£ 0.75', 'product_additionals': '£0.88/100g'}, {'shop': 'asda', 'url': 'https://groceries.asda.com/product/1000107814073', 'product_name': 'Cadbury Dark Milk Almond Chocolate Bar', 'product_price': '£1.00', 'product_additionals': '(£1.18/100g)'}, {'shop': 'tesco', 'url': 'https://www.tesco.com/groceries/en-GB/products/300228693', 'product_name': 'Tesco Finest Chunky Milk Chocolate & Hazelnut Cookies 200G', 'product_price': '£ 1.59', 'product_additionals': '£0.80/100g'}, {'shop': 'tesco', 'url': 'https://www.tesco.com/groceries/en-GB/products/308089826', 'product_name': 'Kit Kat Milk Chocolate Mini Eggs 81G', 'product_price': '£ 1.00', 'product_additionals': '£1.24/100g'}, {'shop': 'tesco', 'url': 'https://www.tesco.com/groceries/en-GB/products/265947614', 'product_name': 'Mars Milk Chocolate Egg With Mars Bar 280G', 'product_price': '£ 3.00', 'product_additionals': '£1.08/100g'}, {'shop': 'tesco', 'url': 'https://www.tesco.com/groceries/en-GB/products/268726658', 'product_name': 'Maggi Coconut Milk Powder 300G', 'product_price': '£ 4.39', 'product_additionals': '£1.47/100g'}, {'shop': 'tesco', 'url': 'https://www.tesco.com/groceries/en-GB/products/301359829', 'product_name': 'Cow & Gate 3 Growing Up Milk Powder 1+Yrs 800G', 'product_price': '£ 8.00', 'product_additionals': '£1.00/100g'}, {'shop': 'tesco', 'url': 'https://www.tesco.com/groceries/en-GB/products/301359904', 'product_name': 'Aptamil 1 First Infant Milk From Birth 800G', 'product_price': '£ 11.35', 'product_additionals': '£14.19/kg'}, {'shop': 'tesco', 'url': 'https://www.tesco.com/groceries/en-GB/products/273714423', 'product_name': 'Dr Oetker Fine Cooks Chocolate Milk 150G', 'product_price': '£ 1.70', 'product_additionals': '£1.14/100g'}, {'shop': 'tesco', 'url': 'https://www.tesco.com/groceries/en-GB/products/305554004', 'product_name': 'Aero Peppermint Milk Chocolate Large Easter Egg 252G', 'product_price': '£ 3.00', 'product_additionals': '£1.20/100g'}, {'shop': 'tesco', 'url': 'https://www.tesco.com/groceries/en-GB/products/305548346', 'product_name': 'Aero Peppemint Milk Chocolate Mini Eggs 70G', 'product_price': '£ 1.00', 'product_additionals': '£1.43/100g'}, {'shop': 'tesco', 'url': 'https://www.tesco.com/groceries/en-GB/products/306650319', 'product_name': "Fox's Half Coated Milk Chocolate Cookies 175G", 'product_price': '£ 1.80', 'product_additionals': '£1.03/100g'}, {'shop': 'asda', 'url': 'https://groceries.asda.com/product/910002437888', 'product_name': 'KitKat 4 Finger Milk Chocolate Bar', 'product_price': '£0.55', 'product_additionals': '(£1.33/100g)'}, {'shop': 'asda', 'url': 'https://groceries.asda.com/product/910001736097', 'product_name': 'Toffee Crisp Milk Chocolate Bar', 'product_price': '£0.55', 'product_additionals': '(£1.45/100g)'}, {'shop': 'tesco', 'url': 'https://www.tesco.com/groceries/en-GB/products/261592624', 'product_name': 'Milkybar Small Easter Egg 65G', 'product_price': '£ 1.00', 'product_additionals': '£1.54/100g'}, {'shop': 'tesco', 'url': 'https://www.tesco.com/groceries/en-GB/products/286690153', 'product_name': 'Nestle Nesquik Milk Slice Chocolate Flavour 4X26g', 'product_price': '£ 1.00', 'product_additionals': '£9.62/kg'}, {'shop': 'asda', 'url': 'https://groceries.asda.com/product/1000242609598', 'product_name': 'Milkybar White Chocolate Sharing Block Bar', 'product_price': '£1.00', 'product_additionals': '(£1.11/100g)'}, {'shop': 'tesco', 'url': 'https://www.tesco.com/groceries/en-GB/products/302317399', 'product_name': "M&M's Peanut Milk Chocolate Block 165G", 'product_price': '£ 2.00', 'product_additionals': '£1.22/100g'}, {'shop': 'tesco', 'url': 'https://www.tesco.com/groceries/en-GB/products/308099394', 'product_name': 'Milkbar White Chocolate Mini Eggs 80G', 'product_price': '£ 1.00', 'product_additionals': '£1.25/100g'}, {'shop': 'asda', 'url': 'https://groceries.asda.com/product/1000209051155', 'product_name': 'Milky Way Magic Stars Chocolate Pouch', 'product_price': '£1.25', 'product_additionals': '(£1.25/100g)'}, {'shop': 'tesco', 'url': 'https://www.tesco.com/groceries/en-GB/products/284384444', 'product_name': 'Cadbury Fingers Milk Chocolate 114G', 'product_price': '£ 1.50', 'product_additionals': '£1.32/100g'}, {'shop': 'tesco', 'url': 'https://www.tesco.com/groceries/en-GB/products/305983613', 'product_name': 'Barny Milk Kids Sponge Bear 5 Pack 125G', 'product_price': '£ 1.50', 'product_additionals': '£1.20/100g'}, {'shop': 'asda', 'url': 'https://groceries.asda.com/product/1000243014225', 'product_name': 'ASDA Milk Chocolate Pip the Penguin', 'product_price': '£2.00', 'product_additionals': '(£1.33/100g)'}, {'shop': 'tesco', 'url': 'https://www.tesco.com/groceries/en-GB/products/306660176', 'product_name': 'Cadbury Roundie Milk Chocolate Biscuit 180G', 'product_price': '£ 1.99', 'product_additionals': '£1.11/100g'}, {'shop': 'asda', 'url': 'https://groceries.asda.com/product/1000237573638', 'product_name': 'Milkybar White Chocolate Buttons Giant Tube', 'product_price': '£1.00', 'product_additionals': '(£1.11/100g)'}, {'shop': 'tesco', 'url': 'https://www.tesco.com/groceries/en-GB/products/273760989', 'product_name': 'Sma Comfort Infant Milk From Birth 800G', 'product_price': '£ 13.00', 'product_additionals': '£16.25/kg'}, {'shop': 'tesco', 'url': 'https://www.tesco.com/groceries/en-GB/products/301359985', 'product_name': 'Aptamil Anti Reflux Milk Powder 800G', 'product_price': '£ 14.00', 'product_additionals': '£1.75/100g'}, {'shop': 'tesco', 'url': 'https://www.tesco.com/groceries/en-GB/products/307135970', 'product_name': 'Kinder Milk Slice Milk And Honey 3 X 28G', 'product_price': '£ 1.00', 'product_additionals': '£1.20/100g'}, {'shop': 'asda', 'url': 'https://groceries.asda.com/product/1000236571485', 'product_name': 'Cadbury Dairy Milk Small Chocolate Selection Pack', 'product_price': '£0.89', 'product_additionals': '(£1.00/100g)'}, {'shop': 'tesco', 'url': 'https://www.tesco.com/groceries/en-GB/products/268739729', 'product_name': 'Cow & Gate 4 Growing Up Milk Powder 2+ Years 800G', 'product_price': '£ 8.00', 'product_additionals': '£10.00/kg'}, {'shop': 'tesco', 'url': 'https://www.tesco.com/groceries/en-GB/products/307362631', 'product_name': 'Cadbury Dairy Milk Daim Mini Eggs 77G', 'product_price': '£ 1.00', 'product_additionals': '£1.30/100g'}, {'shop': 'tesco', 'url': 'https://www.tesco.com/groceries/en-GB/products/307145693', 'product_name': 'Cadbury Dairy Milk Mini Eggs Eggs 77G', 'product_price': '£ 1.00', 'product_additionals': '£1.30/100g'}, {'shop': 'asda', 'url': 'https://groceries.asda.com/product/1000107813970', 'product_name': 'Smarties Mini Milk Chocolate Sweets Bag', 'product_price': '£0.25', 'product_additionals': '(£1.67/100g)'}, {'shop': 'asda', 'url': 'https://groceries.asda.com/product/910001148445', 'product_name': 'Cadbury Dairy Milk Winter Wonderland Chocolate Bar', 'product_price': '£1.00', 'product_additionals': '(£1.00/100g)'}, {'shop': 'asda', 'url': 'https://groceries.asda.com/product/1000236571459', 'product_name': 'Cadbury Dairy Milk Chocolate Chunk Giftbox Stack', 'product_price': '£1.00', 'product_additionals': '(£1.04/100g)'}, {'shop': 'asda', 'url': 'https://groceries.asda.com/product/910001440470', 'product_name': 'Milkybar White Chocolate Bar 6 Pack', 'product_price': '£1.00', 'product_additionals': '(£1.39/100g)'}, {'shop': 'asda', 'url': 'https://groceries.asda.com/product/910002053147', 'product_name': 'Cadbury Dairy Milk Tiffin', 'product_price': '£1.00', 'product_additionals': '(£1.89/100g)'}, {'shop': 'tesco', 'url': 'https://www.tesco.com/groceries/en-GB/products/304783068', 'product_name': 'Galaxy Milk Chocolate Enchanted Eggs 80G', 'product_price': '£ 1.00', 'product_additionals': '£1.25/100g'}, {'shop': 'tesco', 'url': 'https://www.tesco.com/groceries/en-GB/products/307157689', 'product_name': 'Aptamil Organic 3 Toddler Milk Formula 800G', 'product_price': '£ 12.50', 'product_additionals': '£15.63/kg'}, {'shop': 'tesco', 'url': 'https://www.tesco.com/groceries/en-GB/products/307341587', 'product_name': 'Cadbury Dairy Milk Oreo Easter Egg 233G', 'product_price': '£ 3.00', 'product_additionals': '£1.29/100g'}, {'shop': 'asda', 'url': 'https://groceries.asda.com/product/1000214684777', 'product_name': 'Cadbury Roundie Milk Chocolate Biscuits 6 Pack', 'product_price': '£1.99', 'product_additionals': '(£1.11/100g)'}, {'shop': 'tesco', 'url': 'https://www.tesco.com/groceries/en-GB/products/305554102', 'product_name': 'Kit Kat Chunky Milk Chocolate Large Egg 260G', 'product_price': '£ 3.00', 'product_additionals': '£1.16/100g'}, {'shop': 'tesco', 'url': 'https://www.tesco.com/groceries/en-GB/products/275412034', 'product_name': 'Tesco Finest Baking Chocolate Milk 100G', 'product_price': '£ 1.30', 'product_additionals': '£1.30/100g'}, {'shop': 'tesco', 'url': 'https://www.tesco.com/groceries/en-GB/products/302303474', 'product_name': "M&M's Crispy Milk Chocolate Block 150G", 'product_price': '£ 2.00', 'product_additionals': '£1.34/100g'}, {'shop': 'tesco', 'url': 'https://www.tesco.com/groceries/en-GB/products/301359864', 'product_name': 'Cow & Gate Anti Reflux Milk Powder 800G', 'product_price': '£ 10.50', 'product_additionals': '£1.32/100g'}, {'shop': 'tesco', 'url': 'https://www.tesco.com/groceries/en-GB/products/307736656', 'product_name': 'Cadbury Dairy Milk Oreo Mini Eggs 72G', 'product_price': '£ 1.00', 'product_additionals': '£1.39/100g'}, {'shop': 'tesco', 'url': 'https://www.tesco.com/groceries/en-GB/products/272478801', 'product_name': 'Cadbury Dairy Milk Buttons Bag 40G', 'product_price': '£ 0.60', 'product_additionals': '£1.50/100g'}, {'shop': 'asda', 'url': 'https://groceries.asda.com/product/1000236571491', 'product_name': 'Cadbury Dairy Milk Little Chocolate Robins Bag', 'product_price': '£1.00', 'product_additionals': '(£1.14/100g)'}, {'shop': 'tesco', 'url': 'https://www.tesco.com/groceries/en-GB/products/292215311', 'product_name': 'Cadbury Dairy Milk Flake Chocolate Bars X9 180G', 'product_price': '£ 2.00', 'product_additionals': '£1.12/100g'}, {'shop': 'asda', 'url': 'https://groceries.asda.com/product/910001155954', 'product_name': 'Dr. Oetker Milk Chocolate Chunks', 'product_price': '£1.59', 'product_additionals': '(£1.59/100g)'}, {'shop': 'tesco', 'url': 'https://www.tesco.com/groceries/en-GB/products/305527901', 'product_name': 'Sma Anti Reflux Infant Milk From Birth 800G', 'product_price': '£ 13.00', 'product_additionals': '£16.25/kg'}, {'shop': 'tesco', 'url': 'https://www.tesco.com/groceries/en-GB/products/277926684', 'product_name': 'E.Wedel Milk Chocolate With Blueberry & Wild Strawberry 100G', 'product_price': '£ 0.90', 'product_additionals': '£0.90/100g'}, {'shop': 'tesco', 'url': 'https://www.tesco.com/groceries/en-GB/products/291369239', 'product_name': 'Aptamil Profutura Follow On Milk 800G', 'product_price': '£ 15.00', 'product_additionals': '£1.88/100g'}, {'shop': 'tesco', 'url': 'https://www.tesco.com/groceries/en-GB/products/268380680', 'product_name': 'Menier Milk Chocolate Patissier 100G', 'product_price': '£ 1.45', 'product_additionals': '£1.45/100g'}, {'shop': 'asda', 'url': 'https://groceries.asda.com/product/13852635', 'product_name': 'Kinder Bueno Milk & Hazelnuts Multipack 4 Pack', 'product_price': '£2.00', 'product_additionals': '(£1.16/100g)'}, {'shop': 'tesco', 'url': 'https://www.tesco.com/groceries/en-GB/products/307155979', 'product_name': 'Aptamil Organic 2 Follow On Baby Milk 800G', 'product_price': '£ 13.50', 'product_additionals': '£16.88/kg'}, {'shop': 'tesco', 'url': 'https://www.tesco.com/groceries/en-GB/products/307164537', 'product_name': 'Dairy Box Milk Chocolate Classic Collection 360G', 'product_price': '£ 4.00', 'product_additionals': '£1.12/100g'}, {'shop': 'tesco', 'url': 'https://www.tesco.com/groceries/en-GB/products/305547825', 'product_name': 'Aero Milk Chocolate Mini Eggs Bag 70G', 'product_price': '£ 1.00', 'product_additionals': '£1.43/100g'}, {'shop': 'asda', 'url': 'https://groceries.asda.com/product/910001769916', 'product_name': 'Bahlsen Choco Leibniz Milk Chocolate Biscuits', 'product_price': '£1.50', 'product_additionals': '(£1.20/100g)'}, {'shop': 'asda', 'url': 'https://groceries.asda.com/product/1000236571342', 'product_name': 'Cadbury Dairy Milk Freddo Chocolate Selection Box', 'product_price': '£1.50', 'product_additionals': '(£1.11/100g)'}, {'shop': 'asda', 'url': 'https://groceries.asda.com/product/1000107814079', 'product_name': 'Cadbury Dark Milk Salted Caramel Chocolate Bar', 'product_price': '£1.00', 'product_additionals': '(£1.18/100g)'}, {'shop': 'tesco', 'url': 'https://www.tesco.com/groceries/en-GB/products/291369297', 'product_name': 'Aptamil Profutura Milk Growing Up 800G', 'product_price': '£ 15.00', 'product_additionals': '£1.88/100g'}, {'shop': 'asda', 'url': 'https://groceries.asda.com/product/1000110960435', 'product_name': 'Milkybar Mix Ups White and Milk Chocolate Sharing Bag', 'product_price': '£0.99', 'product_additionals': '(£1.04/100g)'}, {'shop': 'asda', 'url': 'https://groceries.asda.com/product/910000460007', 'product_name': 'Lindt Lindor Milk Chocolate Bar', 'product_price': '£1.70', 'product_additionals': '(£1.70/100g)'}, {'shop': 'tesco', 'url': 'https://www.tesco.com/groceries/en-GB/products/271650783', 'product_name': 'Cadbury Fair Trade Dairy Milk Little Bar 21G', 'product_price': '£ 0.26', 'product_additionals': '£1.24/100g'}, {'shop': 'tesco', 'url': 'https://www.tesco.com/groceries/en-GB/products/305554119', 'product_name': 'Kit Kat Bunny Milk Chocolate Large Egg 238G', 'product_price': '£ 3.00', 'product_additionals': '£1.27/100g'}, {'shop': 'asda', 'url': 'https://groceries.asda.com/product/910003106423', 'product_name': 'Cadbury Dairy Milk Freddo Chocolate Bar', 'product_price': '£0.25', 'product_additionals': '(£1.39/100g)'}, {'shop': 'asda', 'url': 'https://groceries.asda.com/product/910002112470', 'product_name': 'Cadbury Dairy Milk Little Chocolate Bar', 'product_price': '£0.25', 'product_additionals': '(£1.39/100g)'}, {'shop': 'tesco', 'url': 'https://www.tesco.com/groceries/en-GB/products/282073821', 'product_name': 'Cadbury Dairy Milk Chocolate Easter Hoppy Bunny Bar 100G', 'product_price': '£ 1.00', 'product_additionals': '£1.00/100g'}, {'shop': 'tesco', 'url': 'https://www.tesco.com/groceries/en-GB/products/292286433', 'product_name': 'Cadbury Dairy Milk Wispa Bar 36G', 'product_price': '£ 0.60', 'product_additionals': '£1.67/100g'}, {'shop': 'tesco', 'url': 'https://www.tesco.com/groceries/en-GB/products/303836642', 'product_name': 'Cadbury Dark Milk Chocolate 35G', 'product_price': '£ 0.60', 'product_additionals': '£1.72/100g'}, {'shop': 'asda', 'url': 'https://groceries.asda.com/product/910002053589', 'product_name': 'Cadbury Dairy Milk Mint Crisp', 'product_price': '£1.00', 'product_additionals': '(£1.85/100g)'}, {'shop': 'asda', 'url': 'https://groceries.asda.com/product/910001431762', 'product_name': 'Lindt Lindor Milk Chocolate', 'product_price': '£0.75', 'product_additionals': '(£1.97/100g)'}, {'shop': 'tesco', 'url': 'https://www.tesco.com/groceries/en-GB/products/263070686', 'product_name': 'Cadbury Dairy Milk Egg Heads Easter Egg 77G', 'product_price': '£ 1.00', 'product_additionals': '£1.30/100g'}, {'shop': 'asda', 'url': 'https://groceries.asda.com/product/1000166634779', 'product_name': "Kellogg's Krave Milk Chocolate Snack Bag", 'product_price': '£1.25', 'product_additionals': '(£1.39/100g)'}, {'shop': 'tesco', 'url': 'https://www.tesco.com/groceries/en-GB/products/305548185', 'product_name': 'Smarties Milk Cho Incredible Easter Egg 470G', 'product_price': '£ 8.00', 'product_additionals': '£1.71/100g'}, {'shop': 'tesco', 'url': 'https://www.tesco.com/groceries/en-GB/products/271249493', 'product_name': 'Green & Black Milk Cooks Bar 150G', 'product_price': '£ 2.50', 'product_additionals': '£1.67/100g'}, {'shop': 'asda', 'url': 'https://groceries.asda.com/product/910000464579', 'product_name': 'Lindt Lindor Milk Chocolate Carton', 'product_price': '£5.50', 'product_additionals': '(£1.63/100g)'}, {'shop': 'tesco', 'url': 'https://www.tesco.com/groceries/en-GB/products/291369101', 'product_name': 'Aptamil Profutura First Infant Milk 800G', 'product_price': '£ 15.00', 'product_additionals': '£1.88/100g'}, {'shop': 'asda', 'url': 'https://groceries.asda.com/product/1000236571317', 'product_name': 'Cadbury Dairy Milk Chocolate Chunk Giftbox Stack', 'product_price': '£3.00', 'product_additionals': '(£1.20/100g)'}, {'shop': 'tesco', 'url': 'https://www.tesco.com/groceries/en-GB/products/303215110', 'product_name': 'Sma Advanced Follow-On-Milk 6 Months+ 800G', 'product_price': '£ 14.50', 'product_additionals': '£18.13/kg'}, {'shop': 'tesco', 'url': 'https://www.tesco.com/groceries/en-GB/products/306927207', 'product_name': 'Cadbury Milk Chocolate Orange Fingers 114G', 'product_price': '£ 1.55', 'product_additionals': '£1.36/100g'}, {'shop': 'asda', 'url': 'https://groceries.asda.com/product/1000236571375', 'product_name': 'Cadbury Dairy Milk Daim Little Chocolate Robins Bag', 'product_price': '£1.00', 'product_additionals': '(£1.14/100g)'}, {'shop': 'tesco', 'url': 'https://www.tesco.com/groceries/en-GB/products/304389823', 'product_name': 'Bounty Milk Chocolate Egg With 3 Fun Size Bars 263G', 'product_price': '£ 3.00', 'product_additionals': '£1.15/100g'}, {'shop': 'tesco', 'url': 'https://www.tesco.com/groceries/en-GB/products/307147702', 'product_name': 'Aptamil Organic 1 First Baby Milk Formula 800G', 'product_price': '£ 13.50', 'product_additionals': '£16.88/kg'}, {'shop': 'tesco', 'url': 'https://www.tesco.com/groceries/en-GB/products/271189367', 'product_name': 'Dr Oetker Milk Chocolate Chunks 100G', 'product_price': '£ 1.60', 'product_additionals': '£1.60/100g'}, {'shop': 'tesco', 'url': 'https://www.tesco.com/groceries/en-GB/products/307510007', 'product_name': 'Kit Kat 2 Fingers Wafer Milk Chocolate Honeycomb 9X20.7G', 'product_price': '£ 1.99', 'product_additionals': '£1.07/100g'}, {'shop': 'tesco', 'url': 'https://www.tesco.com/groceries/en-GB/products/303215133', 'product_name': 'Sma Advanced Growing Up Milk 1-3Yr 800G', 'product_price': '£ 16.00', 'product_additionals': '£20.00/kg'}, {'shop': 'asda', 'url': 'https://groceries.asda.com/product/910002053038', 'product_name': 'Cadbury Dairy Milk Golden Crisp', 'product_price': '£1.00', 'product_additionals': '(£1.85/100g)'}, {'shop': 'tesco', 'url': 'https://www.tesco.com/groceries/en-GB/products/306709570', 'product_name': 'Nestle Milkybar Kid Bar 12G', 'product_price': '£ 0.25', 'product_additionals': '£2.09/100g'}, {'shop': 'tesco', 'url': 'https://www.tesco.com/groceries/en-GB/products/293749766', 'product_name': "Terry's Chocolate Orange Milk Chocolate Box 157G", 'product_price': '£ 1.95', 'product_additionals': '£1.25/100g'}, {'shop': 'asda', 'url': 'https://groceries.asda.com/product/910002987974', 'product_name': 'Storck Knoppers Milk and Nut Wafers', 'product_price': '£1.25', 'product_additionals': '(£1.67/100g)'}, {'shop': 'tesco', 'url': 'https://www.tesco.com/groceries/en-GB/products/292573531', 'product_name': 'Kit Kat 4 Finger Milk Chocolate Bar 41.5G', 'product_price': '£ 0.60', 'product_additionals': '£1.45/100g'}, {'shop': 'asda', 'url': 'https://groceries.asda.com/product/1000001956353', 'product_name': 'Cadbury Dairy Milk Freddo Caramel Chocolate Bar', 'product_price': '£0.25', 'product_additionals': '(£1.28/100g)'}, {'shop': 'tesco', 'url': 'https://www.tesco.com/groceries/en-GB/products/308082684', 'product_name': 'Kit Kat 6 Mini Milk Chocolate Bunny 66G', 'product_price': '£ 1.00', 'product_additionals': '£1.52/100g'}, {'shop': 'asda', 'url': 'https://groceries.asda.com/product/1000236571472', 'product_name': 'KitKat Santa Milk Chocolate Sharing Bag', 'product_price': '£1.00', 'product_additionals': '(£1.52/100g)'}, {'shop': 'tesco', 'url': 'https://www.tesco.com/groceries/en-GB/products/307961204', 'product_name': 'Smarties Buttons Milk Chocolate Easter Egg 290G', 'product_price': '£ 5.00', 'product_additionals': '£1.73/100g'}, {'shop': 'tesco', 'url': 'https://www.tesco.com/groceries/en-GB/products/289705902', 'product_name': "Nature's Store Free From Milk Chocolate Rice Cakes 100G", 'product_price': '£ 1.50', 'product_additionals': '£1.50/100g'}, {'shop': 'tesco', 'url': 'https://www.tesco.com/groceries/en-GB/products/307352833', 'product_name': 'Cadbury Dairy Milk Easter Egg 286G', 'product_price': '£ 5.00', 'product_additionals': '£1.75/100g'}, {'shop': 'asda', 'url': 'https://groceries.asda.com/product/485334', 'product_name': 'Lindt Lindor Milk Chocolate Carton', 'product_price': '£3.50', 'product_additionals': '(£1.75/100g)'}, {'shop': 'asda', 'url': 'https://groceries.asda.com/product/910002489803', 'product_name': 'Cadbury Dairy Milk with Oreo Chocolate Bar', 'product_price': '£0.60', 'product_additionals': '(£1.46/100g)'}, {'shop': 'asda', 'url': 'https://groceries.asda.com/product/1000150185969', 'product_name': 'Smarties Milk Chocolate Christmas Penguin', 'product_price': '£1.00', 'product_additionals': '(£1.99/100g)'}, {'shop': 'asda', 'url': 'https://groceries.asda.com/product/910003082301', 'product_name': 'Kinder Bueno White Milk and Hazelnuts 2 Pack', 'product_price': '£0.55', 'product_additionals': '(£1.41/100g)'}, {'shop': 'tesco', 'url': 'https://www.tesco.com/groceries/en-GB/products/268370997', 'product_name': 'Lindt Lindor Milk Chocolate Bar 100G', 'product_price': '£ 1.70', 'product_additionals': '£1.70/100g'}, {'shop': 'asda', 'url': 'https://groceries.asda.com/product/1000207689245', 'product_name': 'Kinder Milk Chocolate & Hazelnut Schoko-Bons', 'product_price': '£1.00', 'product_additionals': '(£1.43/100g)'}, {'shop': 'tesco', 'url': 'https://www.tesco.com/groceries/en-GB/products/307339019', 'product_name': 'Cadbury Dairy Milk Egg & Spoon Oreo 128G', 'product_price': '£ 2.00', 'product_additionals': '£1.57/100g'}, {'shop': 'asda', 'url': 'https://groceries.asda.com/product/910001484465', 'product_name': 'Cadbury Dairy Milk Freddo Faces Chocolate Tube', 'product_price': '£1.00', 'product_additionals': '(£1.39/100g)'}, {'shop': 'tesco', 'url': 'https://www.tesco.com/groceries/en-GB/products/302290660', 'product_name': 'Oreo Crunchy Bites Milk Chocolate Biscuits 110G', 'product_price': '£ 1.50', 'product_additionals': '£1.37/100g'}, {'shop': 'tesco', 'url': 'https://www.tesco.com/groceries/en-GB/products/258202199', 'product_name': 'Lindt Hazelnut Milk Chocolate Bar 150G', 'product_price': '£ 2.50', 'product_additionals': '£1.67/100g'}, {'shop': 'asda', 'url': 'https://groceries.asda.com/product/910000265081', 'product_name': 'Kinder Bueno Milk and Hazelnuts Single Bar 2 finger', 'product_price': '£0.55', 'product_additionals': '(£1.28/100g)'}, {'shop': 'tesco', 'url': 'https://www.tesco.com/groceries/en-GB/products/303670831', 'product_name': 'Cadbury Dark Milk Salted Caramel 85G', 'product_price': '£ 1.50', 'product_additionals': '£1.77/100g'}, {'shop': 'asda', 'url': 'https://groceries.asda.com/product/1000150186073', 'product_name': 'Smarties Milk Chocolate Christmas Penguin', 'product_price': '£2.00', 'product_additionals': '(£2.13/100g)'}, {'shop': 'tesco', 'url': 'https://www.tesco.com/groceries/en-GB/products/307353262', 'product_name': 'Cadbury Dairy Milk Easter Egg Marvellous Creations 246G', 'product_price': '£ 3.00', 'product_additionals': '£1.22/100g'}, {'shop': 'asda', 'url': 'https://groceries.asda.com/product/1000003092998', 'product_name': 'Cadbury Dairy Milk Chocolate Advent Calendar', 'product_price': '£3.00', 'product_additionals': '(£1.50/100g)'}, {'shop': 'asda', 'url': 'https://groceries.asda.com/product/910000464535', 'product_name': 'Lindt Milk Chocolate Santa Claus', 'product_price': '£2.50', 'product_additionals': '(£2.00/100g)'}, {'shop': 'tesco', 'url': 'https://www.tesco.com/groceries/en-GB/products/302291267', 'product_name': 'Cadbury Dairy Milk 30% Less Sugar 85G', 'product_price': '£ 1.50', 'product_additionals': '£1.77/100g'}, {'shop': 'tesco', 'url': 'https://www.tesco.com/groceries/en-GB/products/306497283', 'product_name': 'Flipz Milk Chocolate Coated Pretzels 90G', 'product_price': '£ 1.50', 'product_additionals': '£1.67/100g'}, {'shop': 'tesco', 'url': 'https://www.tesco.com/groceries/en-GB/products/305248183', 'product_name': "Ella's Kitchen Dairy Free Coconut Milk Pear & Fig Porridge 100G", 'product_price': '£ 1.10', 'product_additionals': '£1.10/100g'}, {'shop': 'tesco', 'url': 'https://www.tesco.com/groceries/en-GB/products/297057651', 'product_name': 'Lindt Lindor Milk Chocolate 4X25g', 'product_price': '£ 2.00', 'product_additionals': '£2.00/100g'}, {'shop': 'asda', 'url': 'https://groceries.asda.com/product/1000018796226', 'product_name': 'Cadbury Highlights Milk Hot Chocolate', 'product_price': '£3.99', 'product_additionals': '(£1.81/100g)'}, {'shop': 'tesco', 'url': 'https://www.tesco.com/groceries/en-GB/products/264282026', 'product_name': 'Malteaster Bunny Milk Chocolate Bar 29G', 'product_price': '£ 0.50', 'product_additionals': '£1.73/100g'}, {'shop': 'asda', 'url': 'https://groceries.asda.com/product/1000136120506', 'product_name': 'ASDA Extra Special 40% Cocoa Solids Milk Cooking Chocolate', 'product_price': '£1.20', 'product_additionals': '(£1.20/100g)'}, {'shop': 'tesco', 'url': 'https://www.tesco.com/groceries/en-GB/products/304414558', 'product_name': 'Thorntons Milk Chocolate Unicorn Egg 151G', 'product_price': '£ 2.50', 'product_additionals': '£1.66/100g'}, {'shop': 'asda', 'url': 'https://groceries.asda.com/product/1000111446600', 'product_name': 'Milkybar White Chocolate Kid Bar', 'product_price': '£0.25', 'product_additionals': '(£2.08/100g)'}, {'shop': 'asda', 'url': 'https://groceries.asda.com/product/910000464862', 'product_name': 'Lindt Milk Chocolate Teddy', 'product_price': '£2.50', 'product_additionals': '(£2.50/100g)'}, {'shop': 'asda', 'url': 'https://groceries.asda.com/product/1000072843061', 'product_name': 'Lindt Milk Chocolate Teddy', 'product_price': '£2.50', 'product_additionals': '(£2.50/100g)'}, {'shop': 'asda', 'url': 'https://groceries.asda.com/product/910000887223', 'product_name': 'Dr. Moo Quick Chocolate Milk Magic Sipper', 'product_price': '£1.00', 'product_additionals': '(£1.67/100g)'}, {'shop': 'tesco', 'url': 'https://www.tesco.com/groceries/en-GB/products/307151495', 'product_name': 'Lindt Lindor Milk Chocolate Eggs 80G', 'product_price': '£ 1.50', 'product_additionals': '£1.88/100g'}, {'shop': 'tesco', 'url': 'https://www.tesco.com/groceries/en-GB/products/304788973', 'product_name': 'Thorntons Milk Chocolate Dinosaur Egg 151G', 'product_price': '£ 2.50', 'product_additionals': '£1.66/100g'}, {'shop': 'asda', 'url': 'https://groceries.asda.com/product/910000886985', 'product_name': 'Dr. Moo Quick Strawberry Milk Magic Sipper', 'product_price': '£1.00', 'product_additionals': '(£1.67/100g)'}, {'shop': 'asda', 'url': 'https://groceries.asda.com/product/1000129611142', 'product_name': 'ASDA Milk Chocolate & Salted Caramel Rice Cakes', 'product_price': '£1.59', 'product_additionals': '(£1.51/100g)'}, {'shop': 'tesco', 'url': 'https://www.tesco.com/groceries/en-GB/products/305554367', 'product_name': 'Quality Street Milk Chocolate Giant Egg 311G', 'product_price': '£ 5.00', 'product_additionals': '£1.61/100g'}, {'shop': 'tesco', 'url': 'https://www.tesco.com/groceries/en-GB/products/297738842', 'product_name': 'Lindt Lindor Milk Mint 200G', 'product_price': '£ 5.00', 'product_additionals': '£2.50/100g'}, {'shop': 'tesco', 'url': 'https://www.tesco.com/groceries/en-GB/products/295065362', 'product_name': 'Thorntons Milk Chocolate Bunny 200G', 'product_price': '£ 4.00', 'product_additionals': '£2.00/100g'}, {'shop': 'asda', 'url': 'https://groceries.asda.com/product/1000236571380', 'product_name': 'Cadbury Dairy Milk Jingly Bells Hazelnut Creme Chocolate Bag', 'product_price': '£1.00', 'product_additionals': '(£1.22/100g)'}, {'shop': 'asda', 'url': 'https://groceries.asda.com/product/1000073094536', 'product_name': 'Galaxy Smooth Milk Chocolate Christmas Advent Calendar', 'product_price': '£2.00', 'product_additionals': '(£1.82/100g)'}, {'shop': 'tesco', 'url': 'https://www.tesco.com/groceries/en-GB/products/287230737', 'product_name': 'Celebrations Large Milk Chocolate Easter Egg & Chocolates 248G', 'product_price': '£ 3.00', 'product_additionals': '£1.21/100g'}, {'shop': 'tesco', 'url': 'https://www.tesco.com/groceries/en-GB/products/304791640', 'product_name': 'Lindt Gold Bunny Milk Chocolate 200G', 'product_price': '£ 4.00', 'product_additionals': '£2.00/100g'}, {'shop': 'tesco', 'url': 'https://www.tesco.com/groceries/en-GB/products/251095266', 'product_name': 'Lindt Gold Bunny Milk Chocolate 200G', 'product_price': '£ 4.00', 'product_additionals': '£2.00/100g'}, {'shop': 'asda', 'url': 'https://groceries.asda.com/product/1000158294551', 'product_name': 'Cadbury Dairy Milk 30% Less Sugar Chocolate Bar', 'product_price': '£0.55', 'product_additionals': '(£1.57/100g)'}, {'shop': 'asda', 'url': 'https://groceries.asda.com/product/910002819623', 'product_name': 'Cadbury Dairy Milk Chocolate Advent Calendar', 'product_price': '£1.50', 'product_additionals': '(£1.67/100g)'}, {'shop': 'tesco', 'url': 'https://www.tesco.com/groceries/en-GB/products/302932397', 'product_name': 'Tesco Slim Milk Chocolate Crunch Meal Replacement Bars 4X60g', 'product_price': '£ 4.00', 'product_additionals': '£1.67/100g'}, {'shop': 'tesco', 'url': 'https://www.tesco.com/groceries/en-GB/products/307343245', 'product_name': 'Cadbury Dairy Milk Caramel Easter Egg 286G', 'product_price': '£ 5.00', 'product_additionals': '£1.75/100g'}, {'shop': 'tesco', 'url': 'https://www.tesco.com/groceries/en-GB/products/277746822', 'product_name': 'Cadbury Dairy Milk Marvellous Creations Jelly Candy Bar 47G', 'product_price': '£ 0.60', 'product_additionals': '£1.28/100g'}, {'shop': 'tesco', 'url': 'https://www.tesco.com/groceries/en-GB/products/305548029', 'product_name': 'Smarties Bunny Milk Chocolate Hollow Figure 94G', 'product_price': '£ 2.00', 'product_additionals': '£2.13/100g'}, {'shop': 'asda', 'url': 'https://groceries.asda.com/product/1000107572027', 'product_name': 'Lindt Les Grandes Milk Chocolate Hazelnut Bar', 'product_price': '£2.50', 'product_additionals': '(£1.67/100g)'}, {'shop': 'asda', 'url': 'https://groceries.asda.com/product/910002593462', 'product_name': 'Lindt Lindor Milk Chocolate Truffles in a Bowl', 'product_price': '£9.00', 'product_additionals': '(£1.64/100g)'}, {'shop': 'tesco', 'url': 'https://www.tesco.com/groceries/en-GB/products/266526691', 'product_name': 'Ferrero Kinder Milk Slice 28G', 'product_price': '£ 0.70', 'product_additionals': '£2.50/100g'}, {'shop': 'asda', 'url': 'https://groceries.asda.com/product/1000236571458', 'product_name': 'Nestle Dairy Box Christmas Collection Milk Chocolate Assortment Box', 'product_price': '£6.00', 'product_additionals': '(£1.55/100g)'}, {'shop': 'asda', 'url': 'https://groceries.asda.com/product/910003081538', 'product_name': 'Lindt Lindor Orange Milk Chocolate Bar', 'product_price': '£0.75', 'product_additionals': '(£1.97/100g)'}, {'shop': 'tesco', 'url': 'https://www.tesco.com/groceries/en-GB/products/307136116', 'product_name': 'Cadbury Dairy Milk Fruit & Nut Easter Egg 302G', 'product_price': '£ 5.00', 'product_additionals': '£1.66/100g'}, {'shop': 'asda', 'url': 'https://groceries.asda.com/product/1000107814044', 'product_name': 'Milkybar White Chocolate Buttons Bag', 'product_price': '£0.25', 'product_additionals': '(£2.08/100g)'}, {'shop': 'tesco', 'url': 'https://www.tesco.com/groceries/en-GB/products/301603040', 'product_name': 'Stock Knoppers Milk And Nut Wafers 75G', 'product_price': '£ 1.50', 'product_additionals': '£0.20/10g'}, {'shop': 'asda', 'url': 'https://groceries.asda.com/product/1000235368566', 'product_name': 'Lindt Lindor Milk Chocolate Mini Truffles', 'product_price': '£1.50', 'product_additionals': '(£1.88/100g)'}, {'shop': 'tesco', 'url': 'https://www.tesco.com/groceries/en-GB/products/307140986', 'product_name': 'Lindt Lindor Mint Milk Chocolate Eggs 80G', 'product_price': '£ 1.50', 'product_additionals': '£1.88/100g'}, {'shop': 'tesco', 'url': 'https://www.tesco.com/groceries/en-GB/products/304788276', 'product_name': 'Galaxy Milk Chocolate Egg & Enchanted Milk Chocolate Eggs 234G', 'product_price': '£ 3.00', 'product_additionals': '£1.29/100g'}, {'shop': 'asda', 'url': 'https://groceries.asda.com/product/1000236571372', 'product_name': 'Cadbury Dairy Milk Chocolate Chunks Advent Calendar', 'product_price': '£4.00', 'product_additionals': '(£1.55/100g)'}, {'shop': 'asda', 'url': 'https://groceries.asda.com/product/1000070571716', 'product_name': 'ASDA Extra Special Salted Butterscotch Milk Chocolate Bar', 'product_price': '£1.40', 'product_additionals': '(£1.40/100g)'}, {'shop': 'tesco', 'url': 'https://www.tesco.com/groceries/en-GB/products/251277783', 'product_name': 'Lindt Excellence Extra Creamy Milk Chocolate Bar 100G', 'product_price': '£ 2.00', 'product_additionals': '£2.00/100g'}, {'shop': 'asda', 'url': 'https://groceries.asda.com/product/1000150186042', 'product_name': 'Smarties Milk Chocolate Christmas Penguin Multipack', 'product_price': '£1.50', 'product_additionals': '(£2.08/100g)'}, {'shop': 'asda', 'url': 'https://groceries.asda.com/product/450730', 'product_name': 'Milkybar Medium White Chocolate Bar', 'product_price': '£0.55', 'product_additionals': '(£2.20/100g)'}, {'shop': 'asda', 'url': 'https://groceries.asda.com/product/1000000987071', 'product_name': 'Lindt Lindor Milk Chocolate Bars 4 Pack', 'product_price': '£2.00', 'product_additionals': '(£2.00/100g)'}, {'shop': 'asda', 'url': 'https://groceries.asda.com/product/1000044365860', 'product_name': 'Lindt Lindor Milk Orange Chocolate Bars', 'product_price': '£2.00', 'product_additionals': '(£2.00/100g)'}, {'shop': 'tesco', 'url': 'https://www.tesco.com/groceries/en-GB/products/252476845', 'product_name': 'Kallo Organic Milk Chocolate Thin Rice Cakes 90G', 'product_price': '£ 1.49', 'product_additionals': '£1.66/100g'}, {'shop': 'tesco', 'url': 'https://www.tesco.com/groceries/en-GB/products/295375571', 'product_name': 'Cake Decor Choco Writer Milk Chocolate 80G', 'product_price': '£ 1.50', 'product_additionals': '£1.88/100g'}, {'shop': 'tesco', 'url': 'https://www.tesco.com/groceries/en-GB/products/308101951', 'product_name': 'Milkybar White Chocolate Bunny 44G', 'product_price': '£ 1.00', 'product_additionals': '£2.28/100g'}, {'shop': 'tesco', 'url': 'https://www.tesco.com/groceries/en-GB/products/308088568', 'product_name': 'Milkybar White Chocolate Bunny 88G', 'product_price': '£ 2.00', 'product_additionals': '£2.28/100g'}, {'shop': 'tesco', 'url': 'https://www.tesco.com/groceries/en-GB/products/307755558', 'product_name': 'Lindt Mini Milk Chocolate Eggs 177G', 'product_price': '£ 4.00', 'product_additionals': '£2.26/100g'}, {'shop': 'tesco', 'url': 'https://www.tesco.com/groceries/en-GB/products/307961066', 'product_name': 'Smarties Milk Chocolate Easter Egg Hunt 8 Pack 140G', 'product_price': '£ 3.00', 'product_additionals': '£2.15/100g'}, {'shop': 'tesco', 'url': 'https://www.tesco.com/groceries/en-GB/products/285692803', 'product_name': 'Cadbury Dairy Milk Buttons Treat Size Buttons 170G', 'product_price': '£ 2.79', 'product_additionals': '£1.65/100g'}, {'shop': 'tesco', 'url': 'https://www.tesco.com/groceries/en-GB/products/287221040', 'product_name': 'Nestle Yorkie Milk Chocolate Easter Egg & Chocolate 336G', 'product_price': '£ 5.00', 'product_additionals': '£1.49/100g'}, {'shop': 'asda', 'url': 'https://groceries.asda.com/product/910000464913', 'product_name': 'Cadbury Milk Chocolate Tree Decorations 9 Pack', 'product_price': '£1.50', 'product_additionals': '(£1.79/100g)'}, {'shop': 'asda', 'url': 'https://groceries.asda.com/product/1000235368486', 'product_name': 'Lindt Lindor Milk Selection Box', 'product_price': '£6.00', 'product_additionals': '(£2.56/100g)'}, {'shop': 'asda', 'url': 'https://groceries.asda.com/product/1000159964014', 'product_name': 'Thorntons Milk Chocolate Cheeky Elf Model', 'product_price': '£4.00', 'product_additionals': '(£2.00/100g)'}, {'shop': 'tesco', 'url': 'https://www.tesco.com/groceries/en-GB/products/279946951', 'product_name': 'Schmerlings Rosemarie Milk Chocolate 100G', 'product_price': '£ 2.69', 'product_additionals': '£0.27/10g'}, {'shop': 'asda', 'url': 'https://groceries.asda.com/product/1000235368534', 'product_name': 'Kinnerton Paw Patrol Clock & Milk Chocolate Treats', 'product_price': '£1.00', 'product_additionals': '(£1.69/100g)'}, {'shop': 'asda', 'url': 'https://groceries.asda.com/product/1000157579330', 'product_name': "Reese's 2 Milk ChocolateKing Size Peanut Butter Trees", 'product_price': '£1.00', 'product_additionals': '(£1.61/100g)'}, {'shop': 'asda', 'url': 'https://groceries.asda.com/product/1000210856879', 'product_name': 'Costa Dolce Gusto Compatible Signature Blend Latte 8 Milk & 8 Coffee Pods', 'product_price': '£4.50', 'product_additionals': '(£1.59/100g)'}, {'shop': 'tesco', 'url': 'https://www.tesco.com/groceries/en-GB/products/281879774', 'product_name': 'Mars Galaxy Milk Chocolate Ripple Easter Egg 286G', 'product_price': '£ 5.00', 'product_additionals': '£1.75/100g'}, {'shop': 'asda', 'url': 'https://groceries.asda.com/product/1000235368514', 'product_name': 'Kinnerton Barbie Vet Set with Milk Chocolate Treats', 'product_price': '£1.00', 'product_additionals': '(£1.69/100g)'}, {'shop': 'tesco', 'url': 'https://www.tesco.com/groceries/en-GB/products/272366605', 'product_name': 'Malteaster Minnie Bunnies Milk Chocolate Pouch 58G', 'product_price': '£ 1.00', 'product_additionals': '£1.73/100g'}, {'shop': 'asda', 'url': 'https://groceries.asda.com/product/1000161871363', 'product_name': 'ASDA Extra Special Milk Chocolate Honeycomb', 'product_price': '£2.00', 'product_additionals': '(£2.00/100g)'}, {'shop': 'tesco', 'url': 'https://www.tesco.com/groceries/en-GB/products/306816609', 'product_name': 'Gu Milk Chocolate Mousse & Ganache 2X70g', 'product_price': '£ 3.00', 'product_additionals': '£2.15/100g'}, {'shop': 'asda', 'url': 'https://groceries.asda.com/product/910000464636', 'product_name': 'Lindt Milk Chocolate Gold Reindeer', 'product_price': '£2.50', 'product_additionals': '(£2.50/100g)'}, {'shop': 'asda', 'url': 'https://groceries.asda.com/product/910000465511', 'product_name': 'Milkybar White Chocolate Christmas Advent Calendar', 'product_price': '£1.50', 'product_additionals': '(£1.76/100g)'}, {'shop': 'tesco', 'url': 'https://www.tesco.com/groceries/en-GB/products/307140433', 'product_name': 'Maltesers Mint Buttons & Milk Chocolate Egg 274G', 'product_price': '£ 5.00', 'product_additionals': '£1.83/100g'}, {'shop': 'asda', 'url': 'https://groceries.asda.com/product/1000112907115', 'product_name': 'Mallow & Marsh Vanilla Marshmallows Coated in Milk Chocolate', 'product_price': '£2.00', 'product_additionals': '(£2.00/100g)'}, {'shop': 'asda', 'url': 'https://groceries.asda.com/product/1000236571331', 'product_name': 'KitKat Santa Milk Chocolate Advent Calendar', 'product_price': '£4.00', 'product_additionals': '(£2.05/100g)'}, {'shop': 'tesco', 'url': 'https://www.tesco.com/groceries/en-GB/products/265923654', 'product_name': 'Cadbury Dairy Milk Extra Large Easter Egg 515G', 'product_price': '£ 10.00', 'product_additionals': '£1.95/100g'}, {'shop': 'asda', 'url': 'https://groceries.asda.com/product/1000049939218', 'product_name': 'Balin Milk Chocolate with Whole Pistachios', 'product_price': '£1.70', 'product_additionals': '(£2.12/100g)'}, {'shop': 'asda', 'url': 'https://groceries.asda.com/product/1000002934342', 'product_name': 'Kinder Happy Hippo Milk Chocolate and Hazelnut Biscuits Multipack 5 Pack', 'product_price': '£1.35', 'product_additionals': '(£1.31/100g)'}, {'shop': 'asda', 'url': 'https://groceries.asda.com/product/1000159963991', 'product_name': 'Thorntons Milk, Dark, White Classic Collection Chocolate Box', 'product_price': '£7.00', 'product_additionals': '(£1.56/100g)'}, {'shop': 'tesco', 'url': 'https://www.tesco.com/groceries/en-GB/products/261845954', 'product_name': 'Lindt Gold Bunny Milk Chocolate 100G', 'product_price': '£ 2.50', 'product_additionals': '£2.50/100g'}, {'shop': 'tesco', 'url': 'https://www.tesco.com/groceries/en-GB/products/303670290', 'product_name': 'Green & Blacks Organic Milk Chocolate 90G', 'product_price': '£ 2.00', 'product_additionals': '£2.23/100g'}, {'shop': 'asda', 'url': 'https://groceries.asda.com/product/1000234567246', 'product_name': 'Milky Way & Friends Chocolate Medium Christmas Selection Box', 'product_price': '£2.00', 'product_additionals': '(£1.57/100g)'}, {'shop': 'tesco', 'url': 'https://www.tesco.com/groceries/en-GB/products/251118878', 'product_name': 'Galaxy Milk Chocolate Indulgent Collection Easter Egg 308G', 'product_price': '£ 5.00', 'product_additionals': '£1.63/100g'}, {'shop': 'asda', 'url': 'https://groceries.asda.com/product/1000107814080', 'product_name': "Green & Black's Organic Milk Chocolate Bar", 'product_price': '£2.00', 'product_additionals': '(£2.22/100g)'}, {'shop': 'tesco', 'url': 'https://www.tesco.com/groceries/en-GB/products/281221971', 'product_name': 'Lindt Gold Bunny Milk & Hazelnut 100G', 'product_price': '£ 2.50', 'product_additionals': '£2.50/100g'}, {'shop': 'tesco', 'url': 'https://www.tesco.com/groceries/en-GB/products/304793718', 'product_name': 'Celebrations Milk Chocolate Egg With 14 Mini Chocolates 305G', 'product_price': '£ 5.00', 'product_additionals': '£1.64/100g'}, {'shop': 'asda', 'url': 'https://groceries.asda.com/product/910000562897', 'product_name': "Kellogg's Special K Milk Chocolate Delight Bars", 'product_price': '£1.99', 'product_additionals': '(£2.07/100g)'}, {'shop': 'asda', 'url': 'https://groceries.asda.com/product/1000236571462', 'product_name': 'Milkybar White Chocolate Christmas Reindeer', 'product_price': '£2.00', 'product_additionals': '(£2.27/100g)'}, {'shop': 'asda', 'url': 'https://groceries.asda.com/product/1000236571466', 'product_name': 'Milkybar White Chocolate Christmas Reindeer', 'product_price': '£1.00', 'product_additionals': '(£2.27/100g)'}, {'shop': 'asda', 'url': 'https://groceries.asda.com/product/910002999587', 'product_name': 'Kinder Cocco Milk & Coconut Sponge Cake', 'product_price': '£0.75', 'product_additionals': '(£2.50/100g)'}, {'shop': 'tesco', 'url': 'https://www.tesco.com/groceries/en-GB/products/305553938', 'product_name': 'Smarties Bunny Milk Chocolate Hollow Figure 18.5G', 'product_price': '£ 0.50', 'product_additionals': '£2.71/100g'}, {'shop': 'tesco', 'url': 'https://www.tesco.com/groceries/en-GB/products/307135479', 'product_name': 'Lindt Mini Eggs Milk Chocolate With Creamy Filling 80G', 'product_price': '£ 1.50', 'product_additionals': '£1.88/100g'}, {'shop': 'asda', 'url': 'https://groceries.asda.com/product/1000157579199', 'product_name': 'Lindt Lindor Gift Wrapped Milk Chocolates', 'product_price': '£7.00', 'product_additionals': '(£2.44/100g)'}, {'shop': 'tesco', 'url': 'https://www.tesco.com/groceries/en-GB/products/304403675', 'product_name': 'Maltesers Milk Chocolate Egg With 3 Bags Of Buttons 274G', 'product_price': '£ 5.00', 'product_additionals': '£1.83/100g'}, {'shop': 'asda', 'url': 'https://groceries.asda.com/product/1000094101717', 'product_name': 'Cadbury Milk Chocolate and Oreo Tree Decorations 14 Pack', 'product_price': '£2.50', 'product_additionals': '(£1.84/100g)'}, {'shop': 'tesco', 'url': 'https://www.tesco.com/groceries/en-GB/products/306503726', 'product_name': 'Lindt Lindor Milk Truffles 37G', 'product_price': '£ 1.20', 'product_additionals': '£3.25/100g'}, {'shop': 'tesco', 'url': 'https://www.tesco.com/groceries/en-GB/products/295065932', 'product_name': 'Cadbury Dairy Milk Chocolate Easter Hollow Bunny 50G', 'product_price': '£ 1.00', 'product_additionals': '£2.00/100g'}, {'shop': 'tesco', 'url': 'https://www.tesco.com/groceries/en-GB/products/306648883', 'product_name': 'Nannycare 1 Goat Milk Based Infant Milk 900G', 'product_price': '£ 21.00', 'product_additionals': '£23.34/kg'}, {'shop': 'tesco', 'url': 'https://www.tesco.com/groceries/en-GB/products/308093014', 'product_name': 'Milkybar White Chocolate Bunny 17G', 'product_price': '£ 0.50', 'product_additionals': '£2.95/100g'}, {'shop': 'tesco', 'url': 'https://www.tesco.com/groceries/en-GB/products/307159589', 'product_name': 'Buttermilk Dairy Free Salted Caramel Cups 100G', 'product_price': '£ 3.00', 'product_additionals': '£3.00/100g'}, {'shop': 'tesco', 'url': 'https://www.tesco.com/groceries/en-GB/products/295065955', 'product_name': 'Cadbury Dairy Milk Chocolate Easter Hollow Bunny 100G', 'product_price': '£ 2.00', 'product_additionals': '£2.00/100g'}, {'shop': 'tesco', 'url': 'https://www.tesco.com/groceries/en-GB/products/304411947', 'product_name': 'Lindt Excellence Milk Sea Salt Caramel Chocolate 100G', 'product_price': '£ 2.00', 'product_additionals': '£2.00/100g'}, {'shop': 'tesco', 'url': 'https://www.tesco.com/groceries/en-GB/products/259183944', 'product_name': 'Lindt Lindor Milk Chocolate Truffles Carton 337G', 'product_price': '£ 7.40', 'product_additionals': '£2.20/100g'}, {'shop': 'tesco', 'url': 'https://www.tesco.com/groceries/en-GB/products/307150421', 'product_name': 'Buttermilk Dairy Free Peanut Butter Crunch 100G', 'product_price': '£ 3.00', 'product_additionals': '£3.00/100g'}, {'shop': 'tesco', 'url': 'https://www.tesco.com/groceries/en-GB/products/301045279', 'product_name': 'Fibre One Milk Chocolate Popcorn Bars 4 X 21G', 'product_price': '£ 1.99', 'product_additionals': '£2.37/100g'}, {'shop': 'tesco', 'url': 'https://www.tesco.com/groceries/en-GB/products/273566384', 'product_name': 'Cadbury Highlights Milk Stickpack11g', 'product_price': '£ 0.32', 'product_additionals': '£2.91/100g'}, {'shop': 'tesco', 'url': 'https://www.tesco.com/groceries/en-GB/products/257054162', 'product_name': 'Lindt Gold Bunny Milk Chocolate 50G', 'product_price': '£ 1.50', 'product_additionals': '£3.00/100g'}, {'shop': 'tesco', 'url': 'https://www.tesco.com/groceries/en-GB/products/271765198', 'product_name': 'Kinder Milk Chocolate Easter Mini Figures 6 X 15G', 'product_price': '£ 2.00', 'product_additionals': '£2.23/100g'}, {'shop': 'asda', 'url': 'https://groceries.asda.com/product/1000208077873', 'product_name': 'Lindt Lindor Milk Chocolate Truffles Box', 'product_price': '£1.00', 'product_additionals': '(£2.70/100g)'}, {'shop': 'tesco', 'url': 'https://www.tesco.com/groceries/en-GB/products/306664172', 'product_name': 'Nannycare 2 Goat Milk Based Follow On Milk 900G', 'product_price': '£ 21.00', 'product_additionals': '£2.34/100g'}, {'shop': 'tesco', 'url': 'https://www.tesco.com/groceries/en-GB/products/302318589', 'product_name': 'Lindt Lindor Milk & White Chocolate Box 200G', 'product_price': '£ 5.00', 'product_additionals': '£2.50/100g'}, {'shop': 'tesco', 'url': 'https://www.tesco.com/groceries/en-GB/products/302273139', 'product_name': 'Lindt Milk Chocolate & Hazelnut Wafer 30G', 'product_price': '£ 0.80', 'product_additionals': '£2.67/100g'}, {'shop': 'tesco', 'url': 'https://www.tesco.com/groceries/en-GB/products/272228804', 'product_name': "Kellogg's Special K Milk Chocolate Chewy Delight 4X24g", 'product_price': '£ 1.99', 'product_additionals': '£2.08/100g'}, {'shop': 'tesco', 'url': 'https://www.tesco.com/groceries/en-GB/products/306651918', 'product_name': 'Nannycare 3 Goat Milk Based Growing Up Milk 900G', 'product_price': '£ 21.00', 'product_additionals': '£23.34/kg'}, {'shop': 'asda', 'url': 'https://groceries.asda.com/product/1000157579301', 'product_name': 'Lindt Excellence Milk 45% Cocoa Chocolate Bar', 'product_price': '£1.99', 'product_additionals': '(£2.49/100g)'}, {'shop': 'asda', 'url': 'https://groceries.asda.com/product/1000157579304', 'product_name': 'Lindt Excellence Milk 55% Cocoa Chocolate Bar', 'product_price': '£1.99', 'product_additionals': '(£2.49/100g)'}, {'shop': 'asda', 'url': 'https://groceries.asda.com/product/1000157579361', 'product_name': 'Lindt Excellence Milk 65% Cocoa Chocolate Bar', 'product_price': '£1.99', 'product_additionals': '(£2.49/100g)'}, {'shop': 'tesco', 'url': 'https://www.tesco.com/groceries/en-GB/products/292607176', 'product_name': 'Reeses Milk Chocolate Peanut Butter Cups Minis 70G', 'product_price': '£ 1.60', 'product_additionals': '£2.29/100g'}, {'shop': 'tesco', 'url': 'https://www.tesco.com/groceries/en-GB/products/306948067', 'product_name': 'Lindt Lindor Milk Mini Chocolate Pouch 90G', 'product_price': '£ 2.50', 'product_additionals': '£2.78/100g'}, {'shop': 'tesco', 'url': 'https://www.tesco.com/groceries/en-GB/products/302862387', 'product_name': 'Lindt Lindor Milk Chocolate Shell Egg 215G', 'product_price': '£ 6.00', 'product_additionals': '£2.80/100g'}, {'shop': 'tesco', 'url': 'https://www.tesco.com/groceries/en-GB/products/250265770', 'product_name': 'Lindt Lindor Milk Chocolate Truffles Carton 200G', 'product_price': '£ 5.00', 'product_additionals': '£2.50/100g'}, {'shop': 'tesco', 'url': 'https://www.tesco.com/groceries/en-GB/products/302295999', 'product_name': 'Thorntons Classic Collection Of Milk, Dark & White Chocolate 449G', 'product_price': '£ 8.50', 'product_additionals': '£1.90/100g'}, {'shop': 'tesco', 'url': 'https://www.tesco.com/groceries/en-GB/products/302284587', 'product_name': 'Lindt Excellence 55% Milk Chocolate Cocoa Bar 80G', 'product_price': '£ 2.00', 'product_additionals': '£2.50/100g'}, {'shop': 'tesco', 'url': 'https://www.tesco.com/groceries/en-GB/products/302300327', 'product_name': 'Lindt Excellence 65% Milk Chocolate Cocoa Bar 80G', 'product_price': '£ 2.00', 'product_additionals': '£2.50/100g'}, {'shop': 'asda', 'url': 'https://groceries.asda.com/product/910002078031', 'product_name': 'Lindt Lindor Orange Milk Chocolate Truffles with a Smooth Melting Filling', 'product_price': '£3.50', 'product_additionals': '(£1.75/100g)'}, {'shop': 'asda', 'url': 'https://groceries.asda.com/product/1000169694818', 'product_name': 'Kinnerton Peppa Pig Milk Chocolate Advent Calendar', 'product_price': '£1.00', 'product_additionals': '(£2.50/100g)'}, {'shop': 'tesco', 'url': 'https://www.tesco.com/groceries/en-GB/products/307361528', 'product_name': 'Cadbury Dairy Milk Ultimate Chopped Nut Easter Egg 518G', 'product_price': '£ 12.00', 'product_additionals': '£2.32/100g'}, {'shop': 'asda', 'url': 'https://groceries.asda.com/product/1000169694810', 'product_name': 'Kinnerton PAW Patrol Milk Chocolate Advent Calendar', 'product_price': '£1.00', 'product_additionals': '(£2.50/100g)'}, {'shop': 'asda', 'url': 'https://groceries.asda.com/product/1000062381281', 'product_name': 'Fibre One 90 Calorie Milk Chocolate Popcorn Bars 4 Pack', 'product_price': '£2.00', 'product_additionals': '(£2.38/100g)'}, {'shop': 'asda', 'url': 'https://groceries.asda.com/product/1000217916076', 'product_name': 'GU Milk Chocolate Mousse with Ganache Desserts', 'product_price': '£2.00', 'product_additionals': '(£2.86/100g)'}, {'shop': 'tesco', 'url': 'https://www.tesco.com/groceries/en-GB/products/304399621', 'product_name': 'Lindt Gold Bunny Milk Chocolate Egg 460G', 'product_price': '£ 15.00', 'product_additionals': '£3.27/100g'}, {'shop': 'tesco', 'url': 'https://www.tesco.com/groceries/en-GB/products/307339406', 'product_name': 'Cadbury Dairy Milk Orange Giant Buttons Easter Egg 410G', 'product_price': '£ 10.00', 'product_additionals': '£2.44/100g'}, {'shop': 'tesco', 'url': 'https://www.tesco.com/groceries/en-GB/products/304794752', 'product_name': "Reese's Milk Chocolate Egg With 3 Peanut Butter Creme Eggs 232G", 'product_price': '£ 5.00', 'product_additionals': '£2.16/100g'}, {'shop': 'asda', 'url': 'https://groceries.asda.com/product/1000000982681', 'product_name': 'Thorntons Continental Milk, Dark, White Chocolate Gift Box', 'product_price': '£7.00', 'product_additionals': '(£2.46/100g)'}, {'shop': 'tesco', 'url': 'https://www.tesco.com/groceries/en-GB/products/304790854', 'product_name': 'Lindt Gold Bunny Milk Chocolate Egg 115G', 'product_price': '£ 4.00', 'product_additionals': '£3.48/100g'}, {'shop': 'tesco', 'url': 'https://www.tesco.com/groceries/en-GB/products/302862404', 'product_name': 'Lindt Lindor Assorted Milk Chocolate Shell Egg 215G', 'product_price': '£ 6.00', 'product_additionals': '£2.80/100g'}, {'shop': 'tesco', 'url': 'https://www.tesco.com/groceries/en-GB/products/304788656', 'product_name': 'Galaxy Milk Chocolate Egg Plus Enchanted Milk Chocolate Eggs 528G', 'product_price': '£ 12.00', 'product_additionals': '£2.28/100g'}, {'shop': 'tesco', 'url': 'https://www.tesco.com/groceries/en-GB/products/304782858', 'product_name': "Green & Black's Milk Chocolate Large Shell Egg 345G", 'product_price': '£ 10.00', 'product_additionals': '£2.90/100g'}, {'shop': 'tesco', 'url': 'https://www.tesco.com/groceries/en-GB/products/304799954', 'product_name': 'Galaxy Milk Chocolate Egg With Truffles 301G', 'product_price': '£ 10.00', 'product_additionals': '£3.33/100g'}, {'shop': 'tesco', 'url': 'https://www.tesco.com/groceries/en-GB/products/307355542', 'product_name': "Montezuma's Like No Udder Milk Chocolate Chocolate Alternative Organic 90G", 'product_price': '£ 2.50', 'product_additionals': '£2.78/100g'}, {'shop': 'asda', 'url': 'https://groceries.asda.com/product/1000118028700', 'product_name': 'Dairylea Snackers Cheese & Crackers with Cadbury Dairy Milk Giant Buttons', 'product_price': '£1.55', 'product_additionals': '(£21.29/kg)'}, {'shop': 'tesco', 'url': 'https://www.tesco.com/groceries/en-GB/products/307736282', 'product_name': 'Buttermilk Dairy Free Zingy Orange Egg Chocolate Bar 165G', 'product_price': '£ 6.00', 'product_additionals': '£3.64/100g'}, {'shop': 'tesco', 'url': 'https://www.tesco.com/groceries/en-GB/products/307750206', 'product_name': 'Buttermilk Dairy Free Salted Caramel Crunch Easter Egg 165G', 'product_price': '£ 6.00', 'product_additionals': '£3.64/100g'}, {'shop': 'tesco', 'url': 'https://www.tesco.com/groceries/en-GB/products/307363630', 'product_name': 'Thorntons Continental Milk Chocolate Easter Egg 257G', 'product_price': '£ 8.00', 'product_additionals': '£3.12/100g'}, {'shop': 'tesco', 'url': 'https://www.tesco.com/groceries/en-GB/products/302134817', 'product_name': 'Pro2go Peanut & Milk Chocolate Bar 60G', 'product_price': '£ 2.50', 'product_additionals': '£4.17/100g'}, {'shop': 'asda', 'url': 'https://groceries.asda.com/product/1000161871320', 'product_name': 'Thorntons Milk, Dark, White Classic Collection Gift Wrapped Chocolate Box', 'product_price': '£6.00', 'product_additionals': '(£2.29/100g)'}, {'shop': 'tesco', 'url': 'https://www.tesco.com/groceries/en-GB/products/307354537', 'product_name': 'Lindt Milk Chocolate Egg With Milk Lndor Truffles 260G', 'product_price': '£ 8.00', 'product_additionals': '£3.08/100g'}, {'shop': 'tesco', 'url': 'https://www.tesco.com/groceries/en-GB/products/304797294', 'product_name': 'Lindt Gold Bunny Milk Chocolate Egg 195G', 'product_price': '£ 8.00', 'product_additionals': '£4.11/100g'}, {'shop': 'tesco', 'url': 'https://www.tesco.com/groceries/en-GB/products/307159475', 'product_name': 'Lindt Milk Chocolate Egg With Lindor Mint Truffles 260G', 'product_price': '£ 8.00', 'product_additionals': '£3.08/100g'}, {'shop': 'tesco', 'url': 'https://www.tesco.com/groceries/en-GB/products/307341944', 'product_name': 'Lindt Milk Chocolate Egg With Milk & White Truffles 260G', 'product_price': '£ 8.00', 'product_additionals': '£3.08/100g'}, {'shop': 'tesco', 'url': 'https://www.tesco.com/groceries/en-GB/products/307137023', 'product_name': 'Lindt Milk Chocolate Egg With Salted Caramel Truffles 260G', 'product_price': '£ 8.00', 'product_additionals': '£3.08/100g'}, {'shop': 'tesco', 'url': 'https://www.tesco.com/groceries/en-GB/products/307157539', 'product_name': 'Lindt Milk Chocolate Egg With Lindor Assorted Truffles 260G', 'product_price': '£ 8.00', 'product_additionals': '£3.08/100g'}, {'shop': 'asda', 'url': 'https://groceries.asda.com/product/1000235368506', 'product_name': 'Lindt Lindor Milk Chocolate Truffles, Hearts & Square Advent Calendar', 'product_price': '£8.00', 'product_additionals': '(£2.67/100g)'}, {'shop': 'tesco', 'url': 'https://www.tesco.com/groceries/en-GB/products/264358155', 'product_name': 'Lindt Gold Milk Chocolate Easter Bunny 5 X 10G', 'product_price': '£ 2.00', 'product_additionals': '£4.00/100g'}, {'shop': 'tesco', 'url': 'https://www.tesco.com/groceries/en-GB/products/297058097', 'product_name': 'Thorntons Dark Continental Milk White Chocolates 284G', 'product_price': '£ 10.00', 'product_additionals': '£3.53/100g'}, {'shop': 'asda', 'url': 'https://groceries.asda.com/product/1000236571352', 'product_name': 'Cadbury Dairy Milk Freddo Little Treasures Chocolate Tin', 'product_price': '£3.00', 'product_additionals': '(£3.61/100g)'}, {'shop': 'asda', 'url': 'https://groceries.asda.com/product/910002075685', 'product_name': "Lindt Santa's Little Helpers Milk Chocolate 5 Pieces", 'product_price': '£2.00', 'product_additionals': '(£4.00/100g)'}, {'shop': 'asda', 'url': 'https://groceries.asda.com/product/1000001955109', 'product_name': 'Lindt Santa, Sleigh & 5 Gold Reindeer Milk Chocolates', 'product_price': '£2.00', 'product_additionals': '(£4.00/100g)'}, {'shop': 'tesco', 'url': 'https://www.tesco.com/groceries/en-GB/products/297058391', 'product_name': 'Thorntons Dark Continental Milk White Chocolates 142G', 'product_price': '£ 6.00', 'product_additionals': '£4.23/100g'}, {'shop': 'tesco', 'url': 'https://www.tesco.com/groceries/en-GB/products/307359123', 'product_name': 'Lindt Milk Chocolate Egg With Assorted Truffles 348G', 'product_price': '£ 15.00', 'product_additionals': '£4.32/100g'}, {'shop': 'asda', 'url': 'https://groceries.asda.com/product/1000235368538', 'product_name': 'Kinnerton Crayola Colour-in Mug with Milk Chocolate Bars', 'product_price': '£1.00', 'product_additionals': '(£4.17/100g)'}, {'shop': 'tesco', 'url': 'https://www.tesco.com/groceries/en-GB/products/307361315', 'product_name': 'Lindt Milk Chocolate Egg With Lindor Milk Truffles 348G', 'product_price': '£ 15.00', 'product_additionals': '£4.32/100g'}, {'shop': 'asda', 'url': 'https://groceries.asda.com/product/1000107814032', 'product_name': 'Cadbury Dairy Milk Freddo Treasures Chocolate with Toy', 'product_price': '£0.65', 'product_additionals': '(£4.51/100g)'}, {'shop': 'asda', 'url': 'https://groceries.asda.com/product/1000179027729', 'product_name': 'Lindt Teddy Milk Chocolate Teddy Tree Decorations', 'product_price': '£3.00', 'product_additionals': '(£5.00/100g)'}, {'shop': 'tesco', 'url': 'https://www.tesco.com/groceries/en-GB/products/304791824', 'product_name': 'Ferrero Collection Milk Chocolate Egg With 6 Specialities 239.8G', 'product_price': '£ 10.00', 'product_additionals': '£4.18/100g'}, {'shop': 'asda', 'url': 'https://groceries.asda.com/product/910001083519', 'product_name': 'ASDA Malted Milk', 'product_price': '£0.30', 'product_additionals': '(15.0p/100g)'}, {'shop': 'tesco', 'url': 'https://www.tesco.com/groceries/en-GB/products/307342102', 'product_name': 'Cadbury Dairy Milk Peter Rabbit Egg 72G', 'product_price': '£ 6.00', 'product_additionals': '£8.34/100g'}, {'shop': 'asda', 'url': 'https://groceries.asda.com/product/910000202645', 'product_name': 'Desi Wholemilk Natural Yogurt', 'product_price': '£0.67', 'product_additionals': '(15.8p/100g)'}, {'shop': 'asda', 'url': 'https://groceries.asda.com/product/9430945', 'product_name': 'ASDA Evaporated Semi-Skimmed Milk', 'product_price': '£0.58', 'product_additionals': '(14.1p/100g)'}, {'shop': 'tesco', 'url': 'https://www.tesco.com/groceries/en-GB/products/295409711', 'product_name': 'Kinder Chocolate Mini Milk Chocolate Bar & Lamb Toy 73G', 'product_price': '£ 5.00', 'product_additionals': '£6.85/100g'}, {'shop': 'asda', 'url': 'https://groceries.asda.com/product/1000235368434', 'product_name': 'Kinnerton Peppa Pig Hand Puppet with Milk Chocolate Treats', 'product_price': '£4.00', 'product_additionals': '(£7.55/100g)'}, {'shop': 'asda', 'url': 'https://groceries.asda.com/product/23162', 'product_name': 'ASDA Milk Chocolate Digestives', 'product_price': '£0.42', 'product_additionals': '(14.0p/100g)'}, {'shop': 'tesco', 'url': 'https://www.tesco.com/groceries/en-GB/products/307356760', 'product_name': 'Cadbury Dairy Milk Peter Rabbit Easter Egg 100G', 'product_price': '£ 10.00', 'product_additionals': '£10.00/100g'}, {'shop': 'asda', 'url': 'https://groceries.asda.com/product/1000240590377', 'product_name': 'Lebkuchen Milk Chocolate Rounds Biscuits', 'product_price': '£0.25', 'product_additionals': '(12.5p/100g)'}, {'shop': 'asda', 'url': 'https://groceries.asda.com/product/1000000473614', 'product_name': 'Lancashire Farm Wholemilk Natural Yogurt', 'product_price': '£0.80', 'product_additionals': '(17.0p/100g)'}, {'shop': 'asda', 'url': 'https://groceries.asda.com/product/1000037844241', 'product_name': 'ASDA Evaporated Milk', 'product_price': '£0.40', 'product_additionals': '(23.5p/100g)'}, {'shop': 'asda', 'url': 'https://groceries.asda.com/product/910000365333', 'product_name': 'ASDA Condensed Milk', 'product_price': '£1.05', 'product_additionals': '(26.5p/100g)'}, {'shop': 'asda', 'url': 'https://groceries.asda.com/product/1000226920920', 'product_name': 'Milkybar Desserts', 'product_price': '£1.00', 'product_additionals': '(30.3p/100g)'}, {'shop': 'asda', 'url': 'https://groceries.asda.com/product/910002383193', 'product_name': 'Island Sun Evaporated Milk', 'product_price': '£0.90', 'product_additionals': '(21.9p/100g)'}, {'shop': 'asda', 'url': 'https://groceries.asda.com/product/19432', 'product_name': 'Carnation Evaporated Milk', 'product_price': '£1.10', 'product_additionals': '(26.8p/100g)'}, {'shop': 'asda', 'url': 'https://groceries.asda.com/product/1000226920902', 'product_name': 'Milkybar Desserts', 'product_price': '£1.00', 'product_additionals': '(38.5p/100g)'}, {'shop': 'asda', 'url': 'https://groceries.asda.com/product/36473', 'product_name': 'Warburtons White Milk Roll Bread', 'product_price': '£0.95', 'product_additionals': '(23.8p/100g)'}, {'shop': 'asda', 'url': 'https://groceries.asda.com/product/1905507', 'product_name': 'Carnation Condensed Milk', 'product_price': '£1.39', 'product_additionals': '(35.0p/100g)'}, {'shop': 'asda', 'url': 'https://groceries.asda.com/product/80165777', 'product_name': 'ASDA Milk Chocolate', 'product_price': '£0.65', 'product_additionals': '(43.3p/100g)'}, {'shop': 'asda', 'url': 'https://groceries.asda.com/product/910000770545', 'product_name': 'ASDA Milk Chocolate Spread', 'product_price': '£1.37', 'product_additionals': '(34.2p/100g)'}, {'shop': 'asda', 'url': 'https://groceries.asda.com/product/1000197472297', 'product_name': 'ASDA Breakfast Biscuits Milk & Cereal 8 x 50g', 'product_price': '£0.84', 'product_additionals': '(21.0p/100g)'}, {'shop': 'asda', 'url': 'https://groceries.asda.com/product/395104', 'product_name': 'ASDA Chocolate Malted Milks', 'product_price': '£0.85', 'product_additionals': '(34.0p/100g)'}, {'shop': 'asda', 'url': 'https://groceries.asda.com/product/1000005035383', 'product_name': "McVitie's Milk Chocolate Hobnobs Twin Pack", 'product_price': '£1.50', 'product_additionals': '(23.6p/100g)'}, {'shop': 'asda', 'url': 'https://groceries.asda.com/product/910002082921', 'product_name': 'ASDA Milk Chocolate Bar', 'product_price': '£0.85', 'product_additionals': '(42.5p/100g)'}, {'shop': 'asda', 'url': 'https://groceries.asda.com/product/1000046413081', 'product_name': "McVitie's Digestives Milk Chocolate Twin Pack", 'product_price': '£1.50', 'product_additionals': '(23.7p/100g)'}, {'shop': 'asda', 'url': 'https://groceries.asda.com/product/1905509', 'product_name': 'Carnation Light Condensed Milk', 'product_price': '£1.39', 'product_additionals': '(34.3p/100g)'}, {'shop': 'asda', 'url': 'https://groceries.asda.com/product/19431', 'product_name': 'Carnation Evaporated Milk', 'product_price': '£0.70', 'product_additionals': '(41.2p/100g)'}, {'shop': 'asda', 'url': 'https://groceries.asda.com/product/32825', 'product_name': 'ASDA Smart Price Milk Chocolate Digestive Bars', 'product_price': '£1.25', 'product_additionals': '(32.9p/100g)'}, {'shop': 'asda', 'url': 'https://groceries.asda.com/product/20760', 'product_name': 'Yakult Fermented Milk', 'product_price': '£3.00', 'product_additionals': '(65.9p/100g)'}, {'shop': 'asda', 'url': 'https://groceries.asda.com/product/910002040524', 'product_name': 'Milkybar Mousses', 'product_price': '£1.40', 'product_additionals': '(63.6p/100g)'}, {'shop': 'asda', 'url': 'https://groceries.asda.com/product/1000235168241', 'product_name': "Terry's Limited Edition Milk Chocolate Orange & Cranberry Bar", 'product_price': '£0.25', 'product_additionals': '(27.8p/100g)'}, {'shop': 'asda', 'url': 'https://groceries.asda.com/product/910002235262', 'product_name': 'Cadbury Milk Chocolate Spread', 'product_price': '£3.00', 'product_additionals': '(42.9p/100g)'}, {'shop': 'asda', 'url': 'https://groceries.asda.com/product/20658', 'product_name': 'ASDA Milk Chocolate Chips', 'product_price': '£0.50', 'product_additionals': '(50.0p/100g)'}, {'shop': 'asda', 'url': 'https://groceries.asda.com/product/1000117784334', 'product_name': 'ASDA Milk Chocolate Sauce', 'product_price': '£1.50', 'product_additionals': '(50.0p/100g)'}, {'shop': 'asda', 'url': 'https://groceries.asda.com/product/1000048178951', 'product_name': "McVitie's Digestives Milk Chocolate", 'product_price': '£1.00', 'product_additionals': '(37.6p/100g)'}, {'shop': 'asda', 'url': 'https://groceries.asda.com/product/910000435379', 'product_name': 'ASDA Honey Nut Crunch with Milk Chocolate Curls', 'product_price': '£1.09', 'product_additionals': '(29.1p/100g)'}, {'shop': 'asda', 'url': 'https://groceries.asda.com/product/910002157230', 'product_name': 'Zott Milk & Chocolate Dessert', 'product_price': '£1.89', 'product_additionals': '(47.2p/100g)'}, {'shop': 'asda', 'url': 'https://groceries.asda.com/product/18232503', 'product_name': 'Nesquik Banana Milkshake Mix', 'product_price': '£1.50', 'product_additionals': '(50.0p/100g)'}, {'shop': 'asda', 'url': 'https://groceries.asda.com/product/1000007182869', 'product_name': "Kellogg's Krave Milk Chocolate", 'product_price': '£4.00', 'product_additionals': '(47.1p/100g)'}, {'shop': 'asda', 'url': 'https://groceries.asda.com/product/1000046667771', 'product_name': "Dunn's River Nurishment Original Milk Drink Vanilla Flavour", 'product_price': '£1.40', 'product_additionals': '(35.0p/100g)'}, {'shop': 'asda', 'url': 'https://groceries.asda.com/product/18232504', 'product_name': 'Nesquik Chocolate Milkshake Mix', 'product_price': '£1.50', 'product_additionals': '(50.0p/100g)'}, {'shop': 'asda', 'url': 'https://groceries.asda.com/product/910002082811', 'product_name': 'ASDA Fruit & Nut Milk Chocolate Bar', 'product_price': '£0.91', 'product_additionals': '(45.5p/100g)'}, {'shop': 'asda', 'url': 'https://groceries.asda.com/product/910002046737', 'product_name': "Dunn's River Original Banana Flavour Milk Drink", 'product_price': '£1.40', 'product_additionals': '(35.0p/100g)'}, {'shop': 'asda', 'url': 'https://groceries.asda.com/product/18232502', 'product_name': 'Nesquik Strawberry Milkshake Mix', 'product_price': '£1.50', 'product_additionals': '(50.0p/100g)'}, {'shop': 'asda', 'url': 'https://groceries.asda.com/product/1000113150656', 'product_name': 'Cadbury Chocolate Milkshake Jar', 'product_price': '£1.50', 'product_additionals': '(53.6p/100g)'}, {'shop': 'asda', 'url': 'https://groceries.asda.com/product/910002046500', 'product_name': "Dunn's River Original Vanilla Flavoured Milk Drink", 'product_price': '£1.40', 'product_additionals': '(35.0p/100g)'}, {'shop': 'asda', 'url': 'https://groceries.asda.com/product/61061636', 'product_name': 'Nido Full Cream Milk Powder', 'product_price': '£7.50', 'product_additionals': '(83.3p/100g)'}, {'shop': 'asda', 'url': 'https://groceries.asda.com/product/910001598288', 'product_name': 'ASDA Banana Flavoured Milkshake Mix', 'product_price': '£1.49', 'product_additionals': '(49.7p/100g)'}, {'shop': 'asda', 'url': 'https://groceries.asda.com/product/910002047153', 'product_name': "Dunn's River Original Chocolate Flavoured Milk Drink", 'product_price': '£1.40', 'product_additionals': '(35.0p/100g)'}, {'shop': 'asda', 'url': 'https://groceries.asda.com/product/1000052709811', 'product_name': "McVitie's Digestives Milk Chocolate", 'product_price': '£2.20', 'product_additionals': '(50.8p/100g)'}, {'shop': 'asda', 'url': 'https://groceries.asda.com/product/910002046591', 'product_name': "Dunn's River Original Strawberry Flavoured Milk Drink", 'product_price': '£1.40', 'product_additionals': '(35.0p/100g)'}, {'shop': 'asda', 'url': 'https://groceries.asda.com/product/1000205555287', 'product_name': 'ASDA Milk Chocolate Turkish Thins', 'product_price': '£1.00', 'product_additionals': '(55.6p/100g)'}, {'shop': 'asda', 'url': 'https://groceries.asda.com/product/910001079168', 'product_name': "McVitie's Hobnobs Milk Choc Biscuits", 'product_price': '£1.35', 'product_additionals': '(51.5p/100g)'}, {'shop': 'asda', 'url': 'https://groceries.asda.com/product/910001534397', 'product_name': "Fox's Viennese Milk Chocolate", 'product_price': '£0.75', 'product_additionals': '(62.5p/100g)'}, {'shop': 'asda', 'url': 'https://groceries.asda.com/product/1000178911419', 'product_name': 'Bounty Coconut Milk Chocolate Bars Multipack', 'product_price': '£1.99', 'product_additionals': '(43.6p/100g)'}, {'shop': 'asda', 'url': 'https://groceries.asda.com/product/1000072843086', 'product_name': "Terry's Chocolate Orange Milk", 'product_price': '£1.00', 'product_additionals': '(63.7p/100g)'}, {'shop': 'asda', 'url': 'https://groceries.asda.com/product/910001597412', 'product_name': 'ASDA Strawberry Flavoured Milkshake Mix', 'product_price': '£1.49', 'product_additionals': '(49.7p/100g)'}, {'shop': 'asda', 'url': 'https://groceries.asda.com/product/1000211461236', 'product_name': 'Milkybar Mixups Dessert White and Milk Chocolate Pot', 'product_price': '£1.00', 'product_additionals': '(38.5p/100g)'}, {'shop': 'asda', 'url': 'https://groceries.asda.com/product/910003043531', 'product_name': 'ASDA Extra Special Sea Salted Caramel & Milk Chocolate Granola', 'product_price': '£2.19', 'product_additionals': '(43.8p/100g)'}, {'shop': 'asda', 'url': 'https://groceries.asda.com/product/26916347', 'product_name': 'Nido Full Cream Milk Powder', 'product_price': '£3.77', 'product_additionals': '(94.2p/100g)'}, {'shop': 'asda', 'url': 'https://groceries.asda.com/product/910002976805', 'product_name': 'Milkybar Milk Slice', 'product_price': '£1.00', 'product_additionals': '(96.2p/100g)'}, {'shop': 'asda', 'url': 'https://groceries.asda.com/product/910001891811', 'product_name': 'Nesquik Milk Slices', 'product_price': '£1.00', 'product_additionals': '(96.2p/100g)'}, {'shop': 'asda', 'url': 'https://groceries.asda.com/product/910000821070', 'product_name': "Fox's Chunkie Milk Chocolate Cookies", 'product_price': '£1.00', 'product_additionals': '(55.6p/100g)'}, {'shop': 'asda', 'url': 'https://groceries.asda.com/product/1000157579228', 'product_name': 'ASDA Milk Chocolate Coins', 'product_price': '£2.00', 'product_additionals': '(76.9p/100g)'}, {'shop': 'asda', 'url': 'https://groceries.asda.com/product/1000088318843', 'product_name': 'ASDA Milk Chocolate Coins', 'product_price': '£0.59', 'product_additionals': '(78.7p/100g)'}, {'shop': 'asda', 'url': 'https://groceries.asda.com/product/1000003092302', 'product_name': 'Belvita Breakfast Biscuits Milk & Cereals 5 Pack', 'product_price': '£0.99', 'product_additionals': '(44.0p/100g)'}, {'shop': 'asda', 'url': 'https://groceries.asda.com/product/910001367831', 'product_name': 'ASDA Milk Chocolate Butter Biscuits', 'product_price': '£0.74', 'product_additionals': '(59.2p/100g)'}, {'shop': 'asda', 'url': 'https://groceries.asda.com/product/1000034704520', 'product_name': 'Smarties Milk Chocolate Sharing Bag', 'product_price': '£0.99', 'product_additionals': '(83.9p/100g)'}, {'shop': 'asda', 'url': 'https://groceries.asda.com/product/1000050944928', 'product_name': "McVitie's Hobnobs Thins Milk Chocolate", 'product_price': '£1.00', 'product_additionals': '(58.8p/100g)'}, {'shop': 'asda', 'url': 'https://groceries.asda.com/product/1000072842960', 'product_name': 'Smarties Pink Milk Chocolate Giant Tube', 'product_price': '£1.00', 'product_additionals': '(76.9p/100g)'}, {'shop': 'asda', 'url': 'https://groceries.asda.com/product/910002986391', 'product_name': "McVitie's Digestives Thins Milk Chocolate", 'product_price': '£1.00', 'product_additionals': '(55.6p/100g)'}, {'shop': 'asda', 'url': 'https://groceries.asda.com/product/1558656', 'product_name': 'Yorkie Milk Chocolate Biscuit Bar 7 Pack', 'product_price': '£1.00', 'product_additionals': '(58.3p/100g)'}, {'shop': 'asda', 'url': 'https://groceries.asda.com/product/1000210453294', 'product_name': 'Bonne Maman Chocolate Mousse with Whole Milk', 'product_price': '£1.00', 'product_additionals': '(71.4p/100g)'}, {'shop': 'asda', 'url': 'https://groceries.asda.com/product/910001805736', 'product_name': 'ASDA Milk Chocolate Buttons', 'product_price': '£0.25', 'product_additionals': '(83.3p/100g)'}, {'shop': 'asda', 'url': 'https://groceries.asda.com/product/910000272164', 'product_name': 'Kinder Milk & Honey Slice', 'product_price': '£1.25', 'product_additionals': '(89.3p/100g)'}, {'shop': 'asda', 'url': 'https://groceries.asda.com/product/1000034965894', 'product_name': 'Galaxy Smooth Milk Chocolate Block', 'product_price': '£1.00', 'product_additionals': '(90.9p/100g)'}, {'shop': 'asda', 'url': 'https://groceries.asda.com/product/910001192935', 'product_name': 'Galaxy Smooth Milk Chocolate Bars Multipack', 'product_price': '£1.25', 'product_additionals': '(74.4p/100g)'}, {'shop': 'asda', 'url': 'https://groceries.asda.com/product/1000034965816', 'product_name': 'Galaxy Smooth Milk Chocolate Large Gifting Block', 'product_price': '£2.50', 'product_additionals': '(69.4p/100g)'}, {'shop': 'asda', 'url': 'https://groceries.asda.com/product/910000396055', 'product_name': "Kellogg's Krave Milk Chocolate", 'product_price': '£2.99', 'product_additionals': '(79.7p/100g)'}, {'shop': 'asda', 'url': 'https://groceries.asda.com/product/1000122916899', 'product_name': 'ASDA Milk Chocolate Toffee Popcorn', 'product_price': '£1.00', 'product_additionals': '(71.4p/100g)'}, {'shop': 'asda', 'url': 'https://groceries.asda.com/product/910002437612', 'product_name': 'KitKat 4 Finger Milk Chocolate Bar, 4 Pack', 'product_price': '£0.98', 'product_additionals': '(59.0p/100g)'}, {'shop': 'asda', 'url': 'https://groceries.asda.com/product/23752', 'product_name': "Kellogg's Frosties Cereal & Milk Bars", 'product_price': '£1.00', 'product_additionals': '(66.7p/100g)'}, {'shop': 'asda', 'url': 'https://groceries.asda.com/product/910000522670', 'product_name': 'Smarties Milk Chocolate Sweets Tube Multipack 4 Pack', 'product_price': '£1.00', 'product_additionals': '(65.8p/100g)'}, {'shop': 'asda', 'url': 'https://groceries.asda.com/product/1000039942609', 'product_name': 'Swizzels Drumstick Squashies Original Raspberry & Milk Flavour', 'product_price': '£0.90', 'product_additionals': '(56.2p/100g)'}, {'shop': 'asda', 'url': 'https://groceries.asda.com/product/1000247072373', 'product_name': 'Cadbury Darkmilk Chocolate Bars 4 Pack', 'product_price': '£1.00', 'product_additionals': '(89.3p/100g)'}, {'shop': 'asda', 'url': 'https://groceries.asda.com/product/910001438257', 'product_name': 'Cadbury Dairy Milk Chocolate Bar 4 Pack', 'product_price': '£0.97', 'product_additionals': '(67.4p/100g)'}, {'shop': 'asda', 'url': 'https://groceries.asda.com/product/910002052812', 'product_name': 'Cadbury Milk Tray Chocolate Box', 'product_price': '£3.00', 'product_additionals': '(83.3p/100g)'}, {'shop': 'asda', 'url': 'https://groceries.asda.com/product/1000242811739', 'product_name': "McVitie's Digestives Christmas Pudding Milk Chocolate Biscuits", 'product_price': '£1.50', 'product_additionals': '(60.0p/100g)'}, {'shop': 'asda', 'url': 'https://groceries.asda.com/product/910001817488', 'product_name': 'Cadbury Dairy Milk Chocolate Bar', 'product_price': '£3.00', 'product_additionals': '(83.3p/100g)'}, {'shop': 'asda', 'url': 'https://groceries.asda.com/product/910000550514', 'product_name': 'Breakaway Milk Chocolate Biscuit Bar 8 Pack', 'product_price': '£1.00', 'product_additionals': '(65.5p/100g)'}, {'shop': 'asda', 'url': 'https://groceries.asda.com/product/1000039942723', 'product_name': "Kellogg's Special K Bar Milk Chocolate", 'product_price': '£1.00', 'product_additionals': '(74.1p/100g)'}, {'shop': 'asda', 'url': 'https://groceries.asda.com/product/910000562785', 'product_name': "Kellogg's Crunchy Nut Milk Chocolate Clusters", 'product_price': '£2.89', 'product_additionals': '(64.2p/100g)'}, {'shop': 'asda', 'url': 'https://groceries.asda.com/product/1000157579427', 'product_name': 'BIP Milk Chocolate Sprouts & Carrots', 'product_price': '£0.59', 'product_additionals': '(78.7p/100g)'}, {'shop': 'asda', 'url': 'https://groceries.asda.com/product/400814', 'product_name': 'Nesquik Chocolate Milk Slices', 'product_price': '£1.00', 'product_additionals': '(96.2p/100g)'}, {'shop': 'asda', 'url': 'https://groceries.asda.com/product/1000157579381', 'product_name': 'ASDA Milk Chocolate Hollow Santa', 'product_price': '£0.89', 'product_additionals': '(89.0p/100g)'}, {'shop': 'asda', 'url': 'https://groceries.asda.com/product/910001533680', 'product_name': "Fox's Chocolatey Milk Chocolate Rounds", 'product_price': '£1.00', 'product_additionals': '(76.9p/100g)'}, {'shop': 'asda', 'url': 'https://groceries.asda.com/product/1000232367042', 'product_name': 'KitKat 2 Finger Milk Chocolate Biscuit Bars', 'product_price': '£2.00', 'product_additionals': '(69.0p/100g)'}, {'shop': 'asda', 'url': 'https://groceries.asda.com/product/910002088827', 'product_name': 'ASDA Fun Size Milk Chocolate Bubblies 15 Pack', 'product_price': '£1.00', 'product_additionals': '(66.7p/100g)'}, {'shop': 'asda', 'url': 'https://groceries.asda.com/product/910001438778', 'product_name': 'Cadbury Dairy Milk Chocolate Bar', 'product_price': '£1.00', 'product_additionals': '(90.9p/100g)'}, {'shop': 'asda', 'url': 'https://groceries.asda.com/product/910000539461', 'product_name': 'Bounty Coconut Milk Chocolate Twin Bars Multipack 4 x 57g', 'product_price': '£1.25', 'product_additionals': '(54.8p/100g)'}, {'shop': 'asda', 'url': 'https://groceries.asda.com/product/1000197281169', 'product_name': 'Cadbury Darkmilk Giant Buttons Chocolate Bag', 'product_price': '£1.00', 'product_additionals': '(95.2p/100g)'}, {'shop': 'asda', 'url': 'https://groceries.asda.com/product/1000113394431', 'product_name': 'Galaxy Darker Milk Chocolate Block', 'product_price': '£1.00', 'product_additionals': '(90.9p/100g)'}, {'shop': 'asda', 'url': 'https://groceries.asda.com/product/1000157579344', 'product_name': 'ASDA Milk Chocolate Hollow Reindeer', 'product_price': '£0.89', 'product_additionals': '(89.0p/100g)'}, {'shop': 'asda', 'url': 'https://groceries.asda.com/product/23751', 'product_name': "Kellogg's Coco Pops Cereal & Milk Bars", 'product_price': '£1.00', 'product_additionals': '(83.3p/100g)'}, {'shop': 'asda', 'url': 'https://groceries.asda.com/product/1000242811762', 'product_name': "McVitie's Digestives Gingerbread Milk Chocolate Biscuits", 'product_price': '£1.50', 'product_additionals': '(60.0p/100g)'}, {'shop': 'asda', 'url': 'https://groceries.asda.com/product/1000157579204', 'product_name': 'BIP Milk Chocolate Snowmen & Snowballs 75g', 'product_price': '£0.59', 'product_additionals': '(78.7p/100g)'}, {'shop': 'asda', 'url': 'https://groceries.asda.com/product/1000136352523', 'product_name': 'ASDA Milk Chocolate Biscuit Selection', 'product_price': '£4.00', 'product_additionals': '(88.9p/100g)'}, {'shop': 'asda', 'url': 'https://groceries.asda.com/product/1000000462741', 'product_name': 'Alpen Cereal Bars Fruit & Nut with Milk Chocolate', 'product_price': '£1.00', 'product_additionals': '(69.0p/100g)'}, {'shop': 'asda', 'url': 'https://groceries.asda.com/product/910000878123', 'product_name': 'Cadbury Dairy Milk Caramel Chocolate Bar', 'product_price': '£1.00', 'product_additionals': '(83.3p/100g)'}, {'shop': 'asda', 'url': 'https://groceries.asda.com/product/1000228555993', 'product_name': 'Milky Way Crispy Rolls Chocolate Multipack', 'product_price': '£1.00', 'product_additionals': '(80.0p/100g)'}, {'shop': 'asda', 'url': 'https://groceries.asda.com/product/910002593443', 'product_name': 'Toblerone Milk Chocolate Large Bar', 'product_price': '£3.50', 'product_additionals': '(97.2p/100g)'}, {'shop': 'asda', 'url': 'https://groceries.asda.com/product/1000209848448', 'product_name': 'Milky Way Chocolate Bars Multipack 12 x 21.5g', 'product_price': '£1.99', 'product_additionals': '(77.1p/100g)'}, {'shop': 'asda', 'url': 'https://groceries.asda.com/product/1000137976558', 'product_name': 'Bahlsen PiCK UP! Choco & Milk Biscuit Bars 5 Pack', 'product_price': '£1.00', 'product_additionals': '(71.4p/100g)'}, {'shop': 'asda', 'url': 'https://groceries.asda.com/product/910001744184', 'product_name': 'Aero Milk Chocolate Bubbly Bar 4 Pack', 'product_price': '£1.00', 'product_additionals': '(92.6p/100g)'}, {'shop': 'asda', 'url': 'https://groceries.asda.com/product/910000813156', 'product_name': 'Cadbury Dairy Milk Whole Nut Chocolate Bar', 'product_price': '£1.00', 'product_additionals': '(83.3p/100g)'}, {'shop': 'asda', 'url': 'https://groceries.asda.com/product/910001139724', 'product_name': 'Cadbury Dairy Milk with Daim Chocolate Bar', 'product_price': '£1.00', 'product_additionals': '(83.3p/100g)'}, {'shop': 'asda', 'url': 'https://groceries.asda.com/product/493435', 'product_name': "Kellogg's Rice Krispies Cereal & Milk Bars", 'product_price': '£1.00', 'product_additionals': '(83.3p/100g)'}, {'shop': 'asda', 'url': 'https://groceries.asda.com/product/1000160202684', 'product_name': 'Cadbury Pots of Joy Dairy Milk Caramel Dessert', 'product_price': '£2.00', 'product_additionals': '(76.9p/100g)'}, {'shop': 'asda', 'url': 'https://groceries.asda.com/product/1000233167235', 'product_name': 'Cadbury Curly Wurly Milk Chocolate Bars 6 Pack', 'product_price': '£1.00', 'product_additionals': '(77.5p/100g)'}, {'shop': 'asda', 'url': 'https://groceries.asda.com/product/910002325542', 'product_name': "McVitie's Digestives Nibbles Milk Chocolate", 'product_price': '£1.00', 'product_additionals': '(83.3p/100g)'}, {'shop': 'asda', 'url': 'https://groceries.asda.com/product/910001367253', 'product_name': 'Bahlsen PiCK UP! Milk Chocolate Biscuit Bars 5 Pack', 'product_price': '£1.00', 'product_additionals': '(71.4p/100g)'}, {'shop': 'asda', 'url': 'https://groceries.asda.com/product/910000813200', 'product_name': 'Cadbury Dairy Milk Caramel Chocolate Bar', 'product_price': '£1.79', 'product_additionals': '(89.5p/100g)'}, {'shop': 'asda', 'url': 'https://groceries.asda.com/product/910000813099', 'product_name': 'Cadbury Dairy Milk Chocolate Sharing Bar', 'product_price': '£1.79', 'product_additionals': '(89.5p/100g)'}, {'shop': 'asda', 'url': 'https://groceries.asda.com/product/1000216902774', 'product_name': 'Cadbury Dairy Milk Daim Chocolate Dessert', 'product_price': '£0.75', 'product_additionals': '(88.2p/100g)'}, {'shop': 'asda', 'url': 'https://groceries.asda.com/product/1000169694811', 'product_name': 'Cadbury Dairy Milk Gingerbread Chocolate Bar', 'product_price': '£1.00', 'product_additionals': '(83.3p/100g)'}, {'shop': 'asda', 'url': 'https://groceries.asda.com/product/1000160202768', 'product_name': 'Cadbury Pots of Joy Dairy Milk Chocolate Dessert', 'product_price': '£2.00', 'product_additionals': '(76.9p/100g)'}, {'shop': 'asda', 'url': 'https://groceries.asda.com/product/910003081224', 'product_name': 'Swizzels Drumstick Squashies Mini Bags Raspberry & Milk Flavour 20 Pack', 'product_price': '£2.00', 'product_additionals': '(71.4p/100g)'}, {'shop': 'asda', 'url': 'https://groceries.asda.com/product/910000265061', 'product_name': 'Bounty Coconut Milk Chocolate Twin Bar', 'product_price': '£0.55', 'product_additionals': '(96.5p/100g)'}, {'shop': 'asda', 'url': 'https://groceries.asda.com/product/1000238377539', 'product_name': 'Cadbury Crunchie Rocks Milk Chocolate Bag', 'product_price': '£1.00', 'product_additionals': '(90.9p/100g)'}, {'shop': 'asda', 'url': 'https://groceries.asda.com/product/910000813043', 'product_name': 'Cadbury Dairy Milk Whole Nut Chocolate Bar', 'product_price': '£1.79', 'product_additionals': '(89.5p/100g)'}, {'shop': 'asda', 'url': 'https://groceries.asda.com/product/1000160202778', 'product_name': 'Cadbury Dairy Milk Chunks Chocolate Dessert', 'product_price': '£0.75', 'product_additionals': '(88.2p/100g)'}, {'shop': 'asda', 'url': 'https://groceries.asda.com/product/1000061868369', 'product_name': 'Aero Bubbles Milk Chocolate Sharing Bag', 'product_price': '£0.99', 'product_additionals': '(97.1p/100g)'}, {'shop': 'asda', 'url': 'https://groceries.asda.com/product/1000065970648', 'product_name': 'Blue Riband Original Milk Chocolate Wafer Biscuits 8 Pack', 'product_price': '£1.00', 'product_additionals': '(69.4p/100g)'}, {'shop': 'asda', 'url': 'https://groceries.asda.com/product/1000161632935', 'product_name': 'Milky Way Chocolate Fun Size Bars Multipack 14 Bars', 'product_price': '£1.75', 'product_additionals': '(77.1p/100g)'}, {'shop': 'asda', 'url': 'https://groceries.asda.com/product/910000813097', 'product_name': 'Cadbury Dairy Milk Fruit & Nut Chocolate Bar', 'product_price': '£1.79', 'product_additionals': '(89.5p/100g)'}, {'shop': 'asda', 'url': 'https://groceries.asda.com/product/1000065970685', 'product_name': 'Blue Riband Original Milk Chocolate Wafer Biscuits 16 Pack', 'product_price': '£2.00', 'product_additionals': '(69.4p/100g)'}, {'shop': 'asda', 'url': 'https://groceries.asda.com/product/910003122063', 'product_name': 'KitKat 2 Finger Milk Chocolate Biscuit Bar, 9 Pack', 'product_price': '£1.50', 'product_additionals': '(80.5p/100g)'}, {'shop': 'asda', 'url': 'https://groceries.asda.com/product/1000003092735', 'product_name': "Fox's Viennese Milk Chocolate Dipped Fingers", 'product_price': '£1.00', 'product_additionals': '(90.9p/100g)'}, {'shop': 'asda', 'url': 'https://groceries.asda.com/product/1000112663530', 'product_name': 'ASDA Extra Special Peruvian Milk Chocolate Bar', 'product_price': '£0.90', 'product_additionals': '(90.0p/100g)'}, {'shop': 'asda', 'url': 'https://groceries.asda.com/product/910002627704', 'product_name': 'Cadbury Dairy Milk Fruit and Nut Chocolate Bar', 'product_price': '£1.00', 'product_additionals': '(90.9p/100g)'}, {'shop': 'asda', 'url': 'https://groceries.asda.com/product/910001452441', 'product_name': 'Cadbury Dairy Milk Giant Buttons Chocolate Share Bag', 'product_price': '£0.98', 'product_additionals': '(82.3p/100g)'}, {'shop': 'asda', 'url': 'https://groceries.asda.com/product/910000420010', 'product_name': 'Cadbury Dairy Milk Freddo Chocolate Bar 6 Pack', 'product_price': '£1.00', 'product_additionals': '(92.6p/100g)'}, {'shop': 'asda', 'url': 'https://groceries.asda.com/product/1000157579365', 'product_name': 'BIP Milk Chocolate Christmas Puddings with Popping Candy', 'product_price': '£0.59', 'product_additionals': '(78.7p/100g)'}, {'shop': 'asda', 'url': 'https://groceries.asda.com/product/910002112474', 'product_name': 'Cadbury Dairy Milk Little Bars Chocolate 6 Pack', 'product_price': '£1.00', 'product_additionals': '(92.6p/100g)'}, {'shop': 'asda', 'url': 'https://groceries.asda.com/product/910001452094', 'product_name': 'Cadbury Dairy Milk Caramel Nibbles Chocolate Share Bag', 'product_price': '£1.00', 'product_additionals': '(83.3p/100g)'}, {'shop': 'asda', 'url': 'https://groceries.asda.com/product/1000236571488', 'product_name': 'Cadbury Dairy Milk Classic Collection Selection Box', 'product_price': '£4.00', 'product_additionals': '(93.0p/100g)'}, {'shop': 'asda', 'url': 'https://groceries.asda.com/product/1000034704361', 'product_name': 'Milkybar White Chocolate Giant Buttons Sharing Bag', 'product_price': '£0.99', 'product_additionals': '(96.1p/100g)'}, {'shop': 'asda', 'url': 'https://groceries.asda.com/product/1000194797186', 'product_name': "Terry's Chocolate Orange Milk Chocolate Bars 3 Pack", 'product_price': '£1.00', 'product_additionals': '(95.2p/100g)'}, {'shop': 'asda', 'url': 'https://groceries.asda.com/product/1000236571482', 'product_name': 'Cadbury Dairy Milk Classics Mixed Chocolate Chunks Pouch Bag', 'product_price': '£3.00', 'product_additionals': '(85.7p/100g)'}, {'shop': 'asda', 'url': 'https://groceries.asda.com/product/1000236571360', 'product_name': 'Cadbury Dairy Milk Freddo White Treasures Chocolate Carton', 'product_price': '£0.75', 'product_additionals': '(90.4p/100g)'}, {'shop': 'asda', 'url': 'https://groceries.asda.com/product/910002112245', 'product_name': 'Cadbury Dairy Milk Marvellous Smashables Jelly Popping Chocolate Bar', 'product_price': '£1.79', 'product_additionals': '(99.4p/100g)'}]

