rv[('asda', 'https://groceries.asda.com/product/20532', 'Anchor Salted Butter', '£1.70', 'No weight data'), ('sains', 'https://www.sainsburys.co.uk/shop/gb/groceries/product/details/dairy-eggs-special-offers/anchor-butter--original-250g', 'Anchor Salted Butter 250g', '£1.65', '£6.60 / kg'), ('sains', 'https://www.sainsburys.co.uk/shop/gb/groceries/product/details/all-butter-spreads/anchor-butter--original-250g', 'Anchor Salted Butter 250g', '£1.65', '£6.60 / kg'), ('asda', 'https://groceries.asda.com/product/910000878134', 'Anchor Unsalted Butter', '£1.70', 'No weight data'), ('sains', 'https://www.sainsburys.co.uk/shop/gb/groceries/product/details/blocked-butter/anchor-block-unsalted-250g', 'Anchor Unsalted Butter 250g', '£1.65', '£6.60 / kg'), ('asda', 'https://groceries.asda.com/product/1000117784423', 'ASDA British Unsalted Butter', '£2.94', 'No weight data'), ('asda', 'https://groceries.asda.com/product/1000070571716', 'ASDA Extra Special Salted Butterscotch Milk Chocolate Bar', '£1.40', '(£1.40/100g)'), ('asda', 'https://groceries.asda.com/product/910002967728', 'ASDA Organic Slightly Salted Butter', '£1.85', 'No weight data'), ('asda', 'https://groceries.asda.com/product/910000418944', 'ASDA Salted Butter', '£1.49', 'No weight data'), ('asda', 'https://groceries.asda.com/product/910001050247', 'ASDA Salted Butter', '£2.94', 'No weight data'), ('asda', 'https://groceries.asda.com/product/400983', 'ASDA Smart Price Salted Butter', '£1.45', 'No weight data'), ('asda', 'https://groceries.asda.com/product/910000419159', 'ASDA Unsalted Butter', '£1.48', 'No weight data'), ('asda', 'https://groceries.asda.com/product/910000290608', 'Castle Dairies Welsh Salted Butter', '£2.05', 'No weight data'), ('coop', 'https://www.coop.co.uk/products/co-op-british-unsalted-butter-250g', 'Co-op British Unsalted Butter 250g', '£1.70', '250g (£6.80 per kg)'), ('asda', 'https://groceries.asda.com/product/38425', 'Country Life British Salted Butter', '£1.65', 'No weight data'), ('sains', 'https://www.sainsburys.co.uk/shop/gb/groceries/product/details/all-butter-spreads/country-life-english-butter--salted-250g', 'Country Life British Salted Butter 250g', '£1.80', '£7.20 / kg'), ('sains', 'https://www.sainsburys.co.uk/shop/gb/groceries/product/details/blocked-butter/country-life-unsalted-butter-250g', 'Country Life British Unsalted Butter 250g', '£1.80', '£7.20 / kg'), ('asda', 'https://groceries.asda.com/product/1000235368623', 'Dale Farm Salted Butter', '£1.80', 'No weight data'), ('asda', 'https://groceries.asda.com/product/20533', 'Kerrygold Salted Butter', '£1.90', '(£7.60/kg)'), ('asda', 'https://groceries.asda.com/product/20521', 'Lurpak Slightly Salted Butter', '£1.80', '(£7.20/kg)'), ('asda', 'https://groceries.asda.com/product/20531', 'Lurpak Unsalted Butter', '£1.80', '(£7.20/kg)'), ('sains', 'https://www.sainsburys.co.uk/shop/gb/groceries/product/details/all-butter-spreads/president-slightly-salted-spreadable-butter-250g', 'President Spreadable Slightly Salted Butter 250g', '£2.00', '£8.00 / kg'), ('tesco', 'https://www.tesco.com/groceries/en-GB/products/250760137', 'President Unsalted Butter 250G', '£ 2.00', '£8.00/kg'), ('sains', 'https://www.sainsburys.co.uk/shop/gb/groceries/product/details/all-prepared-fruit--veg---salad/sainsburys-brussels-sprouts-400g-7938066-p-44', "Sainsbury's Brussels Sprouts with Salted Butter 400g", '£2.00', '£5.00 / kg'), ('aldi', 'https://www.aldi.co.uk/salted-butter/p/079764180239000', 'Salted Butter', '1.45', '£5.80 per kg'), ('aldi', 'https://www.aldi.co.uk/scottish-salted-butter/p/005137235508500', 'Scottish Salted Butter', '1.49', '£5.96 per kg'), ('aldi', 'https://www.aldi.co.uk/scottish-unsalted-butter/p/043598003267000', 'Scottish Unsalted Butter', '1.48', '£5.92 per kg'), ('tesco', 'https://www.tesco.com/groceries/en-GB/products/290921181', 'Tesco British Unsalted Butter 250G', '£ 1.48', '£5.92/kg'), ('tesco', 'https://www.tesco.com/groceries/en-GB/products/306946904', 'Tesco Finest Roasted Garlic Chicken Kiev With Salted Butter 385G', '£ 4.25', '£11.04/kg'), ('tesco', 'https://www.tesco.com/groceries/en-GB/products/261819963', 'Tesco Organic Unsalted Butter 250G', '£ 1.85', '£7.40/kg')]


json_data[{'shop': 'asda', 'url': 'https://groceries.asda.com/product/20532', 'product_name': 'Anchor Salted Butter', 'product_price': '£1.70', 'product_additionals': 'No weight data'}, {'shop': 'sains', 'url': 'https://www.sainsburys.co.uk/shop/gb/groceries/product/details/dairy-eggs-special-offers/anchor-butter--original-250g', 'product_name': 'Anchor Salted Butter 250g', 'product_price': '£1.65', 'product_additionals': '£6.60 / kg'}, {'shop': 'sains', 'url': 'https://www.sainsburys.co.uk/shop/gb/groceries/product/details/all-butter-spreads/anchor-butter--original-250g', 'product_name': 'Anchor Salted Butter 250g', 'product_price': '£1.65', 'product_additionals': '£6.60 / kg'}, {'shop': 'asda', 'url': 'https://groceries.asda.com/product/910000878134', 'product_name': 'Anchor Unsalted Butter', 'product_price': '£1.70', 'product_additionals': 'No weight data'}, {'shop': 'sains', 'url': 'https://www.sainsburys.co.uk/shop/gb/groceries/product/details/blocked-butter/anchor-block-unsalted-250g', 'product_name': 'Anchor Unsalted Butter 250g', 'product_price': '£1.65', 'product_additionals': '£6.60 / kg'}, {'shop': 'asda', 'url': 'https://groceries.asda.com/product/1000117784423', 'product_name': 'ASDA British Unsalted Butter', 'product_price': '£2.94', 'product_additionals': 'No weight data'}, {'shop': 'asda', 'url': 'https://groceries.asda.com/product/1000070571716', 'product_name': 'ASDA Extra Special Salted Butterscotch Milk Chocolate Bar', 'product_price': '£1.40', 'product_additionals': '(£1.40/100g)'}, {'shop': 'asda', 'url': 'https://groceries.asda.com/product/910002967728', 'product_name': 'ASDA Organic Slightly Salted Butter', 'product_price': '£1.85', 'product_additionals': 'No weight data'}, {'shop': 'asda', 'url': 'https://groceries.asda.com/product/910000418944', 'product_name': 'ASDA Salted Butter', 'product_price': '£1.49', 'product_additionals': 'No weight data'}, {'shop': 'asda', 'url': 'https://groceries.asda.com/product/910001050247', 'product_name': 'ASDA Salted Butter', 'product_price': '£2.94', 'product_additionals': 'No weight data'}, {'shop': 'asda', 'url': 'https://groceries.asda.com/product/400983', 'product_name': 'ASDA Smart Price Salted Butter', 'product_price': '£1.45', 'product_additionals': 'No weight data'}, {'shop': 'asda', 'url': 'https://groceries.asda.com/product/910000419159', 'product_name': 'ASDA Unsalted Butter', 'product_price': '£1.48', 'product_additionals': 'No weight data'}, {'shop': 'asda', 'url': 'https://groceries.asda.com/product/910000290608', 'product_name': 'Castle Dairies Welsh Salted Butter', 'product_price': '£2.05', 'product_additionals': 'No weight data'}, {'shop': 'coop', 'url': 'https://www.coop.co.uk/products/co-op-british-unsalted-butter-250g', 'product_name': 'Co-op British Unsalted Butter 250g', 'product_price': '£1.70', 'product_additionals': '250g (£6.80 per kg)'}, {'shop': 'asda', 'url': 'https://groceries.asda.com/product/38425', 'product_name': 'Country Life British Salted Butter', 'product_price': '£1.65', 'product_additionals': 'No weight data'}, {'shop': 'sains', 'url': 'https://www.sainsburys.co.uk/shop/gb/groceries/product/details/all-butter-spreads/country-life-english-butter--salted-250g', 'product_name': 'Country Life British Salted Butter 250g', 'product_price': '£1.80', 'product_additionals': '£7.20 / kg'}, {'shop': 'sains', 'url': 'https://www.sainsburys.co.uk/shop/gb/groceries/product/details/blocked-butter/country-life-unsalted-butter-250g', 'product_name': 'Country Life British Unsalted Butter 250g', 'product_price': '£1.80', 'product_additionals': '£7.20 / kg'}, {'shop': 'asda', 'url': 'https://groceries.asda.com/product/1000235368623', 'product_name': 'Dale Farm Salted Butter', 'product_price': '£1.80', 'product_additionals': 'No weight data'}, {'shop': 'asda', 'url': 'https://groceries.asda.com/product/20533', 'product_name': 'Kerrygold Salted Butter', 'product_price': '£1.90', 'product_additionals': '(£7.60/kg)'}, {'shop': 'asda', 'url': 'https://groceries.asda.com/product/20521', 'product_name': 'Lurpak Slightly Salted Butter', 'product_price': '£1.80', 'product_additionals': '(£7.20/kg)'}, {'shop': 'asda', 'url': 'https://groceries.asda.com/product/20531', 'product_name': 'Lurpak Unsalted Butter', 'product_price': '£1.80', 'product_additionals': '(£7.20/kg)'}, {'shop': 'sains', 'url': 'https://www.sainsburys.co.uk/shop/gb/groceries/product/details/all-butter-spreads/president-slightly-salted-spreadable-butter-250g', 'product_name': 'President Spreadable Slightly Salted Butter 250g', 'product_price': '£2.00', 'product_additionals': '£8.00 / kg'}, {'shop': 'tesco', 'url': 'https://www.tesco.com/groceries/en-GB/products/250760137', 'product_name': 'President Unsalted Butter 250G', 'product_price': '£ 2.00', 'product_additionals': '£8.00/kg'}, {'shop': 'sains', 'url': 'https://www.sainsburys.co.uk/shop/gb/groceries/product/details/all-prepared-fruit--veg---salad/sainsburys-brussels-sprouts-400g-7938066-p-44', 'product_name': "Sainsbury's Brussels Sprouts with Salted Butter 400g", 'product_price': '£2.00', 'product_additionals': '£5.00 / kg'}, {'shop': 'aldi', 'url': 'https://www.aldi.co.uk/salted-butter/p/079764180239000', 'product_name': 'Salted Butter', 'product_price': '1.45', 'product_additionals': '£5.80 per kg'}, {'shop': 'aldi', 'url': 'https://www.aldi.co.uk/scottish-salted-butter/p/005137235508500', 'product_name': 'Scottish Salted Butter', 'product_price': '1.49', 'product_additionals': '£5.96 per kg'}, {'shop': 'aldi', 'url': 'https://www.aldi.co.uk/scottish-unsalted-butter/p/043598003267000', 'product_name': 'Scottish Unsalted Butter', 'product_price': '1.48', 'product_additionals': '£5.92 per kg'}, {'shop': 'tesco', 'url': 'https://www.tesco.com/groceries/en-GB/products/290921181', 'product_name': 'Tesco British Unsalted Butter 250G', 'product_price': '£ 1.48', 'product_additionals': '£5.92/kg'}, {'shop': 'tesco', 'url': 'https://www.tesco.com/groceries/en-GB/products/306946904', 'product_name': 'Tesco Finest Roasted Garlic Chicken Kiev With Salted Butter 385G', 'product_price': '£ 4.25', 'product_additionals': '£11.04/kg'}, {'shop': 'tesco', 'url': 'https://www.tesco.com/groceries/en-GB/products/261819963', 'product_name': 'Tesco Organic Unsalted Butter 250G', 'product_price': '£ 1.85', 'product_additionals': '£7.40/kg'}]


x[{'shop': 'asda', 'url': 'https://groceries.asda.com/product/20531', 'product_name': 'Lurpak Unsalted Butter', 'product_price': '£1.80', 'product_additionals': '(£7.20/kg)'}, {'shop': 'tesco', 'url': 'https://www.tesco.com/groceries/en-GB/products/290921181', 'product_name': 'Tesco British Unsalted Butter 250G', 'product_price': '£ 1.48', 'product_additionals': '£5.92/kg'}, {'shop': 'asda', 'url': 'https://groceries.asda.com/product/20533', 'product_name': 'Kerrygold Salted Butter', 'product_price': '£1.90', 'product_additionals': '(£7.60/kg)'}, {'shop': 'asda', 'url': 'https://groceries.asda.com/product/20521', 'product_name': 'Lurpak Slightly Salted Butter', 'product_price': '£1.80', 'product_additionals': '(£7.20/kg)'}, {'shop': 'tesco', 'url': 'https://www.tesco.com/groceries/en-GB/products/250760137', 'product_name': 'President Unsalted Butter 250G', 'product_price': '£ 2.00', 'product_additionals': '£8.00/kg'}, {'shop': 'tesco', 'url': 'https://www.tesco.com/groceries/en-GB/products/261819963', 'product_name': 'Tesco Organic Unsalted Butter 250G', 'product_price': '£ 1.85', 'product_additionals': '£7.40/kg'}, {'shop': 'tesco', 'url': 'https://www.tesco.com/groceries/en-GB/products/306946904', 'product_name': 'Tesco Finest Roasted Garlic Chicken Kiev With Salted Butter 385G', 'product_price': '£ 4.25', 'product_additionals': '£11.04/kg'}, {'shop': 'asda', 'url': 'https://groceries.asda.com/product/1000070571716', 'product_name': 'ASDA Extra Special Salted Butterscotch Milk Chocolate Bar', 'product_price': '£1.40', 'product_additionals': '(£1.40/100g)'}]


bestFromShops[[{'shop': 'asda', 'url': 'https://groceries.asda.com/product/20531', 'product_name': 'Lurpak Unsalted Butter', 'product_price': '£1.80', 'product_additionals': '(£7.20/kg)'}], [], [{'shop': 'tesco', 'url': 'https://www.tesco.com/groceries/en-GB/products/290921181', 'product_name': 'Tesco British Unsalted Butter 250G', 'product_price': '£ 1.48', 'product_additionals': '£5.92/kg'}], [], []]


