rv[('tesco', 'https://www.tesco.com/groceries/en-GB/products/291631643', 'Arla Bob Skimmed Milk 2 Litre', '£ 1.80', '£0.90/litre'), ('tesco', 'https://www.tesco.com/groceries/en-GB/products/260086626', 'Cravendale Pure Filtered Semi Skimmed Milk 1L', '£ 1.10', '£1.10/litre'), ('tesco', 'https://www.tesco.com/groceries/en-GB/products/257264875', 'Cravendale Semi Skimmed Milk 2 Litre', '£ 1.85', '£0.92/litre'), ('tesco', 'https://www.tesco.com/groceries/en-GB/products/299914279', 'Creamfields Uht Semi Skimmed Milk 1 Litre', '£ 0.55', '£0.55/litre'), ('tesco', 'https://www.tesco.com/groceries/en-GB/products/299914291', 'Creamfields Uht Skimmed Milk 1 Litre', '£ 0.50', '£0.50/litre'), ('tesco', 'https://www.tesco.com/groceries/en-GB/products/258104839', 'Delamere Dairy Sterilised Longlife Semi Skimmed Milk 1L', '£ 1.10', '£1.10/litre'), ('tesco', 'https://www.tesco.com/groceries/en-GB/products/262783116', 'Flora Pro Activ Skimmed Milk 1L', '£ 1.40', '£1.40/litre'), ('aldi', 'https://www.aldi.co.uk/fresh-british-semi--skimmed-milk/p/045613003560800', 'Fresh British Semi- Skimmed Milk', '1.09', '48p per litre'), ('aldi', 'https://www.aldi.co.uk/fresh-british-semi-skimmed-milk/p/045611003560400', 'Fresh British Semi-skimmed Milk', '0.80', '70.4p per litre'), ('tesco', 'https://www.tesco.com/groceries/en-GB/products/258877943', 'Lactofree Fresh Semi Skimmed Milk 1L', '£ 1.40', '£1.40/litre'), ('aldi', 'https://www.aldi.co.uk/scottish-semi-skimmed-milk---1l/p/062203006335000', 'Scottish Semi Skimmed Milk - 1L', '0.70', '70p per litre'), ('tesco', 'https://www.tesco.com/groceries/en-GB/products/254656543', 'Tesco British Semi Skimmed Milk 2.272L 4 Pints', '£ 1.09', '£0.48/litre'), ('tesco', 'https://www.tesco.com/groceries/en-GB/products/260388246', 'Tesco Filtered Semi Skimmed Milk 1 Litre', '£ 0.85', '£0.85/litre'), ('tesco', 'https://www.tesco.com/groceries/en-GB/products/253737115', 'Tesco Filtered Semi Skimmed Milk 2 Litre', '£ 1.35', '£0.68/litre'), ('tesco', 'https://www.tesco.com/groceries/en-GB/products/267377676', 'Tesco Instant Dried Skimmed Milk 340G', '£ 2.00', '£5.89/kg'), ('tesco', 'https://www.tesco.com/groceries/en-GB/products/300118011', 'Tesco Lactose Free Semi Skimmed Milk 1 Litre', '£ 1.20', '£1.20/litre'), ('tesco', 'https://www.tesco.com/groceries/en-GB/products/256909294', 'Tesco Light Choices Evaporated Semi Skimmed Milk 170G', '£ 0.50', '£2.95/kg'), ('tesco', 'https://www.tesco.com/groceries/en-GB/products/256909887', 'Tesco Low Fat Evaporated Semi Skimmed Milk 410G', '£ 0.65', '£1.59/kg'), ('tesco', 'https://www.tesco.com/groceries/en-GB/products/251499710', 'Tesco Organic Semi- Skimmed Milk 1.136L/2 Pints', '£ 0.89', '£0.78/litre'), ('tesco', 'https://www.tesco.com/groceries/en-GB/products/251499998', 'Tesco Organic Semi- Skimmed Milk 2.272L/4 Pints', '£ 1.50', '£0.66/litre'), ('tesco', 'https://www.tesco.com/groceries/en-GB/products/251499687', 'Tesco Organic Skimmed Milk 1.136L/2 Pints', '£ 0.89', '£0.78/litre'), ('tesco', 'https://www.tesco.com/groceries/en-GB/products/252207537', 'Tesco Semi Skimmed Milk 1.13L/2 Pints', '£ 0.80', '£0.71/litre'), ('tesco', 'https://www.tesco.com/groceries/en-GB/products/255986260', 'Tesco Semi Skimmed Milk 3.408L/6 Pints', '£ 1.50', '£0.44/litre'), ('tesco', 'https://www.tesco.com/groceries/en-GB/products/251314158', 'Tesco Semi Skimmed Milk 568Ml/1 Pint', '£ 0.50', '£0.88/litre'), ('tesco', 'https://www.tesco.com/groceries/en-GB/products/252208041', 'Tesco Skimmed Milk 1.136L/2 Pints', '£ 0.80', '£0.70/litre'), ('tesco', 'https://www.tesco.com/groceries/en-GB/products/254656508', 'Tesco Skimmed Milk 2.272L/4 Pints', '£ 1.09', '£0.48/litre'), ('tesco', 'https://www.tesco.com/groceries/en-GB/products/251314095', 'Tesco Skimmed Milk 568Ml/1 Pint', '£ 0.50', '£0.88/litre'), ('tesco', 'https://www.tesco.com/groceries/en-GB/products/257862017', 'Yeo Valley Organic Semi Skimmed Milk 1L', '£ 1.15', '£1.15/litre'), ('tesco', 'https://www.tesco.com/groceries/en-GB/products/258882358', 'Yeo Valley Organic Semi Skimmed Milk 2L', '£ 1.90', '£0.95/litre')]


json_data[{'shop': 'tesco', 'url': 'https://www.tesco.com/groceries/en-GB/products/291631643', 'product_name': 'Arla Bob Skimmed Milk 2 Litre', 'product_price': '£ 1.80', 'product_additionals': '£0.90/litre'}, {'shop': 'tesco', 'url': 'https://www.tesco.com/groceries/en-GB/products/260086626', 'product_name': 'Cravendale Pure Filtered Semi Skimmed Milk 1L', 'product_price': '£ 1.10', 'product_additionals': '£1.10/litre'}, {'shop': 'tesco', 'url': 'https://www.tesco.com/groceries/en-GB/products/257264875', 'product_name': 'Cravendale Semi Skimmed Milk 2 Litre', 'product_price': '£ 1.85', 'product_additionals': '£0.92/litre'}, {'shop': 'tesco', 'url': 'https://www.tesco.com/groceries/en-GB/products/299914279', 'product_name': 'Creamfields Uht Semi Skimmed Milk 1 Litre', 'product_price': '£ 0.55', 'product_additionals': '£0.55/litre'}, {'shop': 'tesco', 'url': 'https://www.tesco.com/groceries/en-GB/products/299914291', 'product_name': 'Creamfields Uht Skimmed Milk 1 Litre', 'product_price': '£ 0.50', 'product_additionals': '£0.50/litre'}, {'shop': 'tesco', 'url': 'https://www.tesco.com/groceries/en-GB/products/258104839', 'product_name': 'Delamere Dairy Sterilised Longlife Semi Skimmed Milk 1L', 'product_price': '£ 1.10', 'product_additionals': '£1.10/litre'}, {'shop': 'tesco', 'url': 'https://www.tesco.com/groceries/en-GB/products/262783116', 'product_name': 'Flora Pro Activ Skimmed Milk 1L', 'product_price': '£ 1.40', 'product_additionals': '£1.40/litre'}, {'shop': 'aldi', 'url': 'https://www.aldi.co.uk/fresh-british-semi--skimmed-milk/p/045613003560800', 'product_name': 'Fresh British Semi- Skimmed Milk', 'product_price': '1.09', 'product_additionals': '48p per litre'}, {'shop': 'aldi', 'url': 'https://www.aldi.co.uk/fresh-british-semi-skimmed-milk/p/045611003560400', 'product_name': 'Fresh British Semi-skimmed Milk', 'product_price': '0.80', 'product_additionals': '70.4p per litre'}, {'shop': 'tesco', 'url': 'https://www.tesco.com/groceries/en-GB/products/258877943', 'product_name': 'Lactofree Fresh Semi Skimmed Milk 1L', 'product_price': '£ 1.40', 'product_additionals': '£1.40/litre'}, {'shop': 'aldi', 'url': 'https://www.aldi.co.uk/scottish-semi-skimmed-milk---1l/p/062203006335000', 'product_name': 'Scottish Semi Skimmed Milk - 1L', 'product_price': '0.70', 'product_additionals': '70p per litre'}, {'shop': 'tesco', 'url': 'https://www.tesco.com/groceries/en-GB/products/254656543', 'product_name': 'Tesco British Semi Skimmed Milk 2.272L 4 Pints', 'product_price': '£ 1.09', 'product_additionals': '£0.48/litre'}, {'shop': 'tesco', 'url': 'https://www.tesco.com/groceries/en-GB/products/260388246', 'product_name': 'Tesco Filtered Semi Skimmed Milk 1 Litre', 'product_price': '£ 0.85', 'product_additionals': '£0.85/litre'}, {'shop': 'tesco', 'url': 'https://www.tesco.com/groceries/en-GB/products/253737115', 'product_name': 'Tesco Filtered Semi Skimmed Milk 2 Litre', 'product_price': '£ 1.35', 'product_additionals': '£0.68/litre'}, {'shop': 'tesco', 'url': 'https://www.tesco.com/groceries/en-GB/products/267377676', 'product_name': 'Tesco Instant Dried Skimmed Milk 340G', 'product_price': '£ 2.00', 'product_additionals': '£5.89/kg'}, {'shop': 'tesco', 'url': 'https://www.tesco.com/groceries/en-GB/products/300118011', 'product_name': 'Tesco Lactose Free Semi Skimmed Milk 1 Litre', 'product_price': '£ 1.20', 'product_additionals': '£1.20/litre'}, {'shop': 'tesco', 'url': 'https://www.tesco.com/groceries/en-GB/products/256909294', 'product_name': 'Tesco Light Choices Evaporated Semi Skimmed Milk 170G', 'product_price': '£ 0.50', 'product_additionals': '£2.95/kg'}, {'shop': 'tesco', 'url': 'https://www.tesco.com/groceries/en-GB/products/256909887', 'product_name': 'Tesco Low Fat Evaporated Semi Skimmed Milk 410G', 'product_price': '£ 0.65', 'product_additionals': '£1.59/kg'}, {'shop': 'tesco', 'url': 'https://www.tesco.com/groceries/en-GB/products/251499710', 'product_name': 'Tesco Organic Semi- Skimmed Milk 1.136L/2 Pints', 'product_price': '£ 0.89', 'product_additionals': '£0.78/litre'}, {'shop': 'tesco', 'url': 'https://www.tesco.com/groceries/en-GB/products/251499998', 'product_name': 'Tesco Organic Semi- Skimmed Milk 2.272L/4 Pints', 'product_price': '£ 1.50', 'product_additionals': '£0.66/litre'}, {'shop': 'tesco', 'url': 'https://www.tesco.com/groceries/en-GB/products/251499687', 'product_name': 'Tesco Organic Skimmed Milk 1.136L/2 Pints', 'product_price': '£ 0.89', 'product_additionals': '£0.78/litre'}, {'shop': 'tesco', 'url': 'https://www.tesco.com/groceries/en-GB/products/252207537', 'product_name': 'Tesco Semi Skimmed Milk 1.13L/2 Pints', 'product_price': '£ 0.80', 'product_additionals': '£0.71/litre'}, {'shop': 'tesco', 'url': 'https://www.tesco.com/groceries/en-GB/products/255986260', 'product_name': 'Tesco Semi Skimmed Milk 3.408L/6 Pints', 'product_price': '£ 1.50', 'product_additionals': '£0.44/litre'}, {'shop': 'tesco', 'url': 'https://www.tesco.com/groceries/en-GB/products/251314158', 'product_name': 'Tesco Semi Skimmed Milk 568Ml/1 Pint', 'product_price': '£ 0.50', 'product_additionals': '£0.88/litre'}, {'shop': 'tesco', 'url': 'https://www.tesco.com/groceries/en-GB/products/252208041', 'product_name': 'Tesco Skimmed Milk 1.136L/2 Pints', 'product_price': '£ 0.80', 'product_additionals': '£0.70/litre'}, {'shop': 'tesco', 'url': 'https://www.tesco.com/groceries/en-GB/products/254656508', 'product_name': 'Tesco Skimmed Milk 2.272L/4 Pints', 'product_price': '£ 1.09', 'product_additionals': '£0.48/litre'}, {'shop': 'tesco', 'url': 'https://www.tesco.com/groceries/en-GB/products/251314095', 'product_name': 'Tesco Skimmed Milk 568Ml/1 Pint', 'product_price': '£ 0.50', 'product_additionals': '£0.88/litre'}, {'shop': 'tesco', 'url': 'https://www.tesco.com/groceries/en-GB/products/257862017', 'product_name': 'Yeo Valley Organic Semi Skimmed Milk 1L', 'product_price': '£ 1.15', 'product_additionals': '£1.15/litre'}, {'shop': 'tesco', 'url': 'https://www.tesco.com/groceries/en-GB/products/258882358', 'product_name': 'Yeo Valley Organic Semi Skimmed Milk 2L', 'product_price': '£ 1.90', 'product_additionals': '£0.95/litre'}]


x[{'shop': 'tesco', 'url': 'https://www.tesco.com/groceries/en-GB/products/256909887', 'product_name': 'Tesco Low Fat Evaporated Semi Skimmed Milk 410G', 'product_price': '£ 0.65', 'product_additionals': '£1.59/kg'}, {'shop': 'tesco', 'url': 'https://www.tesco.com/groceries/en-GB/products/256909294', 'product_name': 'Tesco Light Choices Evaporated Semi Skimmed Milk 170G', 'product_price': '£ 0.50', 'product_additionals': '£2.95/kg'}, {'shop': 'tesco', 'url': 'https://www.tesco.com/groceries/en-GB/products/267377676', 'product_name': 'Tesco Instant Dried Skimmed Milk 340G', 'product_price': '£ 2.00', 'product_additionals': '£5.89/kg'}]


bestFromShops[[], [], [{'shop': 'tesco', 'url': 'https://www.tesco.com/groceries/en-GB/products/256909887', 'product_name': 'Tesco Low Fat Evaporated Semi Skimmed Milk 410G', 'product_price': '£ 0.65', 'product_additionals': '£1.59/kg'}], [], []]


