Skimmed milk

Prod_checked
[{'shop': 'tesco', 'url': 'https://www.tesco.com/groceries/en-GB/products/291631643', 'product_name': 'Arla Bob Skimmed Milk 2 Litre', 'product_price': '£ 1.80', 'product_additionals': '£0.90/litre'}, {'shop': 'tesco', 'url': 'https://www.tesco.com/groceries/en-GB/products/260086626', 'product_name': 'Cravendale Pure Filtered Semi Skimmed Milk 1L', 'product_price': '£ 1.10', 'product_additionals': '£1.10/litre'}, {'shop': 'tesco', 'url': 'https://www.tesco.com/groceries/en-GB/products/257264875', 'product_name': 'Cravendale Semi Skimmed Milk 2 Litre', 'product_price': '£ 1.85', 'product_additionals': '£0.92/litre'}, {'shop': 'tesco', 'url': 'https://www.tesco.com/groceries/en-GB/products/299914279', 'product_name': 'Creamfields Uht Semi Skimmed Milk 1 Litre', 'product_price': '£ 0.55', 'product_additionals': '£0.55/litre'}, {'shop': 'tesco', 'url': 'https://www.tesco.com/groceries/en-GB/products/299914291', 'product_name': 'Creamfields Uht Skimmed Milk 1 Litre', 'product_price': '£ 0.50', 'product_additionals': '£0.50/litre'}, {'shop': 'tesco', 'url': 'https://www.tesco.com/groceries/en-GB/products/258104839', 'product_name': 'Delamere Dairy Sterilised Longlife Semi Skimmed Milk 1L', 'product_price': '£ 1.10', 'product_additionals': '£1.10/litre'}, {'shop': 'tesco', 'url': 'https://www.tesco.com/groceries/en-GB/products/262783116', 'product_name': 'Flora Pro Activ Skimmed Milk 1L', 'product_price': '£ 1.40', 'product_additionals': '£1.40/litre'}, {'shop': 'aldi', 'url': 'https://www.aldi.co.uk/fresh-british-semi--skimmed-milk/p/045613003560800', 'product_name': 'Fresh British Semi- Skimmed Milk', 'product_price': '1.09', 'product_additionals': '48p per litre'}, {'shop': 'aldi', 'url': 'https://www.aldi.co.uk/fresh-british-semi-skimmed-milk/p/045611003560400', 'product_name': 'Fresh British Semi-skimmed Milk', 'product_price': '0.80', 'product_additionals': '70.4p per litre'}, {'shop': 'tesco', 'url': 'https://www.tesco.com/groceries/en-GB/products/258877943', 'product_name': 'Lactofree Fresh Semi Skimmed Milk 1L', 'product_price': '£ 1.40', 'product_additionals': '£1.40/litre'}, {'shop': 'aldi', 'url': 'https://www.aldi.co.uk/scottish-semi-skimmed-milk---1l/p/062203006335000', 'product_name': 'Scottish Semi Skimmed Milk - 1L', 'product_price': '0.70', 'product_additionals': '70p per litre'}, {'shop': 'tesco', 'url': 'https://www.tesco.com/groceries/en-GB/products/254656543', 'product_name': 'Tesco British Semi Skimmed Milk 2.272L 4 Pints', 'product_price': '£ 1.09', 'product_additionals': '£0.48/litre'}, {'shop': 'tesco', 'url': 'https://www.tesco.com/groceries/en-GB/products/260388246', 'product_name': 'Tesco Filtered Semi Skimmed Milk 1 Litre', 'product_price': '£ 0.85', 'product_additionals': '£0.85/litre'}, {'shop': 'tesco', 'url': 'https://www.tesco.com/groceries/en-GB/products/253737115', 'product_name': 'Tesco Filtered Semi Skimmed Milk 2 Litre', 'product_price': '£ 1.35', 'product_additionals': '£0.68/litre'}, {'shop': 'tesco', 'url': 'https://www.tesco.com/groceries/en-GB/products/267377676', 'product_name': 'Tesco Instant Dried Skimmed Milk 340G', 'product_price': '£ 2.00', 'product_additionals': '£5.89/kg'}, {'shop': 'tesco', 'url': 'https://www.tesco.com/groceries/en-GB/products/300118011', 'product_name': 'Tesco Lactose Free Semi Skimmed Milk 1 Litre', 'product_price': '£ 1.20', 'product_additionals': '£1.20/litre'}, {'shop': 'tesco', 'url': 'https://www.tesco.com/groceries/en-GB/products/256909294', 'product_name': 'Tesco Light Choices Evaporated Semi Skimmed Milk 170G', 'product_price': '£ 0.50', 'product_additionals': '£2.95/kg'}, {'shop': 'tesco', 'url': 'https://www.tesco.com/groceries/en-GB/products/256909887', 'product_name': 'Tesco Low Fat Evaporated Semi Skimmed Milk 410G', 'product_price': '£ 0.65', 'product_additionals': '£1.59/kg'}, {'shop': 'tesco', 'url': 'https://www.tesco.com/groceries/en-GB/products/251499710', 'product_name': 'Tesco Organic Semi- Skimmed Milk 1.136L/2 Pints', 'product_price': '£ 0.89', 'product_additionals': '£0.78/litre'}, {'shop': 'tesco', 'url': 'https://www.tesco.com/groceries/en-GB/products/251499998', 'product_name': 'Tesco Organic Semi- Skimmed Milk 2.272L/4 Pints', 'product_price': '£ 1.50', 'product_additionals': '£0.66/litre'}, {'shop': 'tesco', 'url': 'https://www.tesco.com/groceries/en-GB/products/251499687', 'product_name': 'Tesco Organic Skimmed Milk 1.136L/2 Pints', 'product_price': '£ 0.89', 'product_additionals': '£0.78/litre'}, {'shop': 'tesco', 'url': 'https://www.tesco.com/groceries/en-GB/products/252207537', 'product_name': 'Tesco Semi Skimmed Milk 1.13L/2 Pints', 'product_price': '£ 0.80', 'product_additionals': '£0.71/litre'}, {'shop': 'tesco', 'url': 'https://www.tesco.com/groceries/en-GB/products/255986260', 'product_name': 'Tesco Semi Skimmed Milk 3.408L/6 Pints', 'product_price': '£ 1.50', 'product_additionals': '£0.44/litre'}, {'shop': 'tesco', 'url': 'https://www.tesco.com/groceries/en-GB/products/251314158', 'product_name': 'Tesco Semi Skimmed Milk 568Ml/1 Pint', 'product_price': '£ 0.50', 'product_additionals': '£0.88/litre'}, {'shop': 'tesco', 'url': 'https://www.tesco.com/groceries/en-GB/products/252208041', 'product_name': 'Tesco Skimmed Milk 1.136L/2 Pints', 'product_price': '£ 0.80', 'product_additionals': '£0.70/litre'}, {'shop': 'tesco', 'url': 'https://www.tesco.com/groceries/en-GB/products/254656508', 'product_name': 'Tesco Skimmed Milk 2.272L/4 Pints', 'product_price': '£ 1.09', 'product_additionals': '£0.48/litre'}, {'shop': 'tesco', 'url': 'https://www.tesco.com/groceries/en-GB/products/251314095', 'product_name': 'Tesco Skimmed Milk 568Ml/1 Pint', 'product_price': '£ 0.50', 'product_additionals': '£0.88/litre'}, {'shop': 'tesco', 'url': 'https://www.tesco.com/groceries/en-GB/products/257862017', 'product_name': 'Yeo Valley Organic Semi Skimmed Milk 1L', 'product_price': '£ 1.15', 'product_additionals': '£1.15/litre'}, {'shop': 'tesco', 'url': 'https://www.tesco.com/groceries/en-GB/products/258882358', 'product_name': 'Yeo Valley Organic Semi Skimmed Milk 2L', 'product_price': '£ 1.90', 'product_additionals': '£0.95/litre'}]

grouped
([], [({'shop': 'tesco', 'url': 'https://www.tesco.com/groceries/en-GB/products/267377676', 'product_name': 'Tesco Instant Dried Skimmed Milk 340G', 'product_price': '£ 2.00', 'product_additionals': '£5.89/kg'}, 13.11863636363636, 0.44897959183673475), ({'shop': 'tesco', 'url': 'https://www.tesco.com/groceries/en-GB/products/256909294', 'product_name': 'Tesco Light Choices Evaporated Semi Skimmed Milk 170G', 'product_price': '£ 0.50', 'product_additionals': '£2.95/kg'}, 8.715909090909092, 0.3384615384615385), ({'shop': 'tesco', 'url': 'https://www.tesco.com/groceries/en-GB/products/256909887', 'product_name': 'Tesco Low Fat Evaporated Semi Skimmed Milk 410G', 'product_price': '£ 0.65', 'product_additionals': '£1.59/kg'}, 4.26409090909091, 0.3728813559322034)], [])

final
[{'shop': 'tesco', 'url': 'https://www.tesco.com/groceries/en-GB/products/256909887', 'product_name': 'Tesco Low Fat Evaporated Semi Skimmed Milk 410G', 'product_price': '£ 0.65', 'product_additionals': '£1.59/kg'}, {'shop': 'tesco', 'url': 'https://www.tesco.com/groceries/en-GB/products/256909294', 'product_name': 'Tesco Light Choices Evaporated Semi Skimmed Milk 170G', 'product_price': '£ 0.50', 'product_additionals': '£2.95/kg'}, {'shop': 'tesco', 'url': 'https://www.tesco.com/groceries/en-GB/products/267377676', 'product_name': 'Tesco Instant Dried Skimmed Milk 340G', 'product_price': '£ 2.00', 'product_additionals': '£5.89/kg'}]

