[{'shop': 'tesco', 'url': 'https://www.tesco.com/groceries/en-GB/products/306935013', 'product_name': '19 Crimes 2019 Red Wine 1.5L', 'product_price': '£ 14.00', 'product_additionals': '£7.00/75cl'}, {'shop': 'asda', 'url': 'https://groceries.asda.com/product/910001812093', 'product_name': '19 Crimes Red Wine', 'product_price': '£9.00', 'product_additionals': '75cl'}, {'shop': 'tesco', 'url': 'https://www.tesco.com/groceries/en-GB/products/299531340', 'product_name': '19 Crimes Red Wine 75Cl', 'product_price': '£ 9.00', 'product_additionals': '£9.00/75cl'}, {'shop': 'sains', 'url': 'https://www.sainsburys.co.uk/shop/gb/groceries/product/details/pub-food-and-drink/19-crimes-red-wine-75cl', 'product_name': '19 Crimes Red Wine 75cl', 'product_price': '£8.00', 'product_additionals': '£8.00 / 75cl'}, {'shop': 'asda', 'url': 'https://groceries.asda.com/product/1000034704421', 'product_name': '19 Crimes The Uprising Red Wine', 'product_price': '£8.00', 'product_additionals': '75cl'}, {'shop': 'coop', 'url': 'https://www.coop.co.uk/products/4-Winemakers-Malbec-825970', 'product_name': '4 Winemakers Malbec', 'product_price': '£6', 'product_additionals': 'No weight data'}, {'shop': 'asda', 'url': 'https://groceries.asda.com/product/1000149948087', 'product_name': 'Air Wick Limited Edition Aerosol Spray Air Freshener, Mulled Wine', 'product_price': '£2.00', 'product_additionals': '250ml'}, {'shop': 'asda', 'url': 'https://groceries.asda.com/product/1000149948102', 'product_name': 'Air Wick Limited Edition Candle, Mulled Wine', 'product_price': '£2.00', 'product_additionals': '105g'}, {'shop': 'asda', 'url': 'https://groceries.asda.com/product/1000149948039', 'product_name': 'Air Wick Limited Edition Electrical Plug In Kit, Mulled Wine – Holder & 1 Refill', 'product_price': '£4.00', 'product_additionals': 'each'}, {'shop': 'asda', 'url': 'https://groceries.asda.com/product/1000149948093', 'product_name': 'Air Wick Limited Edition Electrical Plug In Refill, Mulled Wine – 1 Refill', 'product_price': '£3.00', 'product_additionals': '19ml'}, {'shop': 'asda', 'url': 'https://groceries.asda.com/product/1000149948044', 'product_name': 'Air Wick Limited Edition Electrical Plug In Refill, Mulled Wine – 2 Refills', 'product_price': '£3.75', 'product_additionals': '2x19ml'}, {'shop': 'asda', 'url': 'https://groceries.asda.com/product/1000149948065', 'product_name': 'Air Wick Limited Edition Freshmatic Autospray Refill, Mulled Wine – 1 Refill', 'product_price': '£3.00', 'product_additionals': '250ml'}, {'shop': 'asda', 'url': 'https://groceries.asda.com/product/1000149948094', 'product_name': 'Air Wick Limited Edition Freshmatic Autospray Refill, Mulled Wine – 2 Refills', 'product_price': '£5.00', 'product_additionals': '2x250'}, {'shop': 'asda', 'url': 'https://groceries.asda.com/product/1000149948112', 'product_name': 'Air Wick Limited Edition Freshmatic Autospray, Mulled Wine - Holder', 'product_price': '£3.75', 'product_additionals': 'each'}, {'shop': 'asda', 'url': 'https://groceries.asda.com/product/1000153046795', 'product_name': 'Air Wick Limited Edition Reed Diffuser, Mulled Wine', 'product_price': '£3.50', 'product_additionals': 'each'}, {'shop': 'asda', 'url': 'https://groceries.asda.com/product/910002152748', 'product_name': 'ASDA Braised Red Cabbage with Apple, Onion and Red Wine Vinegar', 'product_price': '£1.50', 'product_additionals': '300g'}, {'shop': 'asda', 'url': 'https://groceries.asda.com/product/1000102025710', 'product_name': 'ASDA Chicken in White Wine & Mushroom Sauce', 'product_price': '£2.60', 'product_additionals': '400g'}, {'shop': 'asda', 'url': 'https://groceries.asda.com/product/910001861097', 'product_name': 'ASDA Extra Special Asti Sparkling Wine', 'product_price': '£6.00', 'product_additionals': '75cl'}, {'shop': 'asda', 'url': 'https://groceries.asda.com/product/1000224654374', 'product_name': 'ASDA Medium Cream Fortified British Wine', 'product_price': '£5.50', 'product_additionals': '1l'}, {'shop': 'asda', 'url': 'https://groceries.asda.com/product/1000254237213', 'product_name': 'ASDA Mulled Wine', 'product_price': '£2.75', 'product_additionals': '75cl'}, {'shop': 'asda', 'url': 'https://groceries.asda.com/product/1000051448274', 'product_name': 'ASDA Mussels in a Creamy White Wine & Garlic Sauce', 'product_price': '£3.80', 'product_additionals': '500g'}, {'shop': 'asda', 'url': 'https://groceries.asda.com/product/1000224654354', 'product_name': 'ASDA Pale Cream Fortified British Wine', 'product_price': '£5.50', 'product_additionals': '1l'}, {'shop': 'asda', 'url': 'https://groceries.asda.com/product/1000000442928', 'product_name': 'ASDA Red Wine Vinegar', 'product_price': '£0.85', 'product_additionals': '350ml'}, {'shop': 'asda', 'url': 'https://groceries.asda.com/product/1000224654227', 'product_name': 'ASDA Rich Cream Fortified British Wine', 'product_price': '£5.50', 'product_additionals': '1l'}, {'shop': 'asda', 'url': 'https://groceries.asda.com/product/1000000442927', 'product_name': 'ASDA White Wine Vinegar', 'product_price': '£0.85', 'product_additionals': '350ml'}, {'shop': 'asda', 'url': 'https://groceries.asda.com/product/1000092443464', 'product_name': 'ASDA Wine Bottle Carrier (to fit 6 bottles, colour and style may vary)', 'product_price': '£0.40', 'product_additionals': 'each'}, {'shop': 'asda', 'url': 'https://groceries.asda.com/product/910003081748', 'product_name': 'ASDA Wine Gums Jelly Sweets', 'product_price': '£0.45', 'product_additionals': '190g'}, {'shop': 'asda', 'url': 'https://groceries.asda.com/product/910000565613', 'product_name': 'Aspall Classic White Wine Vinegar', 'product_price': '£1.50', 'product_additionals': '350ml'}, {'shop': 'asda', 'url': 'https://groceries.asda.com/product/486104', 'product_name': 'Australian Red Wine Boxed', 'product_price': '£16.25', 'product_additionals': '3l'}, {'shop': 'asda', 'url': 'https://groceries.asda.com/product/1000195942959', 'product_name': 'Australian White Wine', 'product_price': '£16.25', 'product_additionals': '3l'}, {'shop': 'asda', 'url': 'https://groceries.asda.com/product/910001018236', 'product_name': 'Australian Winemakers Choice Chardonnay Miniature', 'product_price': '£1.75', 'product_additionals': '18.7cl'}, {'shop': 'asda', 'url': 'https://groceries.asda.com/product/910000494277', 'product_name': 'B by Black Tower Rose Wine Miniature', 'product_price': '£1.25', 'product_additionals': '18.7cl'}, {'shop': 'asda', 'url': 'https://groceries.asda.com/product/910000494322', 'product_name': 'B by Black Tower White Wine', 'product_price': '£3.00', 'product_additionals': '75cl'}, {'shop': 'asda', 'url': 'https://groceries.asda.com/product/910000494565', 'product_name': 'B by Black Tower White Wine Miniature', 'product_price': '£1.25', 'product_additionals': '18.7cl'}, {'shop': 'tesco', 'url': 'https://www.tesco.com/groceries/en-GB/products/305983711', 'product_name': 'Barefoot Jammy Red California Wine 750Ml', 'product_price': '£ 6.75', 'product_additionals': '£6.75/75cl'}, {'shop': 'tesco', 'url': 'https://www.tesco.com/groceries/en-GB/products/303261669', 'product_name': 'Barefoot Pinot Grigio Wine Can 250Ml', 'product_price': '£ 2.50', 'product_additionals': '£7.50/75cl'}, {'shop': 'tesco', 'url': 'https://www.tesco.com/groceries/en-GB/products/306502416', 'product_name': 'Barefoot Wine Seltzer Pineapple Passion Fruit 250Ml', 'product_price': '£ 1.80', 'product_additionals': '£7.20/litre'}, {'shop': 'tesco', 'url': 'https://www.tesco.com/groceries/en-GB/products/305980904', 'product_name': 'Barefoot Wine Seltzer Strawberry & Guava 250Ml', 'product_price': '£ 1.80', 'product_additionals': '£7.20/litre'}, {'shop': 'coop', 'url': 'https://www.coop.co.uk/products/barossa-valley-wine-co-gravel-track-shiraz-841872', 'product_name': 'Barossa Valley Wine Co Gravel Track Shiraz', 'product_price': '£13', 'product_additionals': 'No weight data'}, {'shop': 'asda', 'url': 'https://groceries.asda.com/product/1000214080758', 'product_name': 'Belle & Co. Alcohol Free Sparkling Wine', 'product_price': '£2.00', 'product_additionals': '75cl'}, {'shop': 'asda', 'url': 'https://groceries.asda.com/product/18931', 'product_name': 'Black Tower Fruity White Wine', 'product_price': '£5.00', 'product_additionals': '75cl'}, {'shop': 'asda', 'url': 'https://groceries.asda.com/product/910002550371', 'product_name': 'Black Tower Smooth Red Wine', 'product_price': '£5.00', 'product_additionals': '75cl'}, {'shop': 'asda', 'url': 'https://groceries.asda.com/product/910002666170', 'product_name': 'Blossom Hill Red Wine', 'product_price': '£5.00', 'product_additionals': '75cl'}, {'shop': 'tesco', 'url': 'https://www.tesco.com/groceries/en-GB/products/259712890', 'product_name': 'Blossom Hill Red Wine 75Cl', 'product_price': '£ 5.00', 'product_additionals': '£5.00/75cl'}, {'shop': 'asda', 'url': 'https://groceries.asda.com/product/1000000985035', 'product_name': 'Blossom Hill Rosé Wine', 'product_price': '£5.00', 'product_additionals': '75cl'}, {'shop': 'asda', 'url': 'https://groceries.asda.com/product/910002665929', 'product_name': 'Blossom Hill White Wine', 'product_price': '£5.00', 'product_additionals': '75cl'}, {'shop': 'tesco', 'url': 'https://www.tesco.com/groceries/en-GB/products/259712953', 'product_name': 'Blossom Hill White Wine 75Cl', 'product_price': '£ 5.00', 'product_additionals': '£5.00/75cl'}, {'shop': 'tesco', 'url': 'https://www.tesco.com/groceries/en-GB/products/306822348', 'product_name': 'Bonterra Chardonnay Organic Wine 75Cl', 'product_price': '£ 10.00', 'product_additionals': '£10.00/75cl'}, {'shop': 'tesco', 'url': 'https://www.tesco.com/groceries/en-GB/products/304787225', 'product_name': 'Botham & Balfour English Rose Wine 75Cl', 'product_price': '£ 12.00', 'product_additionals': '£12.00/75cl'}, {'shop': 'asda', 'url': 'https://groceries.asda.com/product/1000210453331', 'product_name': 'Brancott Estate Terroir Series Sauvignon Blanc White Wine', 'product_price': '£9.00', 'product_additionals': '75cl'}, {'shop': 'tesco', 'url': 'https://www.tesco.com/groceries/en-GB/products/306655661', 'product_name': 'Bruce Jack Shiraz Malbec Wine 750Ml', 'product_price': '£ 7.00', 'product_additionals': '£7.00/75cl'}, {'shop': 'tesco', 'url': 'https://www.tesco.com/groceries/en-GB/products/306819192', 'product_name': 'Bruce Jack Wine Pinotage & Cinsault 1.5L', 'product_price': '£ 8.00', 'product_additionals': '£4.00/75cl'}, {'shop': 'asda', 'url': 'https://groceries.asda.com/product/910001416085', 'product_name': 'Cabernet Sauvignon Boxed Wine', 'product_price': '£11.00', 'product_additionals': '225 cl'}, {'shop': 'tesco', 'url': 'https://www.tesco.com/groceries/en-GB/products/306650833', 'product_name': 'Calvet Malbec Reserve Red Wine 75Cl', 'product_price': '£ 6.50', 'product_additionals': '£6.50/75cl'}, {'shop': 'asda', 'url': 'https://groceries.asda.com/product/910000852605', 'product_name': 'Campo Viejo Rioja Tempranillo Red Wine Miniature', 'product_price': '£2.25', 'product_additionals': '18.7cl'}, {'shop': 'tesco', 'url': 'https://www.tesco.com/groceries/en-GB/products/304368899', 'product_name': 'Campo Viejo Rose Wine 75Cl', 'product_price': '£ 8.00', 'product_additionals': '£8.00/75cl'}, {'shop': 'tesco', 'url': 'https://www.tesco.com/groceries/en-GB/products/307137547', 'product_name': 'Canti Estate Gavi White Wine 750Ml', 'product_price': '£ 8.00', 'product_additionals': '£8.00/75cl'}, {'shop': 'asda', 'url': 'https://groceries.asda.com/product/910001352740', 'product_name': 'Chablis White Wine', 'product_price': '£12.00', 'product_additionals': '75cl'}, {'shop': 'coop', 'url': 'https://www.coop.co.uk/products/co-op-irresistible-sea-salt-chardonnay-wine-vinegar-crisps-150g', 'product_name': 'Co-op Irresistible Sea Salt Chardonnay Wine Vinegar Crisps 150g', 'product_price': '£1.70', 'product_additionals': '150g (£1.13 per 100g)'}, {'shop': 'tesco', 'url': 'https://www.tesco.com/groceries/en-GB/products/302301735', 'product_name': 'Counter Belton Farm Port Wine Derby Cheese 200G', 'product_price': '£ 2.20', 'product_additionals': '£11.00/kg'}, {'shop': 'asda', 'url': 'https://groceries.asda.com/product/1000026447891', 'product_name': 'Crisp & Fresh White Wine', 'product_price': '£3.38', 'product_additionals': '75cl'}, {'shop': 'asda', 'url': 'https://groceries.asda.com/product/1000103442641', 'product_name': 'Crisp & Fruity White Wine', 'product_price': '£13.50', 'product_additionals': '3l'}, {'shop': 'asda', 'url': 'https://groceries.asda.com/product/1000224037776', 'product_name': 'Echo Falls Botanical Fusion Raspberry & Lavender Wine', 'product_price': '£3.75', 'product_additionals': '75cl'}, {'shop': 'tesco', 'url': 'https://www.tesco.com/groceries/en-GB/products/306496595', 'product_name': 'Echo Falls Rose Wine & Gin Fusion 750Ml', 'product_price': '£ 8.00', 'product_additionals': '£8.00/75cl'}, {'shop': 'tesco', 'url': 'https://www.tesco.com/groceries/en-GB/products/305972269', 'product_name': 'Eisberg Merlot Alcohol Free Wine 75Cl', 'product_price': '£ 3.50', 'product_additionals': '£3.50/75cl'}, {'shop': 'sains', 'url': 'https://www.sainsburys.co.uk/shop/gb/groceries/product/details/drinks-461878-44/fincaconstancia-tempranillo-organic-75cl', 'product_name': 'Entre Lunas Organic Moon Wine Tempranillo 75cl', 'product_price': '£10.00', 'product_additionals': '£10.00 / 75cl'}, {'shop': 'asda', 'url': 'https://groceries.asda.com/product/910001436644', 'product_name': 'Farmers of Wine Italian Red Blend', 'product_price': '£3.99', 'product_additionals': '75cl'}, {'shop': 'asda', 'url': 'https://groceries.asda.com/product/1000103442704', 'product_name': 'Farmers of Wine Organic White Wine', 'product_price': '£5.00', 'product_additionals': '75cl'}, {'shop': 'sains', 'url': 'https://www.sainsburys.co.uk/shop/gb/groceries/product/details/mfp-dine-in/feuerheerds-anchor-wine-reserva-douro-doc-750ml', 'product_name': "Feuerheerd's Anchor Wine Reserva Douro DOC 750ml", 'product_price': '£11.00', 'product_additionals': '£11.00 / 75cl'}, {'shop': 'asda', 'url': 'https://groceries.asda.com/product/2049932', 'product_name': 'Fre Chardonnay Alcohol-Removed Wine', 'product_price': '£3.25', 'product_additionals': '75cl'}, {'shop': 'asda', 'url': 'https://groceries.asda.com/product/48032969', 'product_name': 'Fre Merlot Alcohol-Removed Wine', 'product_price': '£3.25', 'product_additionals': '75cl'}, {'shop': 'asda', 'url': 'https://groceries.asda.com/product/2049936', 'product_name': 'Fre White Zinfandel Alcohol-Removed Wine', 'product_price': '£3.25', 'product_additionals': '75cl'}, {'shop': 'sains', 'url': 'https://www.sainsburys.co.uk/shop/gb/groceries/product/details/gluten-free-biscuits-and-chocolates/free-from-fellows-wine-gums-70g', 'product_name': 'Free From Fellows Wine Gums 70g', 'product_price': '£1.30', 'product_additionals': '£1.86 / 100g'}, {'shop': 'asda', 'url': 'https://groceries.asda.com/product/910003084395', 'product_name': 'Freixenet Italian Rosé Sparkling Wine and Silver Metallic Flute', 'product_price': '£7.00', 'product_additionals': 'each'}, {'shop': 'asda', 'url': 'https://groceries.asda.com/product/1000103442614', 'product_name': 'Freixenet Italian Rosé Sparkling Wine Miniature', 'product_price': '£4.00', 'product_additionals': '20cl'}, {'shop': 'sains', 'url': 'https://www.sainsburys.co.uk/shop/gb/groceries/product/details/mothers-day-/freixenet-italian-sparkling-rose-extra-dry-wine-75cl', 'product_name': 'Freixenet Italian Sparkling Rose Extra Dry Wine 75cl', 'product_price': '£12.00', 'product_additionals': '£12.00 / 75cl'}, {'shop': 'asda', 'url': 'https://groceries.asda.com/product/1000103442748', 'product_name': 'Freixenet Prosecco D.O.C. Sparkling Wine', 'product_price': '£4.00', 'product_additionals': '20cl'}, {'shop': 'asda', 'url': 'https://groceries.asda.com/product/1000069554483', 'product_name': 'Fresh & Juicy Rosé Wine', 'product_price': '£3.69', 'product_additionals': '75cl'}, {'shop': 'asda', 'url': 'https://groceries.asda.com/product/910001415755', 'product_name': 'Garganega Pinot Grigio Boxed Wine', 'product_price': '£12.50', 'product_additionals': '225 cl'}, {'shop': 'tesco', 'url': 'https://www.tesco.com/groceries/en-GB/products/296861909', 'product_name': "Gem Pays D'oc Rose Wine 75Cl", 'product_price': '£ 8.50', 'product_additionals': '£8.50/75cl'}, {'shop': 'asda', 'url': 'https://groceries.asda.com/product/1000229362604', 'product_name': 'George Home Blue Goblet Wine Glass', 'product_price': '£3.00', 'product_additionals': 'each'}, {'shop': 'asda', 'url': 'https://groceries.asda.com/product/1000177394792', 'product_name': 'George Home Chunky Stemmed Wine Glass', 'product_price': '£7.00', 'product_additionals': '2pk'}, {'shop': 'asda', 'url': 'https://groceries.asda.com/product/1000009738488', 'product_name': 'George Home Clear Wine Glasses', 'product_price': '£1.67', 'product_additionals': '10pk'}, {'shop': 'asda', 'url': 'https://groceries.asda.com/product/1000153285570', 'product_name': 'George Home Faceted Wine Glasses', 'product_price': '£6.00', 'product_additionals': '2pk'}, {'shop': 'asda', 'url': 'https://groceries.asda.com/product/1000009535287', 'product_name': 'George Home Four Lyric Wine Glasses', 'product_price': '£5.00', 'product_additionals': '4pk'}, {'shop': 'asda', 'url': 'https://groceries.asda.com/product/1000229362778', 'product_name': 'George Home Green Goblet Wine Glass', 'product_price': '£3.00', 'product_additionals': 'each'}, {'shop': 'asda', 'url': 'https://groceries.asda.com/product/1000004206948', 'product_name': 'George Home Large Wine Glass', 'product_price': '£0.50', 'product_additionals': 'each'}, {'shop': 'asda', 'url': 'https://groceries.asda.com/product/1000002936265', 'product_name': 'George Home Oil Slick Wine Glasses', 'product_price': '£7.00', 'product_additionals': '2pk'}, {'shop': 'asda', 'url': 'https://groceries.asda.com/product/1000229362705', 'product_name': 'George Home Pink Goblet Wine Glass', 'product_price': '£3.00', 'product_additionals': 'each'}, {'shop': 'asda', 'url': 'https://groceries.asda.com/product/1000153285446', 'product_name': 'George Home Pink Wine Glass', 'product_price': '£4.50', 'product_additionals': '2pk'}, {'shop': 'asda', 'url': 'https://groceries.asda.com/product/1000091960509', 'product_name': 'George Home Pink, White & Gold Wine Not? Bottle Bag & Tag', 'product_price': '£0.90', 'product_additionals': 'each'}, {'shop': 'asda', 'url': 'https://groceries.asda.com/product/1000153285504', 'product_name': 'George Home Santa Wine Glass', 'product_price': '£3.00', 'product_additionals': 'each'}, {'shop': 'asda', 'url': 'https://groceries.asda.com/product/1000153285449', 'product_name': 'George Home Silver Wine Glasses', 'product_price': '£6.00', 'product_additionals': '2pk'}, {'shop': 'asda', 'url': 'https://groceries.asda.com/product/1000229362780', 'product_name': 'George Home Smokey Wine Glasses', 'product_price': '£6.00', 'product_additionals': '2pk'}, {'shop': 'asda', 'url': 'https://groceries.asda.com/product/1000153285420', 'product_name': 'George Home Snowman Wine Glass', 'product_price': '£3.50', 'product_additionals': 'each'}, {'shop': 'asda', 'url': 'https://groceries.asda.com/product/1000229362615', 'product_name': 'George Home Snowscene Wine Glasses', 'product_price': '£6.00', 'product_additionals': '2pk'}, {'shop': 'asda', 'url': 'https://groceries.asda.com/product/1000182530879', 'product_name': 'George Home Twine Ribbon', 'product_price': '£1.00', 'product_additionals': '2m'}, {'shop': 'asda', 'url': 'https://groceries.asda.com/product/1000006616582', 'product_name': 'George Home Two Wine Glasses', 'product_price': '£4.00', 'product_additionals': '2pk'}, {'shop': 'asda', 'url': 'https://groceries.asda.com/product/1000229963430', 'product_name': 'George Home Wine Glass', 'product_price': '£1.50', 'product_additionals': 'each'}, {'shop': 'asda', 'url': 'https://groceries.asda.com/product/1000183742432', 'product_name': 'George Home Wine Glasses - 4pk', 'product_price': '£1.25', 'product_additionals': '4pk'}, {'shop': 'asda', 'url': 'https://groceries.asda.com/product/1000230163904', 'product_name': 'George Home Wine Glasses - 4pk', 'product_price': '£5.00', 'product_additionals': '4pk'}, {'shop': 'tesco', 'url': 'https://www.tesco.com/groceries/en-GB/products/306815864', 'product_name': 'Gluhwein By Felix Solis Mulled Wine 75Cl', 'product_price': '£ 5.50', 'product_additionals': '£5.50/75cl'}, {'shop': 'tesco', 'url': 'https://www.tesco.com/groceries/en-GB/products/299537915', 'product_name': 'Grandeza Aged Red Wine 75Cl', 'product_price': '£ 5.50', 'product_additionals': '£5.50/75cl'}, {'shop': 'tesco', 'url': 'https://www.tesco.com/groceries/en-GB/products/304376844', 'product_name': 'Guigal Cotes Du Rhone Red Wine 750Ml', 'product_price': '£ 10.00', 'product_additionals': '£10.00/75cl'}, {'shop': 'sains', 'url': 'https://www.sainsburys.co.uk/shop/gb/groceries/product/details/chilled-pies/higgidy-slow-cooked-steak--red-wine-250g', 'product_name': 'Higgidy Steak & Red Wine Pie 250g', 'product_price': '£3.70', 'product_additionals': '£1.48 / 100g'}, {'shop': 'sains', 'url': 'https://www.sainsburys.co.uk/shop/gb/groceries/product/details/all-pies-pasties-quiche/higgidy-slow-cooked-steak--red-wine-250g', 'product_name': 'Higgidy Steak & Red Wine Pie 250g', 'product_price': '£3.70', 'product_additionals': '£1.48 / 100g'}, {'shop': 'tesco', 'url': 'https://www.tesco.com/groceries/en-GB/products/283086082', 'product_name': 'Homepride Red Wine Can 400G', 'product_price': '£ 1.50', 'product_additionals': '£0.38/100g'}, {'shop': 'asda', 'url': 'https://groceries.asda.com/product/910001446828', 'product_name': 'Homepride White Wine & Cream Cooking Sauce', 'product_price': '£1.50', 'product_additionals': '400g'}, {'shop': 'tesco', 'url': 'https://www.tesco.com/groceries/en-GB/products/283085990', 'product_name': 'Homepride White Wine Can 400G', 'product_price': '£ 1.50', 'product_additionals': '£0.38/100g'}, {'shop': 'asda', 'url': 'https://groceries.asda.com/product/1000052456707', 'product_name': 'Homepride White Wine Cooking Sauce', 'product_price': '£1.00', 'product_additionals': '485g'}, {'shop': 'tesco', 'url': 'https://www.tesco.com/groceries/en-GB/products/280302900', 'product_name': 'Isla Negra Sauvignon Blanc Px Wine 2.25Ltr', 'product_price': '£ 14.50', 'product_additionals': '£4.84/75cl'}, {'shop': 'sains', 'url': 'https://www.sainsburys.co.uk/shop/gb/groceries/product/details/pub-food-and-drink/jacobs-creek-double-barrel-shiraz-75cl', 'product_name': "Jacob's Creek Double Barrel Matured Shiraz Red Wine 75cl", 'product_price': '£10.00', 'product_additionals': '£10.00 / 75cl'}, {'shop': 'asda', 'url': 'https://groceries.asda.com/product/1000175064062', 'product_name': 'Kakapo White Wine', 'product_price': '£6.00', 'product_additionals': '75cl'}, {'shop': 'tesco', 'url': 'https://www.tesco.com/groceries/en-GB/products/250118041', 'product_name': 'Kedem Kiddush Wine 750Ml', 'product_price': '£ 7.50', 'product_additionals': '£7.50/75cl'}, {'shop': 'tesco', 'url': 'https://www.tesco.com/groceries/en-GB/products/306814208', 'product_name': 'Kylie Minogue Merlot Wine 75Cl', 'product_price': '£ 7.00', 'product_additionals': '£7.00/75cl'}, {'shop': 'tesco', 'url': 'https://www.tesco.com/groceries/en-GB/products/304789436', 'product_name': 'La Vieille Ferme Red Wine 750Ml', 'product_price': '£ 7.50', 'product_additionals': '£7.50/75cl'}, {'shop': 'tesco', 'url': 'https://www.tesco.com/groceries/en-GB/products/305986754', 'product_name': 'La Vieille Ferme Rose Wine 750Ml', 'product_price': '£ 7.50', 'product_additionals': '£7.50/75cl'}, {'shop': 'tesco', 'url': 'https://www.tesco.com/groceries/en-GB/products/304402722', 'product_name': 'La Vieille Ferme White Wine 750Ml', 'product_price': '£ 7.50', 'product_additionals': '£7.50/75cl'}, {'shop': 'tesco', 'url': 'https://www.tesco.com/groceries/en-GB/products/306647953', 'product_name': 'Latis Reserve Malbec Wine 750Ml', 'product_price': '£ 8.00', 'product_additionals': '£8.00/75cl'}, {'shop': 'sains', 'url': 'https://www.sainsburys.co.uk/shop/gb/groceries/product/details/new-trending-special-offers/linda-mccartneys-vegetarian-beef-roast-with-red-wine-shallot-glaze-500g', 'product_name': "Linda McCartney's Vegetarian Beef Roast with Red Wine & Shallot Glaze 500g", 'product_price': '£4.00', 'product_additionals': '£8.00 / kg'}, {'shop': 'tesco', 'url': 'https://www.tesco.com/groceries/en-GB/products/305978931', 'product_name': 'Love Beets White Wine & Balsamic Beetroot 180G', 'product_price': '£ 1.00', 'product_additionals': '£5.56/kg'}, {'shop': 'asda', 'url': 'https://groceries.asda.com/product/1696965', 'product_name': 'Loyd Grossman Tomato & Red Wine Pasta Sauce', 'product_price': '£1.98', 'product_additionals': '350g'}, {'shop': 'asda', 'url': 'https://groceries.asda.com/product/910003137551', 'product_name': 'Lugana Italian Wine', 'product_price': '£8.50', 'product_additionals': '75cl'}, {'shop': 'tesco', 'url': 'https://www.tesco.com/groceries/en-GB/products/306502825', 'product_name': 'Mad Fish Shiraz Wine 75Cl', 'product_price': '£ 7.00', 'product_additionals': '£7.00/75cl'}, {'shop': 'asda', 'url': 'https://groceries.asda.com/product/18968', 'product_name': 'Martini Asti Sparkling Wine', 'product_price': '£8.00', 'product_additionals': '75cl'}, {'shop': 'asda', 'url': 'https://groceries.asda.com/product/1000074602460', 'product_name': 'Martini Rose Extra Dry Sparkling Wine', 'product_price': '£10.00', 'product_additionals': '75cl'}, {'shop': 'asda', 'url': 'https://groceries.asda.com/product/910000333624', 'product_name': 'Martini Rose Sparkling Wine', 'product_price': '£7.00', 'product_additionals': '75cl'}, {'shop': 'tesco', 'url': 'https://www.tesco.com/groceries/en-GB/products/253313847', 'product_name': 'Mavrodaphni Of Patra Sweet Red Wine 75Cl', 'product_price': '£ 6.00', 'product_additionals': '£6.00/75cl'}, {'shop': 'asda', 'url': 'https://groceries.asda.com/product/910002046868', 'product_name': 'Maybelline Color Sensational Matte Lipstick 975 Divine Wine', 'product_price': '£7.00', 'product_additionals': '53g'}, {'shop': 'asda', 'url': 'https://groceries.asda.com/product/910002933611', 'product_name': 'Maybelline Color Sensational Shaping Lip Liner 110 Rich Wine', 'product_price': '£4.00', 'product_additionals': '6g'}, {'shop': 'asda', 'url': 'https://groceries.asda.com/product/910000868672', 'product_name': 'Maybelline New York Forever Strong Pro 265 Divine Wine', 'product_price': '£4.45', 'product_additionals': '10ml'}, {'shop': 'asda', 'url': 'https://groceries.asda.com/product/1000072843092', 'product_name': 'Maynards Bassetts Frosted Wine Gums', 'product_price': '£1.00', 'product_additionals': '165g'}, {'shop': 'tesco', 'url': 'https://www.tesco.com/groceries/en-GB/products/297745879', 'product_name': 'Maynards Bassetts Wine Gums 400G', 'product_price': '£ 2.50', 'product_additionals': '£0.62/100g'}, {'shop': 'tesco', 'url': 'https://www.tesco.com/groceries/en-GB/products/293418692', 'product_name': 'Maynards Bassetts Wine Gums 400G', 'product_price': '£ 2.00', 'product_additionals': '£0.50/100g'}, {'shop': 'asda', 'url': 'https://groceries.asda.com/product/910000539236', 'product_name': 'Maynards Bassetts Wine Gums Bag Sweets Bag', 'product_price': '£1.00', 'product_additionals': '190g'}, {'shop': 'asda', 'url': 'https://groceries.asda.com/product/1000003093476', 'product_name': 'Maynards Bassetts Wine Gums Carton', 'product_price': '£1.75', 'product_additionals': '400g'}, {'shop': 'asda', 'url': 'https://groceries.asda.com/product/1000072843059', 'product_name': 'Maynards Bassetts Wine Gums Frosted Snowman Jar', 'product_price': '£3.50', 'product_additionals': '495g'}, {'shop': 'sains', 'url': 'https://www.sainsburys.co.uk/shop/gb/groceries/product/details/price-lock-food-cupboard/maynards-wine-gums-red-n-blacks-sweets-bag-165g', 'product_name': "Maynards Bassetts Wine Gums Red n' Blacks Sweets Bag 165g", 'product_price': '£1.00', 'product_additionals': '61p / 100g'}, {'shop': 'coop', 'url': 'https://www.coop.co.uk/products/maynards-bassetts-wine-gums-sweets-bag-190g', 'product_name': 'Maynards Bassetts Wine Gums Sweets Bag 190g', 'product_price': '£1.60', 'product_additionals': '190g (84.2p per 100g)'}, {'shop': 'tesco', 'url': 'https://www.tesco.com/groceries/en-GB/products/295703374', 'product_name': 'Maynards Bassetts Wine Gums Tangy 165G', 'product_price': '£ 1.00', 'product_additionals': '£0.61/100g'}, {'shop': 'asda', 'url': 'https://groceries.asda.com/product/910003061861', 'product_name': 'Maynards Bassetts Wine Gums Tangy Sweets Bag', 'product_price': '£1.00', 'product_additionals': '165g'}, {'shop': 'tesco', 'url': 'https://www.tesco.com/groceries/en-GB/products/272493080', 'product_name': 'Maynards Wine Gums 190G', 'product_price': '£ 1.00', 'product_additionals': '£0.53/100g'}, {'shop': 'tesco', 'url': 'https://www.tesco.com/groceries/en-GB/products/304791628', 'product_name': 'Miraval Provence Rose Wine 750Ml', 'product_price': '£ 15.00', 'product_additionals': '£15.00/75cl'}, {'shop': 'tesco', 'url': 'https://www.tesco.com/groceries/en-GB/products/306800737', 'product_name': 'Old Westminster Reserve Cream * Fortified British Wine 70Cl', 'product_price': '£ 4.00', 'product_additionals': '£4.29/75cl'}, {'shop': 'asda', 'url': 'https://groceries.asda.com/product/2215673223467', 'product_name': 'Our Summer Wine Picks', 'product_price': '£32.00', 'product_additionals': 'No weight data'}, {'shop': 'asda', 'url': 'https://groceries.asda.com/product/1000061868355', 'product_name': 'Oxo Stock Pot Red Wine', 'product_price': '£1.00', 'product_additionals': '4x20g'}, {'shop': 'tesco', 'url': 'https://www.tesco.com/groceries/en-GB/products/305968769', 'product_name': 'Paco By Paco & Lola Tempranillo Wine 750Ml', 'product_price': '£ 10.00', 'product_additionals': '£10.00/75cl'}, {'shop': 'asda', 'url': 'https://groceries.asda.com/product/1000103442746', 'product_name': 'Pendium Moscato Sparkling Wine', 'product_price': '£5.00', 'product_additionals': '75cl'}, {'shop': 'asda', 'url': 'https://groceries.asda.com/product/1000103442752', 'product_name': 'Pendium Rosé Sparkling Wine', 'product_price': '£7.00', 'product_additionals': '75cl'}, {'shop': 'sains', 'url': 'https://www.sainsburys.co.uk/shop/gb/groceries/product/details/all-vegan-products/pieminister-kevin-a-mushroom-tomato-and-red-wine-pie-with-baby-onions-and-thyme-270g', 'product_name': 'Pieminister Kevin A Mushroom, Tomato and Red Wine Pie with Baby Onions and Thyme 270g', 'product_price': '£3.25', 'product_additionals': '£1.20 / 100g'}, {'shop': 'sains', 'url': 'https://www.sainsburys.co.uk/shop/gb/groceries/product/details/special-offers-on-vegetarian-and-vegan/pieminister-kevin-a-mushroom-tomato-and-red-wine-pie-with-baby-onions-and-thyme-270g', 'product_name': 'Pieminister Kevin A Mushroom, Tomato and Red Wine Pie with Baby Onions and Thyme 270g', 'product_price': '£3.25', 'product_additionals': '£1.20 / 100g'}, {'shop': 'sains', 'url': 'https://www.sainsburys.co.uk/shop/gb/groceries/product/details/special-offers-454372-44/pieminister-kevin-a-mushroom-tomato-and-red-wine-pie-with-baby-onions-and-thyme-270g', 'product_name': 'Pieminister Kevin A Mushroom, Tomato and Red Wine Pie with Baby Onions and Thyme 270g', 'product_price': '£3.25', 'product_additionals': '£1.20 / 100g'}, {'shop': 'sains', 'url': 'https://www.sainsburys.co.uk/shop/gb/groceries/product/details/all-pies-pasties-quiche/pieminister-kevin-a-mushroom-tomato-and-red-wine-pie-with-baby-onions-and-thyme-270g', 'product_name': 'Pieminister Kevin A Mushroom, Tomato and Red Wine Pie with Baby Onions and Thyme 270g', 'product_price': '£3.25', 'product_additionals': '£1.20 / 100g'}, {'shop': 'tesco', 'url': 'https://www.tesco.com/groceries/en-GB/products/306662491', 'product_name': 'Porta 6 Lisboa Red Wine 750Ml', 'product_price': '£ 7.50', 'product_additionals': '£7.50/75cl'}, {'shop': 'asda', 'url': 'https://groceries.asda.com/product/1000008144900', 'product_name': 'Priogrigio Italian Sparkling Wine', 'product_price': '£5.00', 'product_additionals': '75cl'}, {'shop': 'tesco', 'url': 'https://www.tesco.com/groceries/en-GB/products/306503980', 'product_name': 'Prophecy Rose Wine 75Cl', 'product_price': '£ 8.00', 'product_additionals': '£8.00/75cl'}, {'shop': 'tesco', 'url': 'https://www.tesco.com/groceries/en-GB/products/307337898', 'product_name': 'Pukka Just For Two Steak & Red Wine Pie', 'product_price': '£ 3.00', 'product_additionals': '£3.00/each'}, {'shop': 'sains', 'url': 'https://www.sainsburys.co.uk/shop/gb/groceries/product/details/chilled-ready-meals-for-two-or-more/pukka-pie-steak-450g', 'product_name': 'Pukka Just For Two Steak & Red Wine Pie 450g', 'product_price': '£2.50', 'product_additionals': '56p / 100g'}, {'shop': 'asda', 'url': 'https://groceries.asda.com/product/1000234166673', 'product_name': 'Pukka Steak & Red Wine Pie', 'product_price': '£2.00', 'product_additionals': '450g'}, {'shop': 'tesco', 'url': 'https://www.tesco.com/groceries/en-GB/products/306029844', 'product_name': 'Recyclable Plastic Wine Glasses 8Pk', 'product_price': '£ 2.00', 'product_additionals': '£0.25/each'}, {'shop': 'asda', 'url': 'https://groceries.asda.com/product/2215673313467', 'product_name': 'Red Wine & Dark Chocolate Bundle', 'product_price': '£11.00', 'product_additionals': 'No weight data'}, {'shop': 'tesco', 'url': 'https://www.tesco.com/groceries/en-GB/products/297618909', 'product_name': 'Red Wine And Stemless Glasses Gift Set', 'product_price': '£ 12.00', 'product_additionals': '£12.00/each'}, {'shop': 'asda', 'url': 'https://groceries.asda.com/product/1000072340609', 'product_name': 'Refined & Elegant Wine Chardonnay', 'product_price': '£11.99', 'product_additionals': '225cl'}, {'shop': 'asda', 'url': 'https://groceries.asda.com/product/1000072340547', 'product_name': 'Refined & Elegant Wine Merlot', 'product_price': '£12.50', 'product_additionals': '225cl'}, {'shop': 'asda', 'url': 'https://groceries.asda.com/product/1000103442779', 'product_name': 'Rich & Fruity Red Wine', 'product_price': '£13.50', 'product_additionals': '3l'}, {'shop': 'asda', 'url': 'https://groceries.asda.com/product/1000061357292', 'product_name': 'Rich & Ripe Red Wine', 'product_price': '£3.69', 'product_additionals': '75cl'}, {'shop': 'asda', 'url': 'https://groceries.asda.com/product/910003001210', 'product_name': 'Rose Blush Refined & Elegant Boxed Wine', 'product_price': '£11.00', 'product_additionals': '2.25l'}, {'shop': 'sains', 'url': 'https://www.sainsburys.co.uk/shop/gb/groceries/product/details/top-rated-44/sainsburys-alcohol-free-sparkling-wine-75cl', 'product_name': "Sainsbury's Alcohol Free Sparkling Wine 75cl", 'product_price': '£2.75', 'product_additionals': '£2.75 / 75cl'}, {'shop': 'sains', 'url': 'https://www.sainsburys.co.uk/shop/gb/groceries/product/details/easter-special-offers/sainsburys-alcohol-free-sparkling-wine-75cl', 'product_name': "Sainsbury's Alcohol Free Sparkling Wine 75cl", 'product_price': '£2.75', 'product_additionals': '£2.75 / 75cl'}, {'shop': 'sains', 'url': 'https://www.sainsburys.co.uk/shop/gb/groceries/product/details/no-alcohol-drink/sainsburys-alcohol-free-sparkling-wine-75cl', 'product_name': "Sainsbury's Alcohol Free Sparkling Wine 75cl", 'product_price': '£2.75', 'product_additionals': '£2.75 / 75cl'}, {'shop': 'sains', 'url': 'https://www.sainsburys.co.uk/shop/gb/groceries/product/details/roast-accompaniments/sainsburys-beef-gravy--taste-the-difference-450g', 'product_name': "Sainsbury's Beef & Red Wine Gravy 450g", 'product_price': '£3.15', 'product_additionals': '70p / 100g'}, {'shop': 'sains', 'url': 'https://www.sainsburys.co.uk/shop/gb/groceries/product/details/dairy-chilled-new/sainsburys-cheese-wine-taste-the-difference', 'product_name': "Sainsbury's Cheese & Wine Gift, Taste the Difference", 'product_price': '£2.68', 'product_additionals': '£2.68 / ea'}, {'shop': 'sains', 'url': 'https://www.sainsburys.co.uk/shop/gb/groceries/product/details/dairy-all-cheese/sainsburys-cheese-wine-taste-the-difference', 'product_name': "Sainsbury's Cheese & Wine Gift, Taste the Difference", 'product_price': '£2.68', 'product_additionals': '£2.68 / ea'}, {'shop': 'sains', 'url': 'https://www.sainsburys.co.uk/shop/gb/groceries/product/details/chilled-ready-meals-for-one/sainsburys-chicken-in-white-wine-with-mash-450g', 'product_name': "Sainsbury's Chicken In White Wine With Mash 450g (Serves 1)", 'product_price': '£3.00', 'product_additionals': '£6.67 / kg'}, {'shop': 'sains', 'url': 'https://www.sainsburys.co.uk/shop/gb/groceries/product/details/all-ready-meals-/sainsburys-chicken-in-white-wine-with-mash-450g', 'product_name': "Sainsbury's Chicken In White Wine With Mash 450g (Serves 1)", 'product_price': '£3.00', 'product_additionals': '£6.67 / kg'}, {'shop': 'sains', 'url': 'https://www.sainsburys.co.uk/shop/gb/groceries/product/details/all-ready-meals-/sainsburys-chicken-white-wine-with-rice-400g', 'product_name': "Sainsbury's Classics Chicken in a Mushroom & White Wine Sauce 400g (Serves 1)", 'product_price': '£2.80', 'product_additionals': '£7.00 / kg'}, {'shop': 'sains', 'url': 'https://www.sainsburys.co.uk/shop/gb/groceries/product/details/special-offers-454372-44/sainsburys-creamy-garlic-chicken-in-a-creamy-garlic-white-wine-sauce-taste-the-difference-800g', 'product_name': "Sainsbury's Creamy Garlic Chicken in a Creamy Garlic & White Wine Sauce, Taste the Difference 800g", 'product_price': '£6.00', 'product_additionals': '£7.50 / kg'}, {'shop': 'sains', 'url': 'https://www.sainsburys.co.uk/shop/gb/groceries/product/details/all-price-lock/sainsburys-ginger-wine-70cl', 'product_name': "Sainsbury's Ginger Wine 70cl", 'product_price': '£3.50', 'product_additionals': '£3.75 / 75cl'}, {'shop': 'sains', 'url': 'https://www.sainsburys.co.uk/shop/gb/groceries/product/details/new-355373-44/sainsburys-home-fridge-wine-holder-134549429-p', 'product_name': "Sainsbury's Home Fridge Wine Holder", 'product_price': '£3.50', 'product_additionals': '£3.50 / ea'}, {'shop': 'sains', 'url': 'https://www.sainsburys.co.uk/shop/gb/groceries/product/details/new-355373-44/sainsburys-home-newstalgia-wire-wine-rack-133557161-p', 'product_name': "Sainsbury's Home Newstalgia Wire Wine Rack", 'product_price': '£10.00', 'product_additionals': '£10.00 / ea'}, {'shop': 'sains', 'url': 'https://www.sainsburys.co.uk/shop/gb/groceries/product/details/ready-meals-special-offers/sainsburys-scottish-mussels-in-white-wine-500g', 'product_name': "Sainsbury's Scottish Mussels In White Wine 500g (Serves 2)", 'product_price': '£2.00', 'product_additionals': '£4.00 / kg'}, {'shop': 'sains', 'url': 'https://www.sainsburys.co.uk/shop/gb/groceries/product/details/mfp-dine-in/sainsburys-scottish-mussels-in-white-wine-500g', 'product_name': "Sainsbury's Scottish Mussels In White Wine 500g (Serves 2)", 'product_price': '£2.00', 'product_additionals': '£4.00 / kg'}, {'shop': 'sains', 'url': 'https://www.sainsburys.co.uk/shop/gb/groceries/product/details/all-beef/sainsburys-slow-cooked-british-beef-shin-casserole-in-a-rich-beef-red-wine-gravy-1kg', 'product_name': "Sainsbury's Slow Cooked British Beef Shin Casserole in a Rich Beef & Red Wine Gravy 1kg", 'product_price': '£9.00', 'product_additionals': '£9.00 / kg'}, {'shop': 'sains', 'url': 'https://www.sainsburys.co.uk/shop/gb/groceries/product/details/meat-fish-bigger-packs/sainsburys-slow-cooked-british-beef-shin-casserole-in-a-rich-beef-red-wine-gravy-1kg', 'product_name': "Sainsbury's Slow Cooked British Beef Shin Casserole in a Rich Beef & Red Wine Gravy 1kg", 'product_price': '£9.00', 'product_additionals': '£9.00 / kg'}, {'shop': 'sains', 'url': 'https://www.sainsburys.co.uk/shop/gb/groceries/product/details/all-chicken-44/sainsburys-slow-cook-chicken-casserole-525g', 'product_name': "Sainsbury's Slow Cooked British Chicken Casserole with Red Wine, Mushrooms & Smoked Bacon 525g (Serves 2)", 'product_price': '£5.00', 'product_additionals': '£9.52 / kg'}, {'shop': 'sains', 'url': 'https://www.sainsburys.co.uk/shop/gb/groceries/product/details/discover-build-a-roast/sainsburys-2-lamb-shanks-in-red-wine-750g', 'product_name': "Sainsbury's Slow Cooked Lamb Shanks with a Red Wine & Rosemary Gravy x2 750g", 'product_price': '£6.00', 'product_additionals': '£8.00 / kg'}, {'shop': 'sains', 'url': 'https://www.sainsburys.co.uk/shop/gb/groceries/product/details/all-organic-/sainsburys-white-wine-vinegar--so-organic-500ml', 'product_name': "Sainsbury's White Wine Vinegar, SO Organic 500ml", 'product_price': '£1.60', 'product_additionals': '£3.20 / ltr'}, {'shop': 'sains', 'url': 'https://www.sainsburys.co.uk/shop/gb/groceries/product/details/price-lock-drinks/sainsburys-medium-dry-amontillado-sherry-1l', 'product_name': "Sainsbury's Winemaker's Selection Medium Dry A Blend of Amontillado Sherry 1 Litre", 'product_price': '£7.30', 'product_additionals': '£5.48 / 75cl'}, {'shop': 'sains', 'url': 'https://www.sainsburys.co.uk/shop/gb/groceries/product/details/all-price-lock/sainsburys-medium-dry-amontillado-sherry-1l', 'product_name': "Sainsbury's Winemaker's Selection Medium Dry A Blend of Amontillado Sherry 1 Litre", 'product_price': '£7.30', 'product_additionals': '£5.48 / 75cl'}, {'shop': 'sains', 'url': 'https://www.sainsburys.co.uk/shop/gb/groceries/product/details/all-price-lock/sainsburys-sweet-rich-cream-sherry-1l-111157-p-44', 'product_name': "Sainsbury's Winemaker's Selection Sweet Rich Cream Sherry 1 Litre", 'product_price': '£7.30', 'product_additionals': '£5.48 / 75cl'}, {'shop': 'sains', 'url': 'https://www.sainsburys.co.uk/shop/gb/groceries/product/details/price-lock-drinks/sainsburys-winemakers-cream-british-fortified-wine-1l', 'product_name': "Sainsbury's Winemakers' Selection Cream British Fortified Wine 1L", 'product_price': '£5.50', 'product_additionals': '£4.13 / 75cl'}, {'shop': 'sains', 'url': 'https://www.sainsburys.co.uk/shop/gb/groceries/product/details/all-price-lock/sainsburys-winemakers-cream-british-fortified-wine-1l', 'product_name': "Sainsbury's Winemakers' Selection Cream British Fortified Wine 1L", 'product_price': '£5.50', 'product_additionals': '£4.13 / 75cl'}, {'shop': 'sains', 'url': 'https://www.sainsburys.co.uk/shop/gb/groceries/product/details/price-lock-drinks/sainsburys-winemakers-pale-cream-british-fortified-wine-1l', 'product_name': "Sainsbury's Winemakers' Selection Pale Cream British Fortified Wine 1L", 'product_price': '£5.50', 'product_additionals': '£4.13 / 75cl'}, {'shop': 'sains', 'url': 'https://www.sainsburys.co.uk/shop/gb/groceries/product/details/all-price-lock/sainsburys-winemakers-pale-cream-british-fortified-wine-1l', 'product_name': "Sainsbury's Winemakers' Selection Pale Cream British Fortified Wine 1L", 'product_price': '£5.50', 'product_additionals': '£4.13 / 75cl'}, {'shop': 'asda', 'url': 'https://groceries.asda.com/product/1000247684468', 'product_name': 'Sally Hansen Insta-Dri Nail Polish Just in Wine', 'product_price': '£4.95', 'product_additionals': '9ml'}, {'shop': 'asda', 'url': 'https://groceries.asda.com/product/910002958466', 'product_name': 'Sally Hansen Miracle Gel Step 1 480 Wine Stock', 'product_price': '£8.00', 'product_additionals': '14.7ml'}, {'shop': 'asda', 'url': 'https://groceries.asda.com/product/910001415219', 'product_name': 'Sauvignon Blanc Boxed Wine', 'product_price': '£12.50', 'product_additionals': '225 cl'}, {'shop': 'tesco', 'url': 'https://www.tesco.com/groceries/en-GB/products/256755198', 'product_name': 'Schwartz Fish French White Wine& Tarrogan Sauce 300G', 'product_price': '£ 2.20', 'product_additionals': '£0.73/100g'}, {'shop': 'asda', 'url': 'https://groceries.asda.com/product/1000000380407', 'product_name': 'Schwartz For Fish White Wine & Tarragon Sauce', 'product_price': '£2.20', 'product_additionals': '300g'}, {'shop': 'asda', 'url': 'https://groceries.asda.com/product/1000029522373', 'product_name': 'Schwartz Mulled Wine Spice 6 Sachets', 'product_price': '£1.65', 'product_additionals': '18g'}, {'shop': 'tesco', 'url': 'https://www.tesco.com/groceries/en-GB/products/268004390', 'product_name': 'Schwartz Slow Cookers Chicken In Red Wine 35G', 'product_price': '£ 0.65', 'product_additionals': '£1.86/100g'}, {'shop': 'asda', 'url': 'https://groceries.asda.com/product/910000363936', 'product_name': 'Schwartz Slow Cookers Chicken in Red Wine Recipe Mix', 'product_price': '£0.85', 'product_additionals': '35g'}, {'shop': 'asda', 'url': 'https://groceries.asda.com/product/910001415295', 'product_name': 'Shiraz Wine Boxed', 'product_price': '£11.99', 'product_additionals': '225 cl'}, {'shop': 'tesco', 'url': 'https://www.tesco.com/groceries/en-GB/products/301839302', 'product_name': 'Slim Zero Sugar Sparkling White Wine 75Cl', 'product_price': '£ 8.00', 'product_additionals': '£8.00/75cl'}, {'shop': 'asda', 'url': 'https://groceries.asda.com/product/1000026447837', 'product_name': 'Smooth & Fruity Rose Wine', 'product_price': '£3.39', 'product_additionals': '75cl'}, {'shop': 'asda', 'url': 'https://groceries.asda.com/product/910001415458', 'product_name': 'Soave White Boxed Wine', 'product_price': '£12.50', 'product_additionals': '225 cl'}, {'shop': 'asda', 'url': 'https://groceries.asda.com/product/1000026447571', 'product_name': 'Soft & Juicy Red Wine', 'product_price': '£3.39', 'product_additionals': '75cl'}, {'shop': 'asda', 'url': 'https://groceries.asda.com/product/389117', 'product_name': 'Stones Original Green Ginger Wine', 'product_price': '£6.50', 'product_additionals': '70cl'}, {'shop': 'tesco', 'url': 'https://www.tesco.com/groceries/en-GB/products/255247726', 'product_name': 'Stones Original Green Ginger Wine 70Cl', 'product_price': '£ 6.50', 'product_additionals': '£6.97/75cl'}, {'shop': 'tesco', 'url': 'https://www.tesco.com/groceries/en-GB/products/304797714', 'product_name': 'Studio By Miraval Mediterranean Rose Wine 750Ml', 'product_price': '£ 12.00', 'product_additionals': '£12.00/75cl'}, {'shop': 'tesco', 'url': 'https://www.tesco.com/groceries/en-GB/products/276844949', 'product_name': 'Taijade Shaohsing Rice Wine 600Ml', 'product_price': '£ 6.50', 'product_additionals': '£1.09/100ml'}, {'shop': 'tesco', 'url': 'https://www.tesco.com/groceries/en-GB/products/293458420', 'product_name': 'Tesco 12 Beef & Red Wine Lattices 360G', 'product_price': '£ 2.00', 'product_additionals': '£0.56/100g'}, {'shop': 'tesco', 'url': 'https://www.tesco.com/groceries/en-GB/products/299803088', 'product_name': 'Tesco 2X Lamb Shanks In Red Wine Gravy 780G', 'product_price': '£ 7.80', 'product_additionals': '£10.00/kg'}, {'shop': 'tesco', 'url': 'https://www.tesco.com/groceries/en-GB/products/267056133', 'product_name': 'Tesco Finest Beef & Red Wine Gravy 500G', 'product_price': '£ 2.10', 'product_additionals': '£0.42/100g'}, {'shop': 'tesco', 'url': 'https://www.tesco.com/groceries/en-GB/products/305961870', 'product_name': 'Tesco Finest Beef Mushroom & Red Wine Ravioli 250G', 'product_price': '£ 3.00', 'product_additionals': '£12.00/kg'}, {'shop': 'tesco', 'url': 'https://www.tesco.com/groceries/en-GB/products/304400413', 'product_name': 'Tesco Finest Steak & Red Wine Gravy Pie 500G', 'product_price': '£ 4.50', 'product_additionals': '£0.90/100g'}, {'shop': 'tesco', 'url': 'https://www.tesco.com/groceries/en-GB/products/282187116', 'product_name': 'Tesco Fruity Red Bag In Box Wine 3 Litres', 'product_price': '£ 14.50', 'product_additionals': '£3.63/75cl'}, {'shop': 'tesco', 'url': 'https://www.tesco.com/groceries/en-GB/products/280117722', 'product_name': 'Tesco Fruity Red Wine 75Cl', 'product_price': '£ 2.99', 'product_additionals': '£2.99/75cl'}, {'shop': 'tesco', 'url': 'https://www.tesco.com/groceries/en-GB/products/255247012', 'product_name': 'Tesco Full Cream Fortified British Wine 1L.', 'product_price': '£ 5.50', 'product_additionals': '£4.13/75cl'}, {'shop': 'tesco', 'url': 'https://www.tesco.com/groceries/en-GB/products/255247605', 'product_name': 'Tesco Green Ginger Wine 70Cl Bottle', 'product_price': '£ 3.50', 'product_additionals': '£3.75/75cl'}, {'shop': 'tesco', 'url': 'https://www.tesco.com/groceries/en-GB/products/299649869', 'product_name': 'Tesco Italian Rose Blush Wine 2.25L', 'product_price': '£ 12.50', 'product_additionals': '£4.17/75cl'}, {'shop': 'tesco', 'url': 'https://www.tesco.com/groceries/en-GB/products/305040497', 'product_name': 'Tesco King Prawns & Mussels In Wine Garlic Sauce 450G', 'product_price': '£ 3.50', 'product_additionals': '£7.78/kg'}, {'shop': 'tesco', 'url': 'https://www.tesco.com/groceries/en-GB/products/291695019', 'product_name': 'Tesco Lamb Shanks With Red Wine Gravy 450G', 'product_price': '£ 4.50', 'product_additionals': '£10.00/kg'}, {'shop': 'tesco', 'url': 'https://www.tesco.com/groceries/en-GB/products/304852966', 'product_name': 'Tesco Large Stemless Wine Glass 4 Pack', 'product_price': '£ 5.00', 'product_additionals': '£1.25/each'}, {'shop': 'tesco', 'url': 'https://www.tesco.com/groceries/en-GB/products/280048158', 'product_name': 'Tesco Liebfraumilch 2.25L Wine Box', 'product_price': '£ 11.90', 'product_additionals': '£3.97/75cl'}, {'shop': 'tesco', 'url': 'https://www.tesco.com/groceries/en-GB/products/298040346', 'product_name': 'Tesco Low Alcohol Sparkling White Wine 75Cl', 'product_price': '£ 2.75', 'product_additionals': '£2.75/75cl'}, {'shop': 'tesco', 'url': 'https://www.tesco.com/groceries/en-GB/products/255247035', 'product_name': 'Tesco Medium Dry Fortified British Wine 1L.', 'product_price': '£ 5.50', 'product_additionals': '£4.13/75cl'}, {'shop': 'tesco', 'url': 'https://www.tesco.com/groceries/en-GB/products/250291225', 'product_name': 'Tesco Mulled Wine 75Cl', 'product_price': '£ 3.00', 'product_additionals': '£3.00/75cl'}, {'shop': 'tesco', 'url': 'https://www.tesco.com/groceries/en-GB/products/255247058', 'product_name': 'Tesco Pale Cream Fortified British Wine 1L.', 'product_price': '£ 5.50', 'product_additionals': '£4.13/75cl'}, {'shop': 'tesco', 'url': 'https://www.tesco.com/groceries/en-GB/products/289037439', 'product_name': 'Tesco Red Wine Stock Pots 4 Pack 112G', 'product_price': '£ 1.30', 'product_additionals': '£1.17/100g'}, {'shop': 'tesco', 'url': 'https://www.tesco.com/groceries/en-GB/products/260511660', 'product_name': 'Tesco Red Wine Vinegar 350Ml', 'product_price': '£ 0.80', 'product_additionals': '£0.23/100ml'}, {'shop': 'tesco', 'url': 'https://www.tesco.com/groceries/en-GB/products/262677834', 'product_name': 'Tesco Rice Wine Vinegar 150Ml', 'product_price': '£ 2.00', 'product_additionals': '£13.34/litre'}, {'shop': 'tesco', 'url': 'https://www.tesco.com/groceries/en-GB/products/275114905', 'product_name': 'Tesco Shaoxing Rice Wine 150Ml', 'product_price': '£ 3.00', 'product_additionals': '£2.00/100ml'}, {'shop': 'tesco', 'url': 'https://www.tesco.com/groceries/en-GB/products/295953716', 'product_name': 'Tesco Timeless Classic Wine Glass 4 Pack', 'product_price': '£ 5.00', 'product_additionals': '£1.25/each'}, {'shop': 'tesco', 'url': 'https://www.tesco.com/groceries/en-GB/products/299425086', 'product_name': 'Tesco Trebbiano Pinot Grigio Wine Box 2.25L', 'product_price': '£ 12.50', 'product_additionals': '£4.17/75cl'}, {'shop': 'tesco', 'url': 'https://www.tesco.com/groceries/en-GB/products/306805536', 'product_name': 'Tesco White Wine Scottish Mussels 500G', 'product_price': '£ 2.20', 'product_additionals': '£4.40/kg'}, {'shop': 'tesco', 'url': 'https://www.tesco.com/groceries/en-GB/products/289037468', 'product_name': 'Tesco White Wine Stock Pots 4 Pack 112G', 'product_price': '£ 1.30', 'product_additionals': '£1.17/100g'}, {'shop': 'tesco', 'url': 'https://www.tesco.com/groceries/en-GB/products/260511700', 'product_name': 'Tesco White Wine Vinegar 350Ml', 'product_price': '£ 0.80', 'product_additionals': '£0.23/100ml'}, {'shop': 'tesco', 'url': 'https://www.tesco.com/groceries/en-GB/products/256582494', 'product_name': 'Tesco Wine Gums 250G', 'product_price': '£ 0.75', 'product_additionals': '£0.30/100g'}, {'shop': 'tesco', 'url': 'https://www.tesco.com/groceries/en-GB/products/301745129', 'product_name': 'The Fair Mile Fair Trade Red Wine 75Cl', 'product_price': '£ 5.00', 'product_additionals': '£5.00/75cl'}, {'shop': 'asda', 'url': 'https://groceries.asda.com/product/910001814119', 'product_name': 'The Wine Atlas Feteasca Regala', 'product_price': '£5.25', 'product_additionals': '75cl'}, {'shop': 'asda', 'url': 'https://groceries.asda.com/product/910002989420', 'product_name': 'The Wine Atlas Fiano', 'product_price': '£5.50', 'product_additionals': '75cl'}, {'shop': 'asda', 'url': 'https://groceries.asda.com/product/1000072340414', 'product_name': 'The Wine List Cabernet Sauvignon', 'product_price': '£3.75', 'product_additionals': '75cl'}, {'shop': 'asda', 'url': 'https://groceries.asda.com/product/1000026447438', 'product_name': 'The Wine List Chardonnay', 'product_price': '£3.75', 'product_additionals': '75cl'}, {'shop': 'asda', 'url': 'https://groceries.asda.com/product/1000026447827', 'product_name': 'The Wine List Merlot', 'product_price': '£3.75', 'product_additionals': '75cl'}, {'shop': 'asda', 'url': 'https://groceries.asda.com/product/1000026447976', 'product_name': 'The Wine List Sauvignon Blanc', 'product_price': '£3.75', 'product_additionals': '75cl'}, {'shop': 'asda', 'url': 'https://groceries.asda.com/product/1000130542012', 'product_name': 'The Wine List Shiraz', 'product_price': '£3.75', 'product_additionals': '75cl'}, {'shop': 'asda', 'url': 'https://groceries.asda.com/product/1000153524417', 'product_name': 'Three Eights Shaoxing Cooking Wine', 'product_price': '£4.20', 'product_additionals': '500ml'}, {'shop': 'asda', 'url': 'https://groceries.asda.com/product/1000212268893', 'product_name': 'Three Mills Fruit Fusion Summer Berry Flavour Wine', 'product_price': '£2.65', 'product_additionals': '75cl'}, {'shop': 'asda', 'url': 'https://groceries.asda.com/product/1000212268851', 'product_name': 'Three Mills Fruit Fusion Tropical Fruit Flavour Wine', 'product_price': '£2.65', 'product_additionals': '75cl'}, {'shop': 'asda', 'url': 'https://groceries.asda.com/product/1000212268840', 'product_name': 'Three Mills Reserve Red Wine', 'product_price': '£3.49', 'product_additionals': '75cl'}, {'shop': 'asda', 'url': 'https://groceries.asda.com/product/1000212268926', 'product_name': 'Three Mills Reserve Rosé Wine', 'product_price': '£3.49', 'product_additionals': '75cl'}, {'shop': 'asda', 'url': 'https://groceries.asda.com/product/1000212268927', 'product_name': 'Three Mills Reserve White Wine', 'product_price': '£3.49', 'product_additionals': '75cl'}, {'shop': 'asda', 'url': 'https://groceries.asda.com/product/43149', 'product_name': 'Torres Vina Sol White Wine', 'product_price': '£5.75', 'product_additionals': '75cl'}, {'shop': 'tesco', 'url': 'https://www.tesco.com/groceries/en-GB/products/305977022', 'product_name': 'Trivento Malbec Rose Wine 75Cl', 'product_price': '£ 8.00', 'product_additionals': '£8.00/75cl'}, {'shop': 'asda', 'url': 'https://groceries.asda.com/product/910000208901', 'product_name': 'Very Lazy Garlic in White Wine Vinegar', 'product_price': '£1.50', 'product_additionals': '200g'}, {'shop': 'asda', 'url': 'https://groceries.asda.com/product/910000208902', 'product_name': 'Very Lazy Ginger in White Wine Vinegar', 'product_price': '£1.50', 'product_additionals': '190g'}, {'shop': 'asda', 'url': 'https://groceries.asda.com/product/910000208904', 'product_name': 'Very Lazy Red Chillies in White Wine Vinegar', 'product_price': '£1.50', 'product_additionals': '190g'}, {'shop': 'tesco', 'url': 'https://www.tesco.com/groceries/en-GB/products/278453458', 'product_name': 'Vino Chic Wine Glass & Semillon Wine Gift Set', 'product_price': '£ 5.00', 'product_additionals': '£5.00/each'}, {'shop': 'asda', 'url': 'https://groceries.asda.com/product/1000170865958', 'product_name': 'Vinyl Red, Red Wine: The Collection - UB40', 'product_price': '£14.00', 'product_additionals': 'each'}, {'shop': 'asda', 'url': 'https://groceries.asda.com/product/2215673313469', 'product_name': 'White Wine & Walkers Sensations Bundle', 'product_price': '£8.99', 'product_additionals': 'No weight data'}, {'shop': 'asda', 'url': 'https://groceries.asda.com/product/910001416387', 'product_name': 'White Zinfandel Boxed Rose Wine', 'product_price': '£12.75', 'product_additionals': '225 cl'}, {'shop': 'asda', 'url': 'https://groceries.asda.com/product/910001814345', 'product_name': 'Wine Atlas Feteasca Neagra', 'product_price': '£3.00', 'product_additionals': '75cl'}, {'shop': 'tesco', 'url': 'https://www.tesco.com/groceries/en-GB/products/289530068', 'product_name': 'Wine Route Chardonnay 75Cl', 'product_price': '£ 7.00', 'product_additionals': '£7.00/75cl'}, {'shop': 'tesco', 'url': 'https://www.tesco.com/groceries/en-GB/products/303287156', 'product_name': 'Wine Route Chilean Merlot 75Cl', 'product_price': '£ 7.00', 'product_additionals': '£7.00/75cl'}, {'shop': 'tesco', 'url': 'https://www.tesco.com/groceries/en-GB/products/303287231', 'product_name': 'Wine Route Sauvignon Blanc Chile 75Cl', 'product_price': '£ 7.00', 'product_additionals': '£7.00/75cl'}, {'shop': 'tesco', 'url': 'https://www.tesco.com/groceries/en-GB/products/292357281', 'product_name': 'Wine Route Spain Garnacha Rose 75Cl', 'product_price': '£ 7.00', 'product_additionals': '£7.00/75cl'}, {'shop': 'asda', 'url': 'https://groceries.asda.com/product/1000103442617', 'product_name': "Winemaker's Choice Bordeaux Claret", 'product_price': '£3.50', 'product_additionals': '75cl'}, {'shop': 'asda', 'url': 'https://groceries.asda.com/product/1000191362471', 'product_name': "Winemaker's Choice Chardonnay", 'product_price': '£1.25', 'product_additionals': '18.7cl'}, {'shop': 'asda', 'url': 'https://groceries.asda.com/product/910000903263', 'product_name': "Winemaker's Choice Chardonnay", 'product_price': '£3.99', 'product_additionals': '75cl'}, {'shop': 'asda', 'url': 'https://groceries.asda.com/product/910001813134', 'product_name': "Winemaker's Choice Cotes Du Rhone", 'product_price': '£4.50', 'product_additionals': '75cl'}, {'shop': 'asda', 'url': 'https://groceries.asda.com/product/910002994560', 'product_name': "Winemaker's Choice Frascati", 'product_price': '£4.49', 'product_additionals': '75cl'}, {'shop': 'asda', 'url': 'https://groceries.asda.com/product/910001814276', 'product_name': "Winemaker's Choice Hock", 'product_price': '£3.98', 'product_additionals': '75cl'}, {'shop': 'asda', 'url': 'https://groceries.asda.com/product/910001814021', 'product_name': "Winemaker's Choice Lambrusco Rosato", 'product_price': '£2.80', 'product_additionals': '75cl'}, {'shop': 'asda', 'url': 'https://groceries.asda.com/product/910001884544', 'product_name': "Winemaker's Choice Lambrusco Rosso", 'product_price': '£2.80', 'product_additionals': '75cl'}, {'shop': 'asda', 'url': 'https://groceries.asda.com/product/910001814556', 'product_name': "Winemaker's Choice Liebfraumilch", 'product_price': '£3.75', 'product_additionals': '75cl'}, {'shop': 'asda', 'url': 'https://groceries.asda.com/product/910001826014', 'product_name': "Winemaker's Choice Malbec", 'product_price': '£3.99', 'product_additionals': '75cl'}, {'shop': 'asda', 'url': 'https://groceries.asda.com/product/1000103442592', 'product_name': "Winemaker's Choice Malbec", 'product_price': '£1.25', 'product_additionals': '18.7cl'}, {'shop': 'asda', 'url': 'https://groceries.asda.com/product/1000103442757', 'product_name': "Winemaker's Choice Pinot Noir", 'product_price': '£3.99', 'product_additionals': '75cl'}, {'shop': 'asda', 'url': 'https://groceries.asda.com/product/1000159963974', 'product_name': "Winemaker's Choice Riesling", 'product_price': '£4.75', 'product_additionals': '75cl'}, {'shop': 'asda', 'url': 'https://groceries.asda.com/product/910000902673', 'product_name': "Winemaker's Choice Sauvignon-Semillon", 'product_price': '£3.00', 'product_additionals': '75cl'}, {'shop': 'asda', 'url': 'https://groceries.asda.com/product/1000141000053', 'product_name': "Winemaker's Choice Shiraz", 'product_price': '£1.00', 'product_additionals': '18.7cl'}, {'shop': 'asda', 'url': 'https://groceries.asda.com/product/1000088561688', 'product_name': "Winemaker's Choice Shiraz-Cabernet", 'product_price': '£3.99', 'product_additionals': '75cl'}, {'shop': 'asda', 'url': 'https://groceries.asda.com/product/910001813538', 'product_name': "Winemaker's Choice Soave", 'product_price': '£4.35', 'product_additionals': '75cl'}, {'shop': 'asda', 'url': 'https://groceries.asda.com/product/910000903057', 'product_name': "Winemaker's Choice South Eastern Australia Shiraz", 'product_price': '£3.99', 'product_additionals': '75cl'}, {'shop': 'asda', 'url': 'https://groceries.asda.com/product/910001813504', 'product_name': "Winemaker's Choice White Zinfandel", 'product_price': '£4.25', 'product_additionals': '75cl'}, {'shop': 'tesco', 'url': 'https://www.tesco.com/groceries/en-GB/products/302302399', 'product_name': 'Yellow Tail Sparkling Rose Wine 750Ml', 'product_price': '£ 10.00', 'product_additionals': '£10.00/75cl'}, {'shop': 'asda', 'url': 'https://groceries.asda.com/product/1000072340611', 'product_name': 'Zesty & Vibrant White Wine', 'product_price': '£3.69', 'product_additionals': '75cl'}]