([({'shop': 'tesco', 'url': 'https://www.tesco.com/groceries/en-GB/products/306029844', 'product_name': 'Recyclable Plastic Wine Glasses 8Pk', 'product_price': '£ 2.00', 'product_additionals': '£0.25/each'}, 2.187499999999999, 0.11428571428571432), ({'shop': 'tesco', 'url': 'https://www.tesco.com/groceries/en-GB/products/304852966', 'product_name': 'Tesco Large Stemless Wine Glass 4 Pack', 'product_price': '£ 5.00', 'product_additionals': '£1.25/each'}, 11.875, 0.10526315789473684), ({'shop': 'tesco', 'url': 'https://www.tesco.com/groceries/en-GB/products/295953716', 'product_name': 'Tesco Timeless Classic Wine Glass 4 Pack', 'product_price': '£ 5.00', 'product_additionals': '£1.25/each'}, 12.500000000000004, 0.09999999999999998), ({'shop': 'tesco', 'url': 'https://www.tesco.com/groceries/en-GB/products/307337898', 'product_name': 'Pukka Just For Two Steak & Red Wine Pie', 'product_price': '£ 3.00', 'product_additionals': '£3.00/each'}, 29.25000000000001, 0.10256410256410253), ({'shop': 'tesco', 'url': 'https://www.tesco.com/groceries/en-GB/products/278453458', 'product_name': 'Vino Chic Wine Glass & Semillon Wine Gift Set', 'product_price': '£ 5.00', 'product_additionals': '£5.00/each'}, 56.249999999999986, 0.0888888888888889), ({'shop': 'tesco', 'url': 'https://www.tesco.com/groceries/en-GB/products/297618909', 'product_name': 'Red Wine And Stemless Glasses Gift Set', 'product_price': '£ 12.00', 'product_additionals': '£12.00/each'}, 114.0, 0.10526315789473684)

, [({'shop': 'tesco', 'url': 'https://www.tesco.com/groceries/en-GB/products/256582494', 'product_name': 'Tesco Wine Gums 250G', 'product_price': '£ 0.75', 'product_additionals': '£0.30/100g'}, 15.000000000000004, 0.19999999999999996), ({'shop': 'tesco', 'url': 'https://www.tesco.com/groceries/en-GB/products/283086082', 'product_name': 'Homepride Red Wine Can 400G', 'product_price': '£ 1.50', 'product_additionals': '£0.38/100g'}, 25.65, 0.14814814814814814), ({'shop': 'tesco', 'url': 'https://www.tesco.com/groceries/en-GB/products/283085990', 'product_name': 'Homepride White Wine Can 400G', 'product_price': '£ 1.50', 'product_additionals': '£0.38/100g'}, 27.549999999999986, 0.13793103448275867), ({'shop': 'tesco', 'url': 'https://www.tesco.com/groceries/en-GB/products/272493080', 'product_name': 'Maynards Wine Gums 190G', 'product_price': '£ 1.00', 'product_additionals': '£0.53/100g'}, 30.475, 0.17391304347826086), ({'shop': 'tesco', 'url': 'https://www.tesco.com/groceries/en-GB/products/293418692', 'product_name': 'Maynards Bassetts Wine Gums 400G', 'product_price': '£ 2.00', 'product_additionals': '£0.50/100g'}, 40.0, 0.125), ({'shop': 'tesco', 'url': 'https://www.tesco.com/groceries/en-GB/products/267056133', 'product_name': 'Tesco Finest Beef & Red Wine Gravy 500G', 'product_price': '£ 2.10', 'product_additionals': '£0.42/100g'}, 40.95000000000002, 0.10256410256410253), ({'shop': 'tesco', 'url': 'https://www.tesco.com/groceries/en-GB/products/306805536', 'product_name': 'Tesco White Wine Scottish Mussels 500G', 'product_price': '£ 2.20', 'product_additionals': '£4.40/kg'}, 41.800000000000004, 0.10526315789473684), ({'shop': 'tesco', 'url': 'https://www.tesco.com/groceries/en-GB/products/297745879', 'product_name': 'Maynards Bassetts Wine Gums 400G', 'product_price': '£ 2.50', 'product_additionals': '£0.62/100g'}, 49.6, 0.125), ({'shop': 'tesco', 'url': 'https://www.tesco.com/groceries/en-GB/products/293458420', 'product_name': 'Tesco 12 Beef & Red Wine Lattices 360G', 'product_price': '£ 2.00', 'product_additionals': '£0.56/100g'}, 53.2, 0.10526315789473684), ({'shop': 'tesco', 'url': 'https://www.tesco.com/groceries/en-GB/products/295703374', 'product_name': 'Maynards Bassetts Wine Gums Tangy 165G', 'product_price': '£ 1.00', 'product_additionals': '£0.61/100g'}, 57.95, 0.10526315789473684), ({'shop': 'tesco', 'url': 'https://www.tesco.com/groceries/en-GB/products/305978931', 'product_name': 'Love Beets White Wine & Balsamic Beetroot 180G', 'product_price': '£ 1.00', 'product_additionals': '£5.56/kg'}, 63.939999999999955, 0.08695652173913049), ({'shop': 'tesco', 'url': 'https://www.tesco.com/groceries/en-GB/products/256755198', 'product_name': 'Schwartz Fish French White Wine& Tarrogan Sauce 300G', 'product_price': '£ 2.20', 'product_additionals': '£0.73/100g'}, 94.90000000000006, 0.07692307692307687), ({'shop': 'tesco', 'url': 'https://www.tesco.com/groceries/en-GB/products/304400413', 'product_name': 'Tesco Finest Steak & Red Wine Gravy Pie 500G', 'product_price': '£ 4.50', 'product_additionals': '£0.90/100g'}, 98.99999999999997, 0.09090909090909094), ({'shop': 'tesco', 'url': 'https://www.tesco.com/groceries/en-GB/products/305040497', 'product_name': 'Tesco King Prawns & Mussels In Wine Garlic Sauce 450G', 'product_price': '£ 3.50', 'product_additionals': '£7.78/kg'}, 103.08500000000002, 0.07547169811320753), ({'shop': 'tesco', 'url': 'https://www.tesco.com/groceries/en-GB/products/291695019', 'product_name': 'Tesco Lamb Shanks With Red Wine Gravy 450G', 'product_price': '£ 4.50', 'product_additionals': '£10.00/kg'}, 105.0, 0.09523809523809523), ({'shop': 'tesco', 'url': 'https://www.tesco.com/groceries/en-GB/products/299803088', 'product_name': 'Tesco 2X Lamb Shanks In Red Wine Gravy 780G', 'product_price': '£ 7.80', 'product_additionals': '£10.00/kg'}, 107.49999999999994, 0.09302325581395354), ({'shop': 'tesco', 'url': 'https://www.tesco.com/groceries/en-GB/products/289037439', 'product_name': 'Tesco Red Wine Stock Pots 4 Pack 112G', 'product_price': '£ 1.30', 'product_additionals': '£1.17/100g'}, 108.225, 0.10810810810810811), ({'shop': 'tesco', 'url': 'https://www.tesco.com/groceries/en-GB/products/289037468', 'product_name': 'Tesco White Wine Stock Pots 4 Pack 112G', 'product_price': '£ 1.30', 'product_additionals': '£1.17/100g'}, 114.07500000000003, 0.10256410256410253), ({'shop': 'tesco', 'url': 'https://www.tesco.com/groceries/en-GB/products/302301735', 'product_name': 'Counter Belton Farm Port Wine Derby Cheese 200G', 'product_price': '£ 2.20', 'product_additionals': '£11.00/kg'}, 129.24999999999997, 0.08510638297872342), ({'shop': 'tesco', 'url': 'https://www.tesco.com/groceries/en-GB/products/305961870', 'product_name': 'Tesco Finest Beef Mushroom & Red Wine Ravioli 250G', 'product_price': '£ 3.00', 'product_additionals': '£12.00/kg'}, 150.00000000000009, 0.07999999999999996), ({'shop': 'tesco', 'url': 'https://www.tesco.com/groceries/en-GB/products/268004390', 'product_name': 'Schwartz Slow Cookers Chicken In Red Wine 35G', 'product_price': '£ 0.65', 'product_additionals': '£1.86/100g'}, 209.24999999999997, 0.0888888888888889)

, [({'shop': 'tesco', 'url': 'https://www.tesco.com/groceries/en-GB/products/260511660', 'product_name': 'Tesco Red Wine Vinegar 350Ml', 'product_price': '£ 0.80', 'product_additionals': '£0.23/100ml'}, 16.099999999999994, 0.1428571428571429), ({'shop': 'tesco', 'url': 'https://www.tesco.com/groceries/en-GB/products/260511700', 'product_name': 'Tesco White Wine Vinegar 350Ml', 'product_price': '£ 0.80', 'product_additionals': '£0.23/100ml'}, 17.250000000000004, 0.1333333333333333), ({'shop': 'tesco', 'url': 'https://www.tesco.com/groceries/en-GB/products/250291225', 'product_name': 'Tesco Mulled Wine 75Cl', 'product_price': '£ 3.00', 'product_additionals': '£3.00/75cl'}, 22.000000000000007, 0.18181818181818177), ({'shop': 'tesco', 'url': 'https://www.tesco.com/groceries/en-GB/products/280117722', 'product_name': 'Tesco Fruity Red Wine 75Cl', 'product_price': '£ 2.99', 'product_additionals': '£2.99/75cl'}, 25.913333333333334, 0.15384615384615385), ({'shop': 'tesco', 'url': 'https://www.tesco.com/groceries/en-GB/products/298040346', 'product_name': 'Tesco Low Alcohol Sparkling White Wine 75Cl', 'product_price': '£ 2.75', 'product_additionals': '£2.75/75cl'}, 39.41666666666664, 0.09302325581395354), ({'shop': 'tesco', 'url': 'https://www.tesco.com/groceries/en-GB/products/305972269', 'product_name': 'Eisberg Merlot Alcohol Free Wine 75Cl', 'product_price': '£ 3.50', 'product_additionals': '£3.50/75cl'}, 43.166666666666664, 0.10810810810810811), ({'shop': 'tesco', 'url': 'https://www.tesco.com/groceries/en-GB/products/259712890', 'product_name': 'Blossom Hill Red Wine 75Cl', 'product_price': '£ 5.00', 'product_additionals': '£5.00/75cl'}, 43.333333333333336, 0.15384615384615385), ({'shop': 'tesco', 'url': 'https://www.tesco.com/groceries/en-GB/products/255247605', 'product_name': 'Tesco Green Ginger Wine 70Cl Bottle', 'product_price': '£ 3.50', 'product_additionals': '£3.75/75cl'}, 43.749999999999986, 0.11428571428571432), ({'shop': 'tesco', 'url': 'https://www.tesco.com/groceries/en-GB/products/280048158', 'product_name': 'Tesco Liebfraumilch 2.25L Wine Box', 'product_price': '£ 11.90', 'product_additionals': '£3.97/75cl'}, 44.99333333333332, 0.11764705882352944), ({'shop': 'tesco', 'url': 'https://www.tesco.com/groceries/en-GB/products/259712953', 'product_name': 'Blossom Hill White Wine 75Cl', 'product_price': '£ 5.00', 'product_additionals': '£5.00/75cl'}, 46.66666666666665, 0.1428571428571429), ({'shop': 'tesco', 'url': 'https://www.tesco.com/groceries/en-GB/products/299649869', 'product_name': 'Tesco Italian Rose Blush Wine 2.25L', 'product_price': '£ 12.50', 'product_additionals': '£4.17/75cl'}, 48.64999999999998, 0.11428571428571432), ({'shop': 'tesco', 'url': 'https://www.tesco.com/groceries/en-GB/products/299537915', 'product_name': 'Grandeza Aged Red Wine 75Cl', 'product_price': '£ 5.50', 'product_additionals': '£5.50/75cl'}, 49.5, 0.14814814814814814), ({'shop': 'tesco', 'url': 'https://www.tesco.com/groceries/en-GB/products/282187116', 'product_name': 'Tesco Fruity Red Bag In Box Wine 3 Litres', 'product_price': '£ 14.50', 'product_additionals': '£3.63/75cl'}, 49.610000000000014, 0.09756097560975607), ({'shop': 'tesco', 'url': 'https://www.tesco.com/groceries/en-GB/products/306819192', 'product_name': 'Bruce Jack Wine Pinotage & Cinsault 1.5L', 'product_price': '£ 8.00', 'product_additionals': '£4.00/75cl'}, 53.33333333333334, 0.09999999999999998), ({'shop': 'tesco', 'url': 'https://www.tesco.com/groceries/en-GB/products/306502825', 'product_name': 'Mad Fish Shiraz Wine 75Cl', 'product_price': '£ 7.00', 'product_additionals': '£7.00/75cl'}, 58.33333333333333, 0.16000000000000003), ({'shop': 'tesco', 'url': 'https://www.tesco.com/groceries/en-GB/products/255247012', 'product_name': 'Tesco Full Cream Fortified British Wine 1L.', 'product_price': '£ 5.50', 'product_additionals': '£4.13/75cl'}, 59.19666666666664, 0.09302325581395354), ({'shop': 'tesco', 'url': 'https://www.tesco.com/groceries/en-GB/products/255247035', 'product_name': 'Tesco Medium Dry Fortified British Wine 1L.', 'product_price': '£ 5.50', 'product_additionals': '£4.13/75cl'}, 59.19666666666664, 0.09302325581395354), ({'shop': 'tesco', 'url': 'https://www.tesco.com/groceries/en-GB/products/255247058', 'product_name': 'Tesco Pale Cream Fortified British Wine 1L.', 'product_price': '£ 5.50', 'product_additionals': '£4.13/75cl'}, 59.19666666666664, 0.09302325581395354), ({'shop': 'tesco', 'url': 'https://www.tesco.com/groceries/en-GB/products/299425086', 'product_name': 'Tesco Trebbiano Pinot Grigio Wine Box 2.25L', 'product_price': '£ 12.50', 'product_additionals': '£4.17/75cl'}, 59.76999999999996, 0.09302325581395354), ({'shop': 'tesco', 'url': 'https://www.tesco.com/groceries/en-GB/products/250118041', 'product_name': 'Kedem Kiddush Wine 750Ml', 'product_price': '£ 7.50', 'product_additionals': '£7.50/75cl'}, 60.000000000000014, 0.16666666666666663), ({'shop': 'tesco', 'url': 'https://www.tesco.com/groceries/en-GB/products/289530068', 'product_name': 'Wine Route Chardonnay 75Cl', 'product_price': '£ 7.00', 'product_additionals': '£7.00/75cl'}, 60.666666666666664, 0.15384615384615385), ({'shop': 'tesco', 'url': 'https://www.tesco.com/groceries/en-GB/products/306503980', 'product_name': 'Prophecy Rose Wine 75Cl', 'product_price': '£ 8.00', 'product_additionals': '£8.00/75cl'}, 61.33333333333333, 0.17391304347826086), ({'shop': 'tesco', 'url': 'https://www.tesco.com/groceries/en-GB/products/301745129', 'product_name': 'The Fair Mile Fair Trade Red Wine 75Cl', 'product_price': '£ 5.00', 'product_additionals': '£5.00/75cl'}, 63.33333333333334, 0.10526315789473684), ({'shop': 'tesco', 'url': 'https://www.tesco.com/groceries/en-GB/products/306935013', 'product_name': '19 Crimes 2019 Red Wine 1.5L', 'product_price': '£ 14.00', 'product_additionals': '£7.00/75cl'}, 65.33333333333331, 0.1428571428571429), ({'shop': 'tesco', 'url': 'https://www.tesco.com/groceries/en-GB/products/280302900', 'product_name': 'Isla Negra Sauvignon Blanc Px Wine 2.25Ltr', 'product_price': '£ 14.50', 'product_additionals': '£4.84/75cl'}, 67.76, 0.09523809523809523), ({'shop': 'tesco', 'url': 'https://www.tesco.com/groceries/en-GB/products/299531340', 'product_name': '19 Crimes Red Wine 75Cl', 'product_price': '£ 9.00', 'product_additionals': '£9.00/75cl'}, 69.0, 0.17391304347826086), ({'shop': 'tesco', 'url': 'https://www.tesco.com/groceries/en-GB/products/304368899', 'product_name': 'Campo Viejo Rose Wine 75Cl', 'product_price': '£ 8.00', 'product_additionals': '£8.00/75cl'}, 69.33333333333333, 0.15384615384615385), ({'shop': 'tesco', 'url': 'https://www.tesco.com/groceries/en-GB/products/306814208', 'product_name': 'Kylie Minogue Merlot Wine 75Cl', 'product_price': '£ 7.00', 'product_additionals': '£7.00/75cl'}, 70.00000000000001, 0.1333333333333333), ({'shop': 'tesco', 'url': 'https://www.tesco.com/groceries/en-GB/products/303287156', 'product_name': 'Wine Route Chilean Merlot 75Cl', 'product_price': '£ 7.00', 'product_additionals': '£7.00/75cl'}, 70.00000000000001, 0.1333333333333333), ({'shop': 'tesco', 'url': 'https://www.tesco.com/groceries/en-GB/products/306662491', 'product_name': 'Porta 6 Lisboa Red Wine 750Ml', 'product_price': '£ 7.50', 'product_additionals': '£7.50/75cl'}, 72.49999999999997, 0.13793103448275867), ({'shop': 'tesco', 'url': 'https://www.tesco.com/groceries/en-GB/products/306815864', 'product_name': 'Gluhwein By Felix Solis Mulled Wine 75Cl', 'product_price': '£ 5.50', 'product_additionals': '£5.50/75cl'}, 73.33333333333334, 0.09999999999999998), ({'shop': 'tesco', 'url': 'https://www.tesco.com/groceries/en-GB/products/306650833', 'product_name': 'Calvet Malbec Reserve Red Wine 75Cl', 'product_price': '£ 6.50', 'product_additionals': '£6.50/75cl'}, 75.8333333333333, 0.11428571428571432), ({'shop': 'tesco', 'url': 'https://www.tesco.com/groceries/en-GB/products/304789436', 'product_name': 'La Vieille Ferme Red Wine 750Ml', 'product_price': '£ 7.50', 'product_additionals': '£7.50/75cl'}, 77.5, 0.12903225806451613), ({'shop': 'tesco', 'url': 'https://www.tesco.com/groceries/en-GB/products/296861909', 'product_name': "Gem Pays D'oc Rose Wine 75Cl", 'product_price': '£ 8.50', 'product_additionals': '£8.50/75cl'}, 79.33333333333331, 0.1428571428571429), ({'shop': 'tesco', 'url': 'https://www.tesco.com/groceries/en-GB/products/305986754', 'product_name': 'La Vieille Ferme Rose Wine 750Ml', 'product_price': '£ 7.50', 'product_additionals': '£7.50/75cl'}, 80.0, 0.125), ({'shop': 'tesco', 'url': 'https://www.tesco.com/groceries/en-GB/products/253313847', 'product_name': 'Mavrodaphni Of Patra Sweet Red Wine 75Cl', 'product_price': '£ 6.00', 'product_additionals': '£6.00/75cl'}, 80.00000000000001, 0.09999999999999998), ({'shop': 'tesco', 'url': 'https://www.tesco.com/groceries/en-GB/products/305977022', 'product_name': 'Trivento Malbec Rose Wine 75Cl', 'product_price': '£ 8.00', 'product_additionals': '£8.00/75cl'}, 80.00000000000001, 0.1333333333333333), ({'shop': 'tesco', 'url': 'https://www.tesco.com/groceries/en-GB/products/306655661', 'product_name': 'Bruce Jack Shiraz Malbec Wine 750Ml', 'product_price': '£ 7.00', 'product_additionals': '£7.00/75cl'}, 81.66666666666664, 0.11428571428571432), ({'shop': 'tesco', 'url': 'https://www.tesco.com/groceries/en-GB/products/292357281', 'product_name': 'Wine Route Spain Garnacha Rose 75Cl', 'product_price': '£ 7.00', 'product_additionals': '£7.00/75cl'}, 81.66666666666664, 0.11428571428571432), ({'shop': 'tesco', 'url': 'https://www.tesco.com/groceries/en-GB/products/304402722', 'product_name': 'La Vieille Ferme White Wine 750Ml', 'product_price': '£ 7.50', 'product_additionals': '£7.50/75cl'}, 82.5, 0.12121212121212122), ({'shop': 'tesco', 'url': 'https://www.tesco.com/groceries/en-GB/products/306647953', 'product_name': 'Latis Reserve Malbec Wine 750Ml', 'product_price': '£ 8.00', 'product_additionals': '£8.00/75cl'}, 82.66666666666667, 0.12903225806451613), ({'shop': 'tesco', 'url': 'https://www.tesco.com/groceries/en-GB/products/306800737', 'product_name': 'Old Westminster Reserve Cream * Fortified British Wine 70Cl', 'product_price': '£ 4.00', 'product_additionals': '£4.29/75cl'}, 84.36999999999995, 0.06779661016949157), ({'shop': 'tesco', 'url': 'https://www.tesco.com/groceries/en-GB/products/303287231', 'product_name': 'Wine Route Sauvignon Blanc Chile 75Cl', 'product_price': '£ 7.00', 'product_additionals': '£7.00/75cl'}, 86.33333333333333, 0.10810810810810811), ({'shop': 'tesco', 'url': 'https://www.tesco.com/groceries/en-GB/products/255247726', 'product_name': 'Stones Original Green Ginger Wine 70Cl', 'product_price': '£ 6.50', 'product_additionals': '£6.97/75cl'}, 88.28666666666666, 0.10526315789473684), ({'shop': 'tesco', 'url': 'https://www.tesco.com/groceries/en-GB/products/276844949', 'product_name': 'Taijade Shaohsing Rice Wine 600Ml', 'product_price': '£ 6.50', 'product_additionals': '£1.09/100ml'}, 89.925, 0.12121212121212122), ({'shop': 'tesco', 'url': 'https://www.tesco.com/groceries/en-GB/products/303261669', 'product_name': 'Barefoot Pinot Grigio Wine Can 250Ml', 'product_price': '£ 2.50', 'product_additionals': '£7.50/75cl'}, 89.99999999999996, 0.11111111111111116), ({'shop': 'tesco', 'url': 'https://www.tesco.com/groceries/en-GB/products/305983711', 'product_name': 'Barefoot Jammy Red California Wine 750Ml', 'product_price': '£ 6.75', 'product_additionals': '£6.75/75cl'}, 90.00000000000001, 0.09999999999999998), ({'shop': 'tesco', 'url': 'https://www.tesco.com/groceries/en-GB/products/307137547', 'product_name': 'Canti Estate Gavi White Wine 750Ml', 'product_price': '£ 8.00', 'product_additionals': '£8.00/75cl'}, 90.66666666666664, 0.11764705882352944), ({'shop': 'tesco', 'url': 'https://www.tesco.com/groceries/en-GB/products/306496595', 'product_name': 'Echo Falls Rose Wine & Gin Fusion 750Ml', 'product_price': '£ 8.00', 'product_additionals': '£8.00/75cl'}, 104.00000000000003, 0.10256410256410253), ({'shop': 'tesco', 'url': 'https://www.tesco.com/groceries/en-GB/products/301839302', 'product_name': 'Slim Zero Sugar Sparkling White Wine 75Cl', 'product_price': '£ 8.00', 'product_additionals': '£8.00/75cl'}, 109.33333333333336, 0.09756097560975607), ({'shop': 'tesco', 'url': 'https://www.tesco.com/groceries/en-GB/products/304376844', 'product_name': 'Guigal Cotes Du Rhone Red Wine 750Ml', 'product_price': '£ 10.00', 'product_additionals': '£10.00/75cl'}, 119.99999999999996, 0.11111111111111116), ({'shop': 'tesco', 'url': 'https://www.tesco.com/groceries/en-GB/products/306822348', 'product_name': 'Bonterra Chardonnay Organic Wine 75Cl', 'product_price': '£ 10.00', 'product_additionals': '£10.00/75cl'}, 123.33333333333333, 0.10810810810810811), ({'shop': 'tesco', 'url': 'https://www.tesco.com/groceries/en-GB/products/302302399', 'product_name': 'Yellow Tail Sparkling Rose Wine 750Ml', 'product_price': '£ 10.00', 'product_additionals': '£10.00/75cl'}, 123.33333333333333, 0.10810810810810811), ({'shop': 'tesco', 'url': 'https://www.tesco.com/groceries/en-GB/products/305968769', 'product_name': 'Paco By Paco & Lola Tempranillo Wine 750Ml', 'product_price': '£ 10.00', 'product_additionals': '£10.00/75cl'}, 140.0, 0.09523809523809523), ({'shop': 'tesco', 'url': 'https://www.tesco.com/groceries/en-GB/products/275114905', 'product_name': 'Tesco Shaoxing Rice Wine 150Ml', 'product_price': '£ 3.00', 'product_additionals': '£2.00/100ml'}, 150.00000000000003, 0.1333333333333333), ({'shop': 'tesco', 'url': 'https://www.tesco.com/groceries/en-GB/products/304787225', 'product_name': 'Botham & Balfour English Rose Wine 75Cl', 'product_price': '£ 12.00', 'product_additionals': '£12.00/75cl'}, 156.00000000000006, 0.10256410256410253), ({'shop': 'tesco', 'url': 'https://www.tesco.com/groceries/en-GB/products/304791628', 'product_name': 'Miraval Provence Rose Wine 750Ml', 'product_price': '£ 15.00', 'product_additionals': '£15.00/75cl'}, 160.0, 0.125), ({'shop': 'tesco', 'url': 'https://www.tesco.com/groceries/en-GB/products/304797714', 'product_name': 'Studio By Miraval Mediterranean Rose Wine 750Ml', 'product_price': '£ 12.00', 'product_additionals': '£12.00/75cl'}, 187.99999999999997, 0.08510638297872342)

)