rv[('coop', 'https://www.coop.co.uk/products/weetabix-48-pack', 'Weetabix 48 pack', '£5', '(7.3p per item)\n48 pack'), ('tesco', 'https://www.tesco.com/groceries/en-GB/products/254853004', 'Weetabix 48Pk', '£ 4.80', '£0.10/each'), ('tesco', 'https://www.tesco.com/groceries/en-GB/products/259901096', 'Weetabix 72Pk', '£ 5.25', '£0.07/each'), ('asda', 'https://groceries.asda.com/product/910001268473', 'Weetabix Banana Cereal', '£3.19', 'No weight data'), ('tesco', 'https://www.tesco.com/groceries/en-GB/products/282391346', 'Weetabix Biscuits Banana Cereal 24 Pack', '£ 3.20', '£0.13/each'), ('asda', 'https://groceries.asda.com/product/81159231', 'Weetabix Cereal', '£6.00', 'No weight data'), ('asda', 'https://groceries.asda.com/product/35665', 'Weetabix Cereal', '£1.49', 'No weight data'), ('asda', 'https://groceries.asda.com/product/19191', 'Weetabix Cereal', '£2.79', 'No weight data'), ('asda', 'https://groceries.asda.com/product/19192', 'Weetabix Cereal', '£3.50', 'No weight data'), ('tesco', 'https://www.tesco.com/groceries/en-GB/products/254852973', 'Weetabix Cereal 12 Pack', '£ 1.50', '£0.12/each'), ('tesco', 'https://www.tesco.com/groceries/en-GB/products/254852996', 'Weetabix Cereal 24 Pack', '£ 2.80', '£0.12/each'), ('sains', 'https://www.sainsburys.co.uk/shop/gb/groceries/product/details/first-shop-essentials/weetabix-cereal-x24', 'Weetabix Cereal x24', '£2.80', '12p / bisc'), ('asda', 'https://groceries.asda.com/product/910000313781', 'Weetabix Chocolate Cereal', '£3.19', 'No weight data'), ('tesco', 'https://www.tesco.com/groceries/en-GB/products/267210383', 'Weetabix Chocolate Cereal 540G (24Pk)', '£ 3.20', '£0.13/each'), ('tesco', 'https://www.tesco.com/groceries/en-GB/products/251938439', 'Weetabix Chocolate Weetos Cereal 500G', '£ 2.90', '£0.58/100g'), ('asda', 'https://groceries.asda.com/product/910001429819', 'Weetabix Crispy Minis Banana', '£2.89', '(48.2p/100g)'), ('asda', 'https://groceries.asda.com/product/910001430286', 'Weetabix Crispy Minis Chocolate Chip', '£2.98', '(49.7p/100g)'), ('coop', 'https://www.coop.co.uk/products/weetabix-crispy-minis-chocolate-chip-600g', 'Weetabix Crispy Minis Chocolate Chip 600g', '£3.25', '600g (33.3p per 100g)'), ('asda', 'https://groceries.asda.com/product/910001430011', 'Weetabix Crispy Minis Fruit & Nut', '£2.98', '(49.7p/100g)'), ('asda', 'https://groceries.asda.com/product/486171', 'Weetabix Crunchy Bran Cereal', '£2.38', '(63.5p/100g)'), ('tesco', 'https://www.tesco.com/groceries/en-GB/products/268583083', 'Weetabix Crunchy Bran Cereal 375G', '£ 2.40', '£0.64/100g'), ('sains', 'https://www.sainsburys.co.uk/shop/gb/groceries/product/details/top-rated-44/weetabix-crunchy-bran-375g', 'Weetabix Crunchy Bran Cereal 375g', '£2.30', '61p / 100g'), ('asda', 'https://groceries.asda.com/product/910000395801', 'Weetabix Flakes Cereal', '£2.99', '(54.4p/100g)'), ('asda', 'https://groceries.asda.com/product/1000116564027', 'Weetabix Flakes Red Berries Cereal', '£2.99', '(62.9p/100g)'), ('tesco', 'https://www.tesco.com/groceries/en-GB/products/285391687', 'Weetabix Minis Chocolate 600G', '£ 3.00', '£0.50/100g'), ('tesco', 'https://www.tesco.com/groceries/en-GB/products/268136786', 'Weetabix Minis Fruit And Nut 500G', '£ 3.00', '£0.60/100g'), ('tesco', 'https://www.tesco.com/groceries/en-GB/products/260360745', 'Weetabix Oatibix Cereal 24 Pack', '£ 2.00', '£0.08/each'), ('tesco', 'https://www.tesco.com/groceries/en-GB/products/261986222', 'Weetabix Oatibix Flakes Cereal 550G', '£ 3.00', '£0.55/100g'), ('sains', 'https://www.sainsburys.co.uk/shop/gb/groceries/product/details/easter-special-offers/oatibix-flakes-550g', 'Weetabix Oatibix Flakes Golden Oat Flakes Cereal 550g', '£2.50', '46p / 100g'), ('tesco', 'https://www.tesco.com/groceries/en-GB/products/285355224', 'Weetabix On The Go Banana Drink 250Ml', '£ 1.50', '£0.60/100ml'), ('sains', 'https://www.sainsburys.co.uk/shop/gb/groceries/product/details/milk-flavoured-milk/weetabix-on-the-go-chocolate-drink-250ml', 'Weetabix On The Go Breakfast Drink Chocolate 250ml', '£1.00', '40p / 100ml'), ('asda', 'https://groceries.asda.com/product/1000116564036', 'Weetabix On the Go Breakfast Drinks Chocolate', '£2.50', '(33.3p/100ml)'), ('asda', 'https://groceries.asda.com/product/910002805967', 'Weetabix On the Go Breakfast Drinks Chocolate', '£5.00', '(33.3p/100ml)'), ('asda', 'https://groceries.asda.com/product/1000116564053', 'Weetabix On the Go Breakfast Drinks Strawberry', '£2.50', '(33.3p/100ml)'), ('asda', 'https://groceries.asda.com/product/910002806472', 'Weetabix On the Go Breakfast Drinks Strawberry', '£5.00', '(33.3p/100ml)'), ('asda', 'https://groceries.asda.com/product/1000116563966', 'Weetabix On the Go Breakfast Drinks Vanilla', '£2.50', '(33.3p/100ml)'), ('asda', 'https://groceries.asda.com/product/1000116564105', 'Weetabix On the Go Breakfast Drinks Vanilla', '£5.00', '(40.0p/100ml)'), ('coop', 'https://www.coop.co.uk/products/weetabix-on-the-go-breakfast-vanilla-drink-250ml', 'Weetabix On The Go Breakfast Vanilla Drink 250ml', '£1.70', '250ml (29.6p per 100ml)'), ('tesco', 'https://www.tesco.com/groceries/en-GB/products/282391070', 'Weetabix On The Go Chocolate Drink 250Ml', '£ 1.50', '£0.60/100ml'), ('asda', 'https://groceries.asda.com/product/910003085519', 'Weetabix On the Go Protein Chocolate Breakfast Drink', '£1.30', '(47.3p/100ml)'), ('asda', 'https://groceries.asda.com/product/910001953394', 'Weetabix On the Go Strawberry & Raspberry Protein Breakfast Drink', '£1.30', '(47.3p/100ml)'), ('tesco', 'https://www.tesco.com/groceries/en-GB/products/282390848', 'Weetabix On The Go Strawberry Drink 250Ml', '£ 1.50', '£0.60/100ml'), ('tesco', 'https://www.tesco.com/groceries/en-GB/products/282391012', 'Weetabix On The Go Vanilla Drink 250Ml', '£ 1.50', '£0.60/100ml'), ('asda', 'https://groceries.asda.com/product/910001953469', 'Weetabix On the Go Vanilla Protein Breakfast Drink', '£1.30', '(47.3p/100ml)'), ('tesco', 'https://www.tesco.com/groceries/en-GB/products/292575448', "Weetabix Protein 24'S", '£ 1.99', '£0.08/each'), ('asda', 'https://groceries.asda.com/product/910002244934', 'Weetabix Protein Cereal', '£3.19', '(13.3p/each)'), ('asda', 'https://groceries.asda.com/product/1000039942719', 'Weetabix Protein Chocolate Cereal', '£3.19', '(13.3p/each)'), ('asda', 'https://groceries.asda.com/product/910001953400', 'Weetabix Protein Crunch Chocolate Cereal', '£3.19', '(70.9p/100g)')]


json_data[{'shop': 'coop', 'url': 'https://www.coop.co.uk/products/weetabix-48-pack', 'product_name': 'Weetabix 48 pack', 'product_price': '£5', 'product_additionals': '(7.3p per item)\n48 pack'}, {'shop': 'tesco', 'url': 'https://www.tesco.com/groceries/en-GB/products/254853004', 'product_name': 'Weetabix 48Pk', 'product_price': '£ 4.80', 'product_additionals': '£0.10/each'}, {'shop': 'tesco', 'url': 'https://www.tesco.com/groceries/en-GB/products/259901096', 'product_name': 'Weetabix 72Pk', 'product_price': '£ 5.25', 'product_additionals': '£0.07/each'}, {'shop': 'asda', 'url': 'https://groceries.asda.com/product/910001268473', 'product_name': 'Weetabix Banana Cereal', 'product_price': '£3.19', 'product_additionals': 'No weight data'}, {'shop': 'tesco', 'url': 'https://www.tesco.com/groceries/en-GB/products/282391346', 'product_name': 'Weetabix Biscuits Banana Cereal 24 Pack', 'product_price': '£ 3.20', 'product_additionals': '£0.13/each'}, {'shop': 'asda', 'url': 'https://groceries.asda.com/product/81159231', 'product_name': 'Weetabix Cereal', 'product_price': '£6.00', 'product_additionals': 'No weight data'}, {'shop': 'asda', 'url': 'https://groceries.asda.com/product/35665', 'product_name': 'Weetabix Cereal', 'product_price': '£1.49', 'product_additionals': 'No weight data'}, {'shop': 'asda', 'url': 'https://groceries.asda.com/product/19191', 'product_name': 'Weetabix Cereal', 'product_price': '£2.79', 'product_additionals': 'No weight data'}, {'shop': 'asda', 'url': 'https://groceries.asda.com/product/19192', 'product_name': 'Weetabix Cereal', 'product_price': '£3.50', 'product_additionals': 'No weight data'}, {'shop': 'tesco', 'url': 'https://www.tesco.com/groceries/en-GB/products/254852973', 'product_name': 'Weetabix Cereal 12 Pack', 'product_price': '£ 1.50', 'product_additionals': '£0.12/each'}, {'shop': 'tesco', 'url': 'https://www.tesco.com/groceries/en-GB/products/254852996', 'product_name': 'Weetabix Cereal 24 Pack', 'product_price': '£ 2.80', 'product_additionals': '£0.12/each'}, {'shop': 'sains', 'url': 'https://www.sainsburys.co.uk/shop/gb/groceries/product/details/first-shop-essentials/weetabix-cereal-x24', 'product_name': 'Weetabix Cereal x24', 'product_price': '£2.80', 'product_additionals': '12p / bisc'}, {'shop': 'asda', 'url': 'https://groceries.asda.com/product/910000313781', 'product_name': 'Weetabix Chocolate Cereal', 'product_price': '£3.19', 'product_additionals': 'No weight data'}, {'shop': 'tesco', 'url': 'https://www.tesco.com/groceries/en-GB/products/267210383', 'product_name': 'Weetabix Chocolate Cereal 540G (24Pk)', 'product_price': '£ 3.20', 'product_additionals': '£0.13/each'}, {'shop': 'tesco', 'url': 'https://www.tesco.com/groceries/en-GB/products/251938439', 'product_name': 'Weetabix Chocolate Weetos Cereal 500G', 'product_price': '£ 2.90', 'product_additionals': '£0.58/100g'}, {'shop': 'asda', 'url': 'https://groceries.asda.com/product/910001429819', 'product_name': 'Weetabix Crispy Minis Banana', 'product_price': '£2.89', 'product_additionals': '(48.2p/100g)'}, {'shop': 'asda', 'url': 'https://groceries.asda.com/product/910001430286', 'product_name': 'Weetabix Crispy Minis Chocolate Chip', 'product_price': '£2.98', 'product_additionals': '(49.7p/100g)'}, {'shop': 'coop', 'url': 'https://www.coop.co.uk/products/weetabix-crispy-minis-chocolate-chip-600g', 'product_name': 'Weetabix Crispy Minis Chocolate Chip 600g', 'product_price': '£3.25', 'product_additionals': '600g (33.3p per 100g)'}, {'shop': 'asda', 'url': 'https://groceries.asda.com/product/910001430011', 'product_name': 'Weetabix Crispy Minis Fruit & Nut', 'product_price': '£2.98', 'product_additionals': '(49.7p/100g)'}, {'shop': 'asda', 'url': 'https://groceries.asda.com/product/486171', 'product_name': 'Weetabix Crunchy Bran Cereal', 'product_price': '£2.38', 'product_additionals': '(63.5p/100g)'}, {'shop': 'tesco', 'url': 'https://www.tesco.com/groceries/en-GB/products/268583083', 'product_name': 'Weetabix Crunchy Bran Cereal 375G', 'product_price': '£ 2.40', 'product_additionals': '£0.64/100g'}, {'shop': 'sains', 'url': 'https://www.sainsburys.co.uk/shop/gb/groceries/product/details/top-rated-44/weetabix-crunchy-bran-375g', 'product_name': 'Weetabix Crunchy Bran Cereal 375g', 'product_price': '£2.30', 'product_additionals': '61p / 100g'}, {'shop': 'asda', 'url': 'https://groceries.asda.com/product/910000395801', 'product_name': 'Weetabix Flakes Cereal', 'product_price': '£2.99', 'product_additionals': '(54.4p/100g)'}, {'shop': 'asda', 'url': 'https://groceries.asda.com/product/1000116564027', 'product_name': 'Weetabix Flakes Red Berries Cereal', 'product_price': '£2.99', 'product_additionals': '(62.9p/100g)'}, {'shop': 'tesco', 'url': 'https://www.tesco.com/groceries/en-GB/products/285391687', 'product_name': 'Weetabix Minis Chocolate 600G', 'product_price': '£ 3.00', 'product_additionals': '£0.50/100g'}, {'shop': 'tesco', 'url': 'https://www.tesco.com/groceries/en-GB/products/268136786', 'product_name': 'Weetabix Minis Fruit And Nut 500G', 'product_price': '£ 3.00', 'product_additionals': '£0.60/100g'}, {'shop': 'tesco', 'url': 'https://www.tesco.com/groceries/en-GB/products/260360745', 'product_name': 'Weetabix Oatibix Cereal 24 Pack', 'product_price': '£ 2.00', 'product_additionals': '£0.08/each'}, {'shop': 'tesco', 'url': 'https://www.tesco.com/groceries/en-GB/products/261986222', 'product_name': 'Weetabix Oatibix Flakes Cereal 550G', 'product_price': '£ 3.00', 'product_additionals': '£0.55/100g'}, {'shop': 'sains', 'url': 'https://www.sainsburys.co.uk/shop/gb/groceries/product/details/easter-special-offers/oatibix-flakes-550g', 'product_name': 'Weetabix Oatibix Flakes Golden Oat Flakes Cereal 550g', 'product_price': '£2.50', 'product_additionals': '46p / 100g'}, {'shop': 'tesco', 'url': 'https://www.tesco.com/groceries/en-GB/products/285355224', 'product_name': 'Weetabix On The Go Banana Drink 250Ml', 'product_price': '£ 1.50', 'product_additionals': '£0.60/100ml'}, {'shop': 'sains', 'url': 'https://www.sainsburys.co.uk/shop/gb/groceries/product/details/milk-flavoured-milk/weetabix-on-the-go-chocolate-drink-250ml', 'product_name': 'Weetabix On The Go Breakfast Drink Chocolate 250ml', 'product_price': '£1.00', 'product_additionals': '40p / 100ml'}, {'shop': 'asda', 'url': 'https://groceries.asda.com/product/1000116564036', 'product_name': 'Weetabix On the Go Breakfast Drinks Chocolate', 'product_price': '£2.50', 'product_additionals': '(33.3p/100ml)'}, {'shop': 'asda', 'url': 'https://groceries.asda.com/product/910002805967', 'product_name': 'Weetabix On the Go Breakfast Drinks Chocolate', 'product_price': '£5.00', 'product_additionals': '(33.3p/100ml)'}, {'shop': 'asda', 'url': 'https://groceries.asda.com/product/1000116564053', 'product_name': 'Weetabix On the Go Breakfast Drinks Strawberry', 'product_price': '£2.50', 'product_additionals': '(33.3p/100ml)'}, {'shop': 'asda', 'url': 'https://groceries.asda.com/product/910002806472', 'product_name': 'Weetabix On the Go Breakfast Drinks Strawberry', 'product_price': '£5.00', 'product_additionals': '(33.3p/100ml)'}, {'shop': 'asda', 'url': 'https://groceries.asda.com/product/1000116563966', 'product_name': 'Weetabix On the Go Breakfast Drinks Vanilla', 'product_price': '£2.50', 'product_additionals': '(33.3p/100ml)'}, {'shop': 'asda', 'url': 'https://groceries.asda.com/product/1000116564105', 'product_name': 'Weetabix On the Go Breakfast Drinks Vanilla', 'product_price': '£5.00', 'product_additionals': '(40.0p/100ml)'}, {'shop': 'coop', 'url': 'https://www.coop.co.uk/products/weetabix-on-the-go-breakfast-vanilla-drink-250ml', 'product_name': 'Weetabix On The Go Breakfast Vanilla Drink 250ml', 'product_price': '£1.70', 'product_additionals': '250ml (29.6p per 100ml)'}, {'shop': 'tesco', 'url': 'https://www.tesco.com/groceries/en-GB/products/282391070', 'product_name': 'Weetabix On The Go Chocolate Drink 250Ml', 'product_price': '£ 1.50', 'product_additionals': '£0.60/100ml'}, {'shop': 'asda', 'url': 'https://groceries.asda.com/product/910003085519', 'product_name': 'Weetabix On the Go Protein Chocolate Breakfast Drink', 'product_price': '£1.30', 'product_additionals': '(47.3p/100ml)'}, {'shop': 'asda', 'url': 'https://groceries.asda.com/product/910001953394', 'product_name': 'Weetabix On the Go Strawberry & Raspberry Protein Breakfast Drink', 'product_price': '£1.30', 'product_additionals': '(47.3p/100ml)'}, {'shop': 'tesco', 'url': 'https://www.tesco.com/groceries/en-GB/products/282390848', 'product_name': 'Weetabix On The Go Strawberry Drink 250Ml', 'product_price': '£ 1.50', 'product_additionals': '£0.60/100ml'}, {'shop': 'tesco', 'url': 'https://www.tesco.com/groceries/en-GB/products/282391012', 'product_name': 'Weetabix On The Go Vanilla Drink 250Ml', 'product_price': '£ 1.50', 'product_additionals': '£0.60/100ml'}, {'shop': 'asda', 'url': 'https://groceries.asda.com/product/910001953469', 'product_name': 'Weetabix On the Go Vanilla Protein Breakfast Drink', 'product_price': '£1.30', 'product_additionals': '(47.3p/100ml)'}, {'shop': 'tesco', 'url': 'https://www.tesco.com/groceries/en-GB/products/292575448', 'product_name': "Weetabix Protein 24'S", 'product_price': '£ 1.99', 'product_additionals': '£0.08/each'}, {'shop': 'asda', 'url': 'https://groceries.asda.com/product/910002244934', 'product_name': 'Weetabix Protein Cereal', 'product_price': '£3.19', 'product_additionals': '(13.3p/each)'}, {'shop': 'asda', 'url': 'https://groceries.asda.com/product/1000039942719', 'product_name': 'Weetabix Protein Chocolate Cereal', 'product_price': '£3.19', 'product_additionals': '(13.3p/each)'}, {'shop': 'asda', 'url': 'https://groceries.asda.com/product/910001953400', 'product_name': 'Weetabix Protein Crunch Chocolate Cereal', 'product_price': '£3.19', 'product_additionals': '(70.9p/100g)'}]


x[{'shop': 'tesco', 'url': 'https://www.tesco.com/groceries/en-GB/products/259901096', 'product_name': 'Weetabix 72Pk', 'product_price': '£ 5.25', 'product_additionals': '£0.07/each'}, {'shop': 'tesco', 'url': 'https://www.tesco.com/groceries/en-GB/products/254853004', 'product_name': 'Weetabix 48Pk', 'product_price': '£ 4.80', 'product_additionals': '£0.10/each'}, {'shop': 'tesco', 'url': 'https://www.tesco.com/groceries/en-GB/products/292575448', 'product_name': "Weetabix Protein 24'S", 'product_price': '£ 1.99', 'product_additionals': '£0.08/each'}, {'shop': 'tesco', 'url': 'https://www.tesco.com/groceries/en-GB/products/260360745', 'product_name': 'Weetabix Oatibix Cereal 24 Pack', 'product_price': '£ 2.00', 'product_additionals': '£0.08/each'}, {'shop': 'tesco', 'url': 'https://www.tesco.com/groceries/en-GB/products/254852973', 'product_name': 'Weetabix Cereal 12 Pack', 'product_price': '£ 1.50', 'product_additionals': '£0.12/each'}, {'shop': 'tesco', 'url': 'https://www.tesco.com/groceries/en-GB/products/254852996', 'product_name': 'Weetabix Cereal 24 Pack', 'product_price': '£ 2.80', 'product_additionals': '£0.12/each'}, {'shop': 'tesco', 'url': 'https://www.tesco.com/groceries/en-GB/products/267210383', 'product_name': 'Weetabix Chocolate Cereal 540G (24Pk)', 'product_price': '£ 3.20', 'product_additionals': '£0.13/each'}, {'shop': 'tesco', 'url': 'https://www.tesco.com/groceries/en-GB/products/282391346', 'product_name': 'Weetabix Biscuits Banana Cereal 24 Pack', 'product_price': '£ 3.20', 'product_additionals': '£0.13/each'}, {'shop': 'asda', 'url': 'https://groceries.asda.com/product/910002244934', 'product_name': 'Weetabix Protein Cereal', 'product_price': '£3.19', 'product_additionals': '(13.3p/each)'}, {'shop': 'asda', 'url': 'https://groceries.asda.com/product/1000039942719', 'product_name': 'Weetabix Protein Chocolate Cereal', 'product_price': '£3.19', 'product_additionals': '(13.3p/each)'}, {'shop': 'tesco', 'url': 'https://www.tesco.com/groceries/en-GB/products/285391687', 'product_name': 'Weetabix Minis Chocolate 600G', 'product_price': '£ 3.00', 'product_additionals': '£0.50/100g'}, {'shop': 'tesco', 'url': 'https://www.tesco.com/groceries/en-GB/products/261986222', 'product_name': 'Weetabix Oatibix Flakes Cereal 550G', 'product_price': '£ 3.00', 'product_additionals': '£0.55/100g'}, {'shop': 'tesco', 'url': 'https://www.tesco.com/groceries/en-GB/products/268136786', 'product_name': 'Weetabix Minis Fruit And Nut 500G', 'product_price': '£ 3.00', 'product_additionals': '£0.60/100g'}, {'shop': 'tesco', 'url': 'https://www.tesco.com/groceries/en-GB/products/251938439', 'product_name': 'Weetabix Chocolate Weetos Cereal 500G', 'product_price': '£ 2.90', 'product_additionals': '£0.58/100g'}, {'shop': 'tesco', 'url': 'https://www.tesco.com/groceries/en-GB/products/268583083', 'product_name': 'Weetabix Crunchy Bran Cereal 375G', 'product_price': '£ 2.40', 'product_additionals': '£0.64/100g'}, {'shop': 'asda', 'url': 'https://groceries.asda.com/product/910000395801', 'product_name': 'Weetabix Flakes Cereal', 'product_price': '£2.99', 'product_additionals': '(54.4p/100g)'}, {'shop': 'asda', 'url': 'https://groceries.asda.com/product/910001429819', 'product_name': 'Weetabix Crispy Minis Banana', 'product_price': '£2.89', 'product_additionals': '(48.2p/100g)'}, {'shop': 'asda', 'url': 'https://groceries.asda.com/product/910001430011', 'product_name': 'Weetabix Crispy Minis Fruit & Nut', 'product_price': '£2.98', 'product_additionals': '(49.7p/100g)'}, {'shop': 'asda', 'url': 'https://groceries.asda.com/product/910001430286', 'product_name': 'Weetabix Crispy Minis Chocolate Chip', 'product_price': '£2.98', 'product_additionals': '(49.7p/100g)'}, {'shop': 'asda', 'url': 'https://groceries.asda.com/product/486171', 'product_name': 'Weetabix Crunchy Bran Cereal', 'product_price': '£2.38', 'product_additionals': '(63.5p/100g)'}, {'shop': 'asda', 'url': 'https://groceries.asda.com/product/1000116564027', 'product_name': 'Weetabix Flakes Red Berries Cereal', 'product_price': '£2.99', 'product_additionals': '(62.9p/100g)'}, {'shop': 'asda', 'url': 'https://groceries.asda.com/product/910001953400', 'product_name': 'Weetabix Protein Crunch Chocolate Cereal', 'product_price': '£3.19', 'product_additionals': '(70.9p/100g)'}, {'shop': 'tesco', 'url': 'https://www.tesco.com/groceries/en-GB/products/285355224', 'product_name': 'Weetabix On The Go Banana Drink 250Ml', 'product_price': '£ 1.50', 'product_additionals': '£0.60/100ml'}, {'shop': 'tesco', 'url': 'https://www.tesco.com/groceries/en-GB/products/282391012', 'product_name': 'Weetabix On The Go Vanilla Drink 250Ml', 'product_price': '£ 1.50', 'product_additionals': '£0.60/100ml'}, {'shop': 'tesco', 'url': 'https://www.tesco.com/groceries/en-GB/products/282391070', 'product_name': 'Weetabix On The Go Chocolate Drink 250Ml', 'product_price': '£ 1.50', 'product_additionals': '£0.60/100ml'}, {'shop': 'tesco', 'url': 'https://www.tesco.com/groceries/en-GB/products/282390848', 'product_name': 'Weetabix On The Go Strawberry Drink 250Ml', 'product_price': '£ 1.50', 'product_additionals': '£0.60/100ml'}, {'shop': 'asda', 'url': 'https://groceries.asda.com/product/1000116563966', 'product_name': 'Weetabix On the Go Breakfast Drinks Vanilla', 'product_price': '£2.50', 'product_additionals': '(33.3p/100ml)'}, {'shop': 'asda', 'url': 'https://groceries.asda.com/product/1000116564036', 'product_name': 'Weetabix On the Go Breakfast Drinks Chocolate', 'product_price': '£2.50', 'product_additionals': '(33.3p/100ml)'}, {'shop': 'asda', 'url': 'https://groceries.asda.com/product/910002805967', 'product_name': 'Weetabix On the Go Breakfast Drinks Chocolate', 'product_price': '£5.00', 'product_additionals': '(33.3p/100ml)'}, {'shop': 'asda', 'url': 'https://groceries.asda.com/product/1000116564053', 'product_name': 'Weetabix On the Go Breakfast Drinks Strawberry', 'product_price': '£2.50', 'product_additionals': '(33.3p/100ml)'}, {'shop': 'asda', 'url': 'https://groceries.asda.com/product/910002806472', 'product_name': 'Weetabix On the Go Breakfast Drinks Strawberry', 'product_price': '£5.00', 'product_additionals': '(33.3p/100ml)'}, {'shop': 'asda', 'url': 'https://groceries.asda.com/product/1000116564105', 'product_name': 'Weetabix On the Go Breakfast Drinks Vanilla', 'product_price': '£5.00', 'product_additionals': '(40.0p/100ml)'}, {'shop': 'asda', 'url': 'https://groceries.asda.com/product/910001953469', 'product_name': 'Weetabix On the Go Vanilla Protein Breakfast Drink', 'product_price': '£1.30', 'product_additionals': '(47.3p/100ml)'}, {'shop': 'asda', 'url': 'https://groceries.asda.com/product/910003085519', 'product_name': 'Weetabix On the Go Protein Chocolate Breakfast Drink', 'product_price': '£1.30', 'product_additionals': '(47.3p/100ml)'}, {'shop': 'asda', 'url': 'https://groceries.asda.com/product/910001953394', 'product_name': 'Weetabix On the Go Strawberry & Raspberry Protein Breakfast Drink', 'product_price': '£1.30', 'product_additionals': '(47.3p/100ml)'}]


bestFromShops[[{'shop': 'asda', 'url': 'https://groceries.asda.com/product/910002244934', 'product_name': 'Weetabix Protein Cereal', 'product_price': '£3.19', 'product_additionals': '(13.3p/each)'}], [], [{'shop': 'tesco', 'url': 'https://www.tesco.com/groceries/en-GB/products/259901096', 'product_name': 'Weetabix 72Pk', 'product_price': '£ 5.25', 'product_additionals': '£0.07/each'}], [], []]


