weetabix

Prod_checked
[{'shop': 'coop', 'url': 'https://www.coop.co.uk/products/weetabix-48-pack', 'product_name': 'Weetabix 48 pack', 'product_price': '£5', 'product_additionals': '(7.3p per item)\n48 pack'}, {'shop': 'tesco', 'url': 'https://www.tesco.com/groceries/en-GB/products/254853004', 'product_name': 'Weetabix 48Pk', 'product_price': '£ 4.80', 'product_additionals': '£0.10/each'}, {'shop': 'tesco', 'url': 'https://www.tesco.com/groceries/en-GB/products/259901096', 'product_name': 'Weetabix 72Pk', 'product_price': '£ 5.25', 'product_additionals': '£0.07/each'}, {'shop': 'asda', 'url': 'https://groceries.asda.com/product/910001268473', 'product_name': 'Weetabix Banana Cereal', 'product_price': '£3.19', 'product_additionals': 'No weight data'}, {'shop': 'tesco', 'url': 'https://www.tesco.com/groceries/en-GB/products/282391346', 'product_name': 'Weetabix Biscuits Banana Cereal 24 Pack', 'product_price': '£ 3.20', 'product_additionals': '£0.13/each'}, {'shop': 'asda', 'url': 'https://groceries.asda.com/product/81159231', 'product_name': 'Weetabix Cereal', 'product_price': '£6.00', 'product_additionals': 'No weight data'}, {'shop': 'asda', 'url': 'https://groceries.asda.com/product/35665', 'product_name': 'Weetabix Cereal', 'product_price': '£1.49', 'product_additionals': 'No weight data'}, {'shop': 'asda', 'url': 'https://groceries.asda.com/product/19191', 'product_name': 'Weetabix Cereal', 'product_price': '£2.79', 'product_additionals': 'No weight data'}, {'shop': 'asda', 'url': 'https://groceries.asda.com/product/19192', 'product_name': 'Weetabix Cereal', 'product_price': '£3.50', 'product_additionals': 'No weight data'}, {'shop': 'tesco', 'url': 'https://www.tesco.com/groceries/en-GB/products/254852973', 'product_name': 'Weetabix Cereal 12 Pack', 'product_price': '£ 1.50', 'product_additionals': '£0.12/each'}, {'shop': 'tesco', 'url': 'https://www.tesco.com/groceries/en-GB/products/254852996', 'product_name': 'Weetabix Cereal 24 Pack', 'product_price': '£ 2.80', 'product_additionals': '£0.12/each'}, {'shop': 'sains', 'url': 'https://www.sainsburys.co.uk/shop/gb/groceries/product/details/first-shop-essentials/weetabix-cereal-x24', 'product_name': 'Weetabix Cereal x24', 'product_price': '£2.80', 'product_additionals': '12p / bisc'}, {'shop': 'asda', 'url': 'https://groceries.asda.com/product/910000313781', 'product_name': 'Weetabix Chocolate Cereal', 'product_price': '£3.19', 'product_additionals': 'No weight data'}, {'shop': 'tesco', 'url': 'https://www.tesco.com/groceries/en-GB/products/267210383', 'product_name': 'Weetabix Chocolate Cereal 540G (24Pk)', 'product_price': '£ 3.20', 'product_additionals': '£0.13/each'}, {'shop': 'tesco', 'url': 'https://www.tesco.com/groceries/en-GB/products/251938439', 'product_name': 'Weetabix Chocolate Weetos Cereal 500G', 'product_price': '£ 2.90', 'product_additionals': '£0.58/100g'}, {'shop': 'asda', 'url': 'https://groceries.asda.com/product/910001429819', 'product_name': 'Weetabix Crispy Minis Banana', 'product_price': '£2.89', 'product_additionals': '(48.2p/100g)'}, {'shop': 'asda', 'url': 'https://groceries.asda.com/product/910001430286', 'product_name': 'Weetabix Crispy Minis Chocolate Chip', 'product_price': '£2.98', 'product_additionals': '(49.7p/100g)'}, {'shop': 'coop', 'url': 'https://www.coop.co.uk/products/weetabix-crispy-minis-chocolate-chip-600g', 'product_name': 'Weetabix Crispy Minis Chocolate Chip 600g', 'product_price': '£3.25', 'product_additionals': '600g (33.3p per 100g)'}, {'shop': 'asda', 'url': 'https://groceries.asda.com/product/910001430011', 'product_name': 'Weetabix Crispy Minis Fruit & Nut', 'product_price': '£2.98', 'product_additionals': '(49.7p/100g)'}, {'shop': 'asda', 'url': 'https://groceries.asda.com/product/486171', 'product_name': 'Weetabix Crunchy Bran Cereal', 'product_price': '£2.38', 'product_additionals': '(63.5p/100g)'}, {'shop': 'tesco', 'url': 'https://www.tesco.com/groceries/en-GB/products/268583083', 'product_name': 'Weetabix Crunchy Bran Cereal 375G', 'product_price': '£ 2.40', 'product_additionals': '£0.64/100g'}, {'shop': 'sains', 'url': 'https://www.sainsburys.co.uk/shop/gb/groceries/product/details/top-rated-44/weetabix-crunchy-bran-375g', 'product_name': 'Weetabix Crunchy Bran Cereal 375g', 'product_price': '£2.30', 'product_additionals': '61p / 100g'}, {'shop': 'asda', 'url': 'https://groceries.asda.com/product/910000395801', 'product_name': 'Weetabix Flakes Cereal', 'product_price': '£2.99', 'product_additionals': '(54.4p/100g)'}, {'shop': 'asda', 'url': 'https://groceries.asda.com/product/1000116564027', 'product_name': 'Weetabix Flakes Red Berries Cereal', 'product_price': '£2.99', 'product_additionals': '(62.9p/100g)'}, {'shop': 'tesco', 'url': 'https://www.tesco.com/groceries/en-GB/products/285391687', 'product_name': 'Weetabix Minis Chocolate 600G', 'product_price': '£ 3.00', 'product_additionals': '£0.50/100g'}, {'shop': 'tesco', 'url': 'https://www.tesco.com/groceries/en-GB/products/268136786', 'product_name': 'Weetabix Minis Fruit And Nut 500G', 'product_price': '£ 3.00', 'product_additionals': '£0.60/100g'}, {'shop': 'tesco', 'url': 'https://www.tesco.com/groceries/en-GB/products/260360745', 'product_name': 'Weetabix Oatibix Cereal 24 Pack', 'product_price': '£ 2.00', 'product_additionals': '£0.08/each'}, {'shop': 'tesco', 'url': 'https://www.tesco.com/groceries/en-GB/products/261986222', 'product_name': 'Weetabix Oatibix Flakes Cereal 550G', 'product_price': '£ 3.00', 'product_additionals': '£0.55/100g'}, {'shop': 'sains', 'url': 'https://www.sainsburys.co.uk/shop/gb/groceries/product/details/easter-special-offers/oatibix-flakes-550g', 'product_name': 'Weetabix Oatibix Flakes Golden Oat Flakes Cereal 550g', 'product_price': '£2.50', 'product_additionals': '46p / 100g'}, {'shop': 'tesco', 'url': 'https://www.tesco.com/groceries/en-GB/products/285355224', 'product_name': 'Weetabix On The Go Banana Drink 250Ml', 'product_price': '£ 1.50', 'product_additionals': '£0.60/100ml'}, {'shop': 'sains', 'url': 'https://www.sainsburys.co.uk/shop/gb/groceries/product/details/milk-flavoured-milk/weetabix-on-the-go-chocolate-drink-250ml', 'product_name': 'Weetabix On The Go Breakfast Drink Chocolate 250ml', 'product_price': '£1.00', 'product_additionals': '40p / 100ml'}, {'shop': 'asda', 'url': 'https://groceries.asda.com/product/1000116564036', 'product_name': 'Weetabix On the Go Breakfast Drinks Chocolate', 'product_price': '£2.50', 'product_additionals': '(33.3p/100ml)'}, {'shop': 'asda', 'url': 'https://groceries.asda.com/product/910002805967', 'product_name': 'Weetabix On the Go Breakfast Drinks Chocolate', 'product_price': '£5.00', 'product_additionals': '(33.3p/100ml)'}, {'shop': 'asda', 'url': 'https://groceries.asda.com/product/1000116564053', 'product_name': 'Weetabix On the Go Breakfast Drinks Strawberry', 'product_price': '£2.50', 'product_additionals': '(33.3p/100ml)'}, {'shop': 'asda', 'url': 'https://groceries.asda.com/product/910002806472', 'product_name': 'Weetabix On the Go Breakfast Drinks Strawberry', 'product_price': '£5.00', 'product_additionals': '(33.3p/100ml)'}, {'shop': 'asda', 'url': 'https://groceries.asda.com/product/1000116563966', 'product_name': 'Weetabix On the Go Breakfast Drinks Vanilla', 'product_price': '£2.50', 'product_additionals': '(33.3p/100ml)'}, {'shop': 'asda', 'url': 'https://groceries.asda.com/product/1000116564105', 'product_name': 'Weetabix On the Go Breakfast Drinks Vanilla', 'product_price': '£5.00', 'product_additionals': '(40.0p/100ml)'}, {'shop': 'coop', 'url': 'https://www.coop.co.uk/products/weetabix-on-the-go-breakfast-vanilla-drink-250ml', 'product_name': 'Weetabix On The Go Breakfast Vanilla Drink 250ml', 'product_price': '£1.70', 'product_additionals': '250ml (29.6p per 100ml)'}, {'shop': 'tesco', 'url': 'https://www.tesco.com/groceries/en-GB/products/282391070', 'product_name': 'Weetabix On The Go Chocolate Drink 250Ml', 'product_price': '£ 1.50', 'product_additionals': '£0.60/100ml'}, {'shop': 'asda', 'url': 'https://groceries.asda.com/product/910003085519', 'product_name': 'Weetabix On the Go Protein Chocolate Breakfast Drink', 'product_price': '£1.30', 'product_additionals': '(47.3p/100ml)'}, {'shop': 'asda', 'url': 'https://groceries.asda.com/product/910001953394', 'product_name': 'Weetabix On the Go Strawberry & Raspberry Protein Breakfast Drink', 'product_price': '£1.30', 'product_additionals': '(47.3p/100ml)'}, {'shop': 'tesco', 'url': 'https://www.tesco.com/groceries/en-GB/products/282390848', 'product_name': 'Weetabix On The Go Strawberry Drink 250Ml', 'product_price': '£ 1.50', 'product_additionals': '£0.60/100ml'}, {'shop': 'tesco', 'url': 'https://www.tesco.com/groceries/en-GB/products/282391012', 'product_name': 'Weetabix On The Go Vanilla Drink 250Ml', 'product_price': '£ 1.50', 'product_additionals': '£0.60/100ml'}, {'shop': 'asda', 'url': 'https://groceries.asda.com/product/910001953469', 'product_name': 'Weetabix On the Go Vanilla Protein Breakfast Drink', 'product_price': '£1.30', 'product_additionals': '(47.3p/100ml)'}, {'shop': 'tesco', 'url': 'https://www.tesco.com/groceries/en-GB/products/292575448', 'product_name': "Weetabix Protein 24'S", 'product_price': '£ 1.99', 'product_additionals': '£0.08/each'}, {'shop': 'asda', 'url': 'https://groceries.asda.com/product/910002244934', 'product_name': 'Weetabix Protein Cereal', 'product_price': '£3.19', 'product_additionals': '(13.3p/each)'}, {'shop': 'asda', 'url': 'https://groceries.asda.com/product/1000039942719', 'product_name': 'Weetabix Protein Chocolate Cereal', 'product_price': '£3.19', 'product_additionals': '(13.3p/each)'}, {'shop': 'asda', 'url': 'https://groceries.asda.com/product/910001953400', 'product_name': 'Weetabix Protein Crunch Chocolate Cereal', 'product_price': '£3.19', 'product_additionals': '(70.9p/100g)'}]

grouped
([({'shop': 'tesco', 'url': 'https://www.tesco.com/groceries/en-GB/products/254853004', 'product_name': 'Weetabix 48Pk', 'product_price': '£ 4.80', 'product_additionals': '£0.10/each'}, 0.15000000000000002, 0.6666666666666666), ({'shop': 'tesco', 'url': 'https://www.tesco.com/groceries/en-GB/products/259901096', 'product_name': 'Weetabix 72Pk', 'product_price': '£ 5.25', 'product_additionals': '£0.07/each'}, 0.10500000000000001, 0.6666666666666666), ({'shop': 'tesco', 'url': 'https://www.tesco.com/groceries/en-GB/products/282391346', 'product_name': 'Weetabix Biscuits Banana Cereal 24 Pack', 'product_price': '£ 3.20', 'product_additionals': '£0.13/each'}, 0.43642857142857144, 0.2978723404255319), ({'shop': 'tesco', 'url': 'https://www.tesco.com/groceries/en-GB/products/254852973', 'product_name': 'Weetabix Cereal 12 Pack', 'product_price': '£ 1.50', 'product_additionals': '£0.12/each'}, 0.2657142857142857, 0.4516129032258065), ({'shop': 'tesco', 'url': 'https://www.tesco.com/groceries/en-GB/products/254852996', 'product_name': 'Weetabix Cereal 24 Pack', 'product_price': '£ 2.80', 'product_additionals': '£0.12/each'}, 0.2657142857142857, 0.4516129032258065), ({'shop': 'tesco', 'url': 'https://www.tesco.com/groceries/en-GB/products/267210383', 'product_name': 'Weetabix Chocolate Cereal 540G (24Pk)', 'product_price': '£ 3.20', 'product_additionals': '£0.13/each'}, 0.41785714285714287, 0.3111111111111111), ({'shop': 'tesco', 'url': 'https://www.tesco.com/groceries/en-GB/products/260360745', 'product_name': 'Weetabix Oatibix Cereal 24 Pack', 'product_price': '£ 2.00', 'product_additionals': '£0.08/each'}, 0.22285714285714284, 0.35897435897435903), ({'shop': 'tesco', 'url': 'https://www.tesco.com/groceries/en-GB/products/292575448', 'product_name': "Weetabix Protein 24'S", 'product_price': '£ 1.99', 'product_additionals': '£0.08/each'}, 0.1657142857142857, 0.48275862068965525), ({'shop': 'asda', 'url': 'https://groceries.asda.com/product/910002244934', 'product_name': 'Weetabix Protein Cereal', 'product_price': '£3.19', 'product_additionals': '(13.3p/each)'}, 29.45, 0.4516129032258065), ({'shop': 'asda', 'url': 'https://groceries.asda.com/product/1000039942719', 'product_name': 'Weetabix Protein Chocolate Cereal', 'product_price': '£3.19', 'product_additionals': '(13.3p/each)'}, 38.949999999999996, 0.3414634146341464)], [({'shop': 'tesco', 'url': 'https://www.tesco.com/groceries/en-GB/products/251938439', 'product_name': 'Weetabix Chocolate Weetos Cereal 500G', 'product_price': '£ 2.90', 'product_additionals': '£0.58/100g'}, 18.642857142857142, 0.3111111111111111), ({'shop': 'asda', 'url': 'https://groceries.asda.com/product/910001429819', 'product_name': 'Weetabix Crispy Minis Banana', 'product_price': '£2.89', 'product_additionals': '(48.2p/100g)'}, 1239.4285714285716, 0.38888888888888884), ({'shop': 'asda', 'url': 'https://groceries.asda.com/product/910001430286', 'product_name': 'Weetabix Crispy Minis Chocolate Chip', 'product_price': '£2.98', 'product_additionals': '(49.7p/100g)'}, 1562.0000000000002, 0.3181818181818181), ({'shop': 'asda', 'url': 'https://groceries.asda.com/product/910001430011', 'product_name': 'Weetabix Crispy Minis Fruit & Nut', 'product_price': '£2.98', 'product_additionals': '(49.7p/100g)'}, 1455.4999999999995, 0.3414634146341464), ({'shop': 'asda', 'url': 'https://groceries.asda.com/product/486171', 'product_name': 'Weetabix Crunchy Bran Cereal', 'product_price': '£2.38', 'product_additionals': '(63.5p/100g)'}, 1632.8571428571431, 0.38888888888888884), ({'shop': 'tesco', 'url': 'https://www.tesco.com/groceries/en-GB/products/268583083', 'product_name': 'Weetabix Crunchy Bran Cereal 375G', 'product_price': '£ 2.40', 'product_additionals': '£0.64/100g'}, 18.74285714285714, 0.3414634146341464), ({'shop': 'asda', 'url': 'https://groceries.asda.com/product/910000395801', 'product_name': 'Weetabix Flakes Cereal', 'product_price': '£2.99', 'product_additionals': '(54.4p/100g)'}, 1165.7142857142858, 0.4666666666666667), ({'shop': 'asda', 'url': 'https://groceries.asda.com/product/1000116564027', 'product_name': 'Weetabix Flakes Red Berries Cereal', 'product_price': '£2.99', 'product_additionals': '(62.9p/100g)'}, 1887.0000000000005, 0.33333333333333326), ({'shop': 'tesco', 'url': 'https://www.tesco.com/groceries/en-GB/products/285391687', 'product_name': 'Weetabix Minis Chocolate 600G', 'product_price': '£ 3.00', 'product_additionals': '£0.50/100g'}, 13.214285714285714, 0.3783783783783784), ({'shop': 'tesco', 'url': 'https://www.tesco.com/groceries/en-GB/products/268136786', 'product_name': 'Weetabix Minis Fruit And Nut 500G', 'product_price': '£ 3.00', 'product_additionals': '£0.60/100g'}, 17.571428571428566, 0.3414634146341464), ({'shop': 'tesco', 'url': 'https://www.tesco.com/groceries/en-GB/products/261986222', 'product_name': 'Weetabix Oatibix Flakes Cereal 550G', 'product_price': '£ 3.00', 'product_additionals': '£0.55/100g'}, 16.892857142857142, 0.32558139534883723), ({'shop': 'asda', 'url': 'https://groceries.asda.com/product/910001953400', 'product_name': 'Weetabix Protein Crunch Chocolate Cereal', 'product_price': '£3.19', 'product_additionals': '(70.9p/100g)'}, 2430.857142857142, 0.29166666666666674)], [({'shop': 'tesco', 'url': 'https://www.tesco.com/groceries/en-GB/products/285355224', 'product_name': 'Weetabix On The Go Banana Drink 250Ml', 'product_price': '£ 1.50', 'product_additionals': '£0.60/100ml'}, 19.285714285714285, 0.3111111111111111), ({'shop': 'asda', 'url': 'https://groceries.asda.com/product/1000116564036', 'product_name': 'Weetabix On the Go Breakfast Drinks Chocolate', 'product_price': '£2.50', 'product_additionals': '(33.3p/100ml)'}, 1260.6428571428573, 0.26415094339622636), ({'shop': 'asda', 'url': 'https://groceries.asda.com/product/910002805967', 'product_name': 'Weetabix On the Go Breakfast Drinks Chocolate', 'product_price': '£5.00', 'product_additionals': '(33.3p/100ml)'}, 1260.6428571428573, 0.26415094339622636), ({'shop': 'asda', 'url': 'https://groceries.asda.com/product/1000116564053', 'product_name': 'Weetabix On the Go Breakfast Drinks Strawberry', 'product_price': '£2.50', 'product_additionals': '(33.3p/100ml)'}, 1284.4285714285713, 0.2592592592592593), ({'shop': 'asda', 'url': 'https://groceries.asda.com/product/910002806472', 'product_name': 'Weetabix On the Go Breakfast Drinks Strawberry', 'product_price': '£5.00', 'product_additionals': '(33.3p/100ml)'}, 1284.4285714285713, 0.2592592592592593), ({'shop': 'asda', 'url': 'https://groceries.asda.com/product/1000116563966', 'product_name': 'Weetabix On the Go Breakfast Drinks Vanilla', 'product_price': '£2.50', 'product_additionals': '(33.3p/100ml)'}, 1213.0714285714284, 0.27450980392156865), ({'shop': 'asda', 'url': 'https://groceries.asda.com/product/1000116564105', 'product_name': 'Weetabix On the Go Breakfast Drinks Vanilla', 'product_price': '£5.00', 'product_additionals': '(40.0p/100ml)'}, 1457.142857142857, 0.27450980392156865), ({'shop': 'tesco', 'url': 'https://www.tesco.com/groceries/en-GB/products/282391070', 'product_name': 'Weetabix On The Go Chocolate Drink 250Ml', 'product_price': '£ 1.50', 'product_additionals': '£0.60/100ml'}, 20.571428571428566, 0.29166666666666674), ({'shop': 'asda', 'url': 'https://groceries.asda.com/product/910003085519', 'product_name': 'Weetabix On the Go Protein Chocolate Breakfast Drink', 'product_price': '£1.30', 'product_additionals': '(47.3p/100ml)'}, 2027.1428571428567, 0.2333333333333334), ({'shop': 'asda', 'url': 'https://groceries.asda.com/product/910001953394', 'product_name': 'Weetabix On the Go Strawberry & Raspberry Protein Breakfast Drink', 'product_price': '£1.30', 'product_additionals': '(47.3p/100ml)'}, 2466.357142857143, 0.1917808219178082), ({'shop': 'tesco', 'url': 'https://www.tesco.com/groceries/en-GB/products/282390848', 'product_name': 'Weetabix On The Go Strawberry Drink 250Ml', 'product_price': '£ 1.50', 'product_additionals': '£0.60/100ml'}, 21.0, 0.2857142857142857), ({'shop': 'tesco', 'url': 'https://www.tesco.com/groceries/en-GB/products/282391012', 'product_name': 'Weetabix On The Go Vanilla Drink 250Ml', 'product_price': '£ 1.50', 'product_additionals': '£0.60/100ml'}, 19.71428571428571, 0.30434782608695654), ({'shop': 'asda', 'url': 'https://groceries.asda.com/product/910001953469', 'product_name': 'Weetabix On the Go Vanilla Protein Breakfast Drink', 'product_price': '£1.30', 'product_additionals': '(47.3p/100ml)'}, 1959.5714285714282, 0.24137931034482762)])

final
[{'shop': 'tesco', 'url': 'https://www.tesco.com/groceries/en-GB/products/259901096', 'product_name': 'Weetabix 72Pk', 'product_price': '£ 5.25', 'product_additionals': '£0.07/each'}, {'shop': 'tesco', 'url': 'https://www.tesco.com/groceries/en-GB/products/254853004', 'product_name': 'Weetabix 48Pk', 'product_price': '£ 4.80', 'product_additionals': '£0.10/each'}, {'shop': 'tesco', 'url': 'https://www.tesco.com/groceries/en-GB/products/292575448', 'product_name': "Weetabix Protein 24'S", 'product_price': '£ 1.99', 'product_additionals': '£0.08/each'}, {'shop': 'tesco', 'url': 'https://www.tesco.com/groceries/en-GB/products/260360745', 'product_name': 'Weetabix Oatibix Cereal 24 Pack', 'product_price': '£ 2.00', 'product_additionals': '£0.08/each'}, {'shop': 'tesco', 'url': 'https://www.tesco.com/groceries/en-GB/products/254852973', 'product_name': 'Weetabix Cereal 12 Pack', 'product_price': '£ 1.50', 'product_additionals': '£0.12/each'}, {'shop': 'tesco', 'url': 'https://www.tesco.com/groceries/en-GB/products/254852996', 'product_name': 'Weetabix Cereal 24 Pack', 'product_price': '£ 2.80', 'product_additionals': '£0.12/each'}, {'shop': 'tesco', 'url': 'https://www.tesco.com/groceries/en-GB/products/267210383', 'product_name': 'Weetabix Chocolate Cereal 540G (24Pk)', 'product_price': '£ 3.20', 'product_additionals': '£0.13/each'}, {'shop': 'tesco', 'url': 'https://www.tesco.com/groceries/en-GB/products/282391346', 'product_name': 'Weetabix Biscuits Banana Cereal 24 Pack', 'product_price': '£ 3.20', 'product_additionals': '£0.13/each'}, {'shop': 'asda', 'url': 'https://groceries.asda.com/product/910002244934', 'product_name': 'Weetabix Protein Cereal', 'product_price': '£3.19', 'product_additionals': '(13.3p/each)'}, {'shop': 'asda', 'url': 'https://groceries.asda.com/product/1000039942719', 'product_name': 'Weetabix Protein Chocolate Cereal', 'product_price': '£3.19', 'product_additionals': '(13.3p/each)'}, {'shop': 'tesco', 'url': 'https://www.tesco.com/groceries/en-GB/products/285391687', 'product_name': 'Weetabix Minis Chocolate 600G', 'product_price': '£ 3.00', 'product_additionals': '£0.50/100g'}, {'shop': 'tesco', 'url': 'https://www.tesco.com/groceries/en-GB/products/261986222', 'product_name': 'Weetabix Oatibix Flakes Cereal 550G', 'product_price': '£ 3.00', 'product_additionals': '£0.55/100g'}, {'shop': 'tesco', 'url': 'https://www.tesco.com/groceries/en-GB/products/268136786', 'product_name': 'Weetabix Minis Fruit And Nut 500G', 'product_price': '£ 3.00', 'product_additionals': '£0.60/100g'}, {'shop': 'tesco', 'url': 'https://www.tesco.com/groceries/en-GB/products/251938439', 'product_name': 'Weetabix Chocolate Weetos Cereal 500G', 'product_price': '£ 2.90', 'product_additionals': '£0.58/100g'}, {'shop': 'tesco', 'url': 'https://www.tesco.com/groceries/en-GB/products/268583083', 'product_name': 'Weetabix Crunchy Bran Cereal 375G', 'product_price': '£ 2.40', 'product_additionals': '£0.64/100g'}, {'shop': 'asda', 'url': 'https://groceries.asda.com/product/910000395801', 'product_name': 'Weetabix Flakes Cereal', 'product_price': '£2.99', 'product_additionals': '(54.4p/100g)'}, {'shop': 'asda', 'url': 'https://groceries.asda.com/product/910001429819', 'product_name': 'Weetabix Crispy Minis Banana', 'product_price': '£2.89', 'product_additionals': '(48.2p/100g)'}, {'shop': 'asda', 'url': 'https://groceries.asda.com/product/910001430011', 'product_name': 'Weetabix Crispy Minis Fruit & Nut', 'product_price': '£2.98', 'product_additionals': '(49.7p/100g)'}, {'shop': 'asda', 'url': 'https://groceries.asda.com/product/910001430286', 'product_name': 'Weetabix Crispy Minis Chocolate Chip', 'product_price': '£2.98', 'product_additionals': '(49.7p/100g)'}, {'shop': 'asda', 'url': 'https://groceries.asda.com/product/486171', 'product_name': 'Weetabix Crunchy Bran Cereal', 'product_price': '£2.38', 'product_additionals': '(63.5p/100g)'}, {'shop': 'asda', 'url': 'https://groceries.asda.com/product/1000116564027', 'product_name': 'Weetabix Flakes Red Berries Cereal', 'product_price': '£2.99', 'product_additionals': '(62.9p/100g)'}, {'shop': 'asda', 'url': 'https://groceries.asda.com/product/910001953400', 'product_name': 'Weetabix Protein Crunch Chocolate Cereal', 'product_price': '£3.19', 'product_additionals': '(70.9p/100g)'}, {'shop': 'tesco', 'url': 'https://www.tesco.com/groceries/en-GB/products/285355224', 'product_name': 'Weetabix On The Go Banana Drink 250Ml', 'product_price': '£ 1.50', 'product_additionals': '£0.60/100ml'}, {'shop': 'tesco', 'url': 'https://www.tesco.com/groceries/en-GB/products/282391012', 'product_name': 'Weetabix On The Go Vanilla Drink 250Ml', 'product_price': '£ 1.50', 'product_additionals': '£0.60/100ml'}, {'shop': 'tesco', 'url': 'https://www.tesco.com/groceries/en-GB/products/282391070', 'product_name': 'Weetabix On The Go Chocolate Drink 250Ml', 'product_price': '£ 1.50', 'product_additionals': '£0.60/100ml'}, {'shop': 'tesco', 'url': 'https://www.tesco.com/groceries/en-GB/products/282390848', 'product_name': 'Weetabix On The Go Strawberry Drink 250Ml', 'product_price': '£ 1.50', 'product_additionals': '£0.60/100ml'}, {'shop': 'asda', 'url': 'https://groceries.asda.com/product/1000116563966', 'product_name': 'Weetabix On the Go Breakfast Drinks Vanilla', 'product_price': '£2.50', 'product_additionals': '(33.3p/100ml)'}, {'shop': 'asda', 'url': 'https://groceries.asda.com/product/1000116564036', 'product_name': 'Weetabix On the Go Breakfast Drinks Chocolate', 'product_price': '£2.50', 'product_additionals': '(33.3p/100ml)'}, {'shop': 'asda', 'url': 'https://groceries.asda.com/product/910002805967', 'product_name': 'Weetabix On the Go Breakfast Drinks Chocolate', 'product_price': '£5.00', 'product_additionals': '(33.3p/100ml)'}, {'shop': 'asda', 'url': 'https://groceries.asda.com/product/1000116564053', 'product_name': 'Weetabix On the Go Breakfast Drinks Strawberry', 'product_price': '£2.50', 'product_additionals': '(33.3p/100ml)'}, {'shop': 'asda', 'url': 'https://groceries.asda.com/product/910002806472', 'product_name': 'Weetabix On the Go Breakfast Drinks Strawberry', 'product_price': '£5.00', 'product_additionals': '(33.3p/100ml)'}, {'shop': 'asda', 'url': 'https://groceries.asda.com/product/1000116564105', 'product_name': 'Weetabix On the Go Breakfast Drinks Vanilla', 'product_price': '£5.00', 'product_additionals': '(40.0p/100ml)'}, {'shop': 'asda', 'url': 'https://groceries.asda.com/product/910001953469', 'product_name': 'Weetabix On the Go Vanilla Protein Breakfast Drink', 'product_price': '£1.30', 'product_additionals': '(47.3p/100ml)'}, {'shop': 'asda', 'url': 'https://groceries.asda.com/product/910003085519', 'product_name': 'Weetabix On the Go Protein Chocolate Breakfast Drink', 'product_price': '£1.30', 'product_additionals': '(47.3p/100ml)'}, {'shop': 'asda', 'url': 'https://groceries.asda.com/product/910001953394', 'product_name': 'Weetabix On the Go Strawberry & Raspberry Protein Breakfast Drink', 'product_price': '£1.30', 'product_additionals': '(47.3p/100ml)'}]

