[{'shop': 'aldi', 'url': 'https://www.aldi.co.uk/scottish-semi-skimmed-milk---3l/p/053970020847000', 'product_name': 'Scottish Semi Skimmed Milk - 3L', 'product_price': '1.32', 'product_additionals': '0.44/L'}, {'shop': 'aldi', 'url': 'https://www.aldi.co.uk/scottish-semi-skimmed-milk---2l/p/046124020846000', 'product_name': 'Scottish Semi Skimmed Milk - 2L', 'product_price': '0.96', 'product_additionals': '0.48/L'}, {'shop': 'aldi', 'url': 'https://www.aldi.co.uk/scottish-skimmed-milk---2l/p/051538020846800', 'product_name': 'Scottish Skimmed Milk - 2L', 'product_price': '0.96', 'product_additionals': '0.48/L'}, {'shop': 'aldi', 'url': 'https://www.aldi.co.uk/scottish-whole-milk---2l/p/046123003638600', 'product_name': 'Scottish Whole Milk - 2L', 'product_price': '0.96', 'product_additionals': '0.48/L'}, {'shop': 'aldi', 'url': 'https://www.aldi.co.uk/organic-semi-skimmed-milk---1l/p/072489088638900', 'product_name': 'Organic Semi Skimmed Milk - 1L', 'product_price': '0.75', 'product_additionals': '0.75/L'}, {'shop': 'tesco', 'url': 'https://www.tesco.com/groceries/en-GB/products/300472638', 'product_name': "Ms Molly's 18 Milk Chocolate Digestive Bars", 'product_price': '£ 1.20', 'product_additionals': '£0.07/each'}, {'shop': 'tesco', 'url': 'https://www.tesco.com/groceries/en-GB/products/268395167', 'product_name': 'Tesco Mini Milk Chocolate Cookie Bites 20 Pack', 'product_price': '£ 1.80', 'product_additionals': '£0.09/each'}, {'shop': 'tesco', 'url': 'https://www.tesco.com/groceries/en-GB/products/307760959', 'product_name': 'Cadbury Dairy Milk 15 Brownie Bites', 'product_price': '£ 1.44', 'product_additionals': '£0.10/each'}, {'shop': 'tesco', 'url': 'https://www.tesco.com/groceries/en-GB/products/302959106', 'product_name': 'Cadbury Dairy Milk 16 Flapjack Bites', 'product_price': '£ 1.80', 'product_additionals': '£0.11/each'}, {'shop': 'tesco', 'url': 'https://www.tesco.com/groceries/en-GB/products/302959089', 'product_name': 'Cadbury Dairy Milk Caramel 16 Flapjack Bites', 'product_price': '£ 1.80', 'product_additionals': '£0.11/each'}, {'shop': 'tesco', 'url': 'https://www.tesco.com/groceries/en-GB/products/302959066', 'product_name': 'Cadbury Dairy Milk Caramel 16 Mini Cookies', 'product_price': '£ 1.80', 'product_additionals': '£0.11/each'}, {'shop': 'tesco', 'url': 'https://www.tesco.com/groceries/en-GB/products/302959129', 'product_name': 'Cadbury Dairy 15 Milk Cornflake Cluster Bites', 'product_price': '£ 1.80', 'product_additionals': '£0.12/each'}, {'shop': 'tesco', 'url': 'https://www.tesco.com/groceries/en-GB/products/265169066', 'product_name': 'Brioche Pasquier Milk Brioche Rolls 8Pk', 'product_price': '£ 1.50', 'product_additionals': '£0.19/each'}, {'shop': 'tesco', 'url': 'https://www.tesco.com/groceries/en-GB/products/276131923', 'product_name': 'Milk Chocolate Cookie 5 Pack', 'product_price': '£ 1.00', 'product_additionals': '£0.20/each'}, {'shop': 'tesco', 'url': 'https://www.tesco.com/groceries/en-GB/products/283816938', 'product_name': 'Lansinoh Breastmilk Storage Bags X25', 'product_price': '£ 5.50', 'product_additionals': '£0.22/each'}, {'shop': 'tesco', 'url': 'https://www.tesco.com/groceries/en-GB/products/274445780', 'product_name': 'Tassimo Milk Pods 16 Servings', 'product_price': '£ 3.50', 'product_additionals': '£0.22/each'}, {'shop': 'tesco', 'url': 'https://www.tesco.com/groceries/en-GB/products/266724669', 'product_name': 'Nestle Milk Chocolate Animal Bar Single', 'product_price': '£ 0.25', 'product_additionals': '£0.25/each'}, {'shop': 'tesco', 'url': 'https://www.tesco.com/groceries/en-GB/products/297673612', 'product_name': 'Tesco 4 Large Buttermilk Pancakes', 'product_price': '£ 1.00', 'product_additionals': '£0.25/each'}, {'shop': 'tesco', 'url': 'https://www.tesco.com/groceries/en-GB/products/295848830', 'product_name': 'Cadbury Mini Rolls Milk Chocolate 10 Pack', 'product_price': '£ 2.60', 'product_additionals': '£0.26/each'}, {'shop': 'tesco', 'url': 'https://www.tesco.com/groceries/en-GB/products/303730231', 'product_name': 'Cadbury Dairy Milk Caramel Slice 6 Pack', 'product_price': '£ 1.90', 'product_additionals': '£0.32/each'}, {'shop': 'tesco', 'url': 'https://www.tesco.com/groceries/en-GB/products/303730219', 'product_name': 'Cadbury Dairy Milk Chocolate Slice 6 Pack', 'product_price': '£ 1.90', 'product_additionals': '£0.32/each'}, {'shop': 'tesco', 'url': 'https://www.tesco.com/groceries/en-GB/products/259238028', 'product_name': 'Cadbury Milk Chocolate Cake Bars 5 Pack', 'product_price': '£ 1.60', 'product_additionals': '£0.32/each'}, {'shop': 'tesco', 'url': 'https://www.tesco.com/groceries/en-GB/products/257245057', 'product_name': 'Milkybar White Chocolate Buttons Bag', 'product_price': '£ 0.60', 'product_additionals': '£0.60/each'}, {'shop': 'tesco', 'url': 'https://www.tesco.com/groceries/en-GB/products/278398500', 'product_name': 'Aquafresh Milk Teeth Tooth Brush', 'product_price': '£ 1.75', 'product_additionals': '£1.75/each'}, {'shop': 'tesco', 'url': 'https://www.tesco.com/groceries/en-GB/products/301253902', 'product_name': 'Fred & Flo Milk Powder Dispenser', 'product_price': '£ 2.00', 'product_additionals': '£2.00/each'}, {'shop': 'tesco', 'url': 'https://www.tesco.com/groceries/en-GB/products/257278528', 'product_name': 'Tommee Tippee Closer To Nature Milk Feed Bibs X2', 'product_price': '£ 5.00', 'product_additionals': '£2.50/each'}, {'shop': 'tesco', 'url': 'https://www.tesco.com/groceries/en-GB/products/281381884', 'product_name': 'Lancashire Farm Whole Milk Yogurt 1Kg', 'product_price': '£ 1.50', 'product_additionals': '£1.50/kg'}, {'shop': 'tesco', 'url': 'https://www.tesco.com/groceries/en-GB/products/256909870', 'product_name': 'Tesco Evaporated Milk 410G', 'product_price': '£ 0.65', 'product_additionals': '£1.59/kg'}, {'shop': 'tesco', 'url': 'https://www.tesco.com/groceries/en-GB/products/256909887', 'product_name': 'Tesco Low Fat Evaporated Semi Skimmed Milk 410G', 'product_price': '£ 0.65', 'product_additionals': '£1.59/kg'}, {'shop': 'tesco', 'url': 'https://www.tesco.com/groceries/en-GB/products/254902477', 'product_name': 'Carnation Evaporated Milk 410G-14.5 Oz Can', 'product_price': '£ 1.00', 'product_additionals': '£2.44/kg'}, {'shop': 'tesco', 'url': 'https://www.tesco.com/groceries/en-GB/products/252395497', 'product_name': 'Carnation Light Evaporated Milk 410G', 'product_price': '£ 1.00', 'product_additionals': '£2.44/kg'}, {'shop': 'tesco', 'url': 'https://www.tesco.com/groceries/en-GB/products/288716611', 'product_name': 'Tesco Condensed Milk 397G', 'product_price': '£ 1.05', 'product_additionals': '£2.65/kg'}, {'shop': 'tesco', 'url': 'https://www.tesco.com/groceries/en-GB/products/288090094', 'product_name': 'Go Cat Kitten Chicken & Carrot & Milk 825G', 'product_price': '£ 2.25', 'product_additionals': '£2.73/kg'}, {'shop': 'tesco', 'url': 'https://www.tesco.com/groceries/en-GB/products/256909311', 'product_name': 'Tesco Evaporated Milk 170G', 'product_price': '£ 0.50', 'product_additionals': '£2.95/kg'}, {'shop': 'tesco', 'url': 'https://www.tesco.com/groceries/en-GB/products/256909294', 'product_name': 'Tesco Light Choices Evaporated Semi Skimmed Milk 170G', 'product_price': '£ 0.50', 'product_additionals': '£2.95/kg'}, {'shop': 'tesco', 'url': 'https://www.tesco.com/groceries/en-GB/products/258049553', 'product_name': 'Carnation Light Condensed Milk 405G', 'product_price': '£ 1.39', 'product_additionals': '£3.44/kg'}, {'shop': 'tesco', 'url': 'https://www.tesco.com/groceries/en-GB/products/254902431', 'product_name': 'Carnation Evaporated Milk 170G', 'product_price': '£ 0.70', 'product_additionals': '£4.12/kg'}, {'shop': 'tesco', 'url': 'https://www.tesco.com/groceries/en-GB/products/307332650', 'product_name': 'Carnation Vegan Condensed Milk Alternative 370G', 'product_price': '£ 1.70', 'product_additionals': '£4.60/kg'}, {'shop': 'tesco', 'url': 'https://www.tesco.com/groceries/en-GB/products/267377676', 'product_name': 'Tesco Instant Dried Skimmed Milk 340G', 'product_price': '£ 2.00', 'product_additionals': '£5.89/kg'}, {'shop': 'tesco', 'url': 'https://www.tesco.com/groceries/en-GB/products/286581530', 'product_name': 'Cadbury Milk Chocolate Puddings 2X95g', 'product_price': '£ 1.50', 'product_additionals': '£7.90/kg'}, {'shop': 'tesco', 'url': 'https://www.tesco.com/groceries/en-GB/products/305733576', 'product_name': 'Cow & Gate Follow On Milk 6-12 Months 1.2Kg', 'product_price': '£ 11.00', 'product_additionals': '£9.17/kg'}, {'shop': 'tesco', 'url': 'https://www.tesco.com/groceries/en-GB/products/305973297', 'product_name': 'Tesco Rice Cakes Milk Chocolate 105G', 'product_price': '£ 1.00', 'product_additionals': '£9.53/kg'}, {'shop': 'tesco', 'url': 'https://www.tesco.com/groceries/en-GB/products/286690153', 'product_name': 'Nestle Nesquik Milk Slice Chocolate Flavour 4X26g', 'product_price': '£ 1.00', 'product_additionals': '£9.62/kg'}, {'shop': 'tesco', 'url': 'https://www.tesco.com/groceries/en-GB/products/268739729', 'product_name': 'Cow & Gate 4 Growing Up Milk Powder 2+ Years 800G', 'product_price': '£ 8.00', 'product_additionals': '£10.00/kg'}, {'shop': 'tesco', 'url': 'https://www.tesco.com/groceries/en-GB/products/303215156', 'product_name': 'Sma Little Steps First Milk 1 From Birth 800G', 'product_price': '£ 8.00', 'product_additionals': '£10.00/kg'}, {'shop': 'tesco', 'url': 'https://www.tesco.com/groceries/en-GB/products/303215179', 'product_name': 'Sma Little Steps Follow On Milk 6Mth+ 800G', 'product_price': '£ 8.00', 'product_additionals': '£10.00/kg'}, {'shop': 'tesco', 'url': 'https://www.tesco.com/groceries/en-GB/products/266285519', 'product_name': 'Hipp Combiotic 12 Month Growing Up Milk 600G', 'product_price': '£ 6.65', 'product_additionals': '£11.09/kg'}, {'shop': 'tesco', 'url': 'https://www.tesco.com/groceries/en-GB/products/303153509', 'product_name': 'Birds Eye Buttermilk Chicken Strips 350G', 'product_price': '£ 4.00', 'product_additionals': '£11.43/kg'}, {'shop': 'tesco', 'url': 'https://www.tesco.com/groceries/en-GB/products/266239437', 'product_name': 'Hipp Organic Follow-On Milk 800G', 'product_price': '£ 10.15', 'product_additionals': '£12.69/kg'}, {'shop': 'tesco', 'url': 'https://www.tesco.com/groceries/en-GB/products/305782851', 'product_name': 'Sma Pro Gum Milk Powder Can 800G', 'product_price': '£ 10.20', 'product_additionals': '£12.75/kg'}, {'shop': 'tesco', 'url': 'https://www.tesco.com/groceries/en-GB/products/304403220', 'product_name': 'Philadelphia Milka Cheese 150G', 'product_price': '£ 1.95', 'product_additionals': '£13.00/kg'}, {'shop': 'tesco', 'url': 'https://www.tesco.com/groceries/en-GB/products/268739735', 'product_name': 'Aptamil Growing Up Milk 2+ Years 800G', 'product_price': '£ 10.50', 'product_additionals': '£13.13/kg'}, {'shop': 'tesco', 'url': 'https://www.tesco.com/groceries/en-GB/products/266240596', 'product_name': 'Hipp Organic Infant Milk 800G', 'product_price': '£ 10.50', 'product_additionals': '£13.13/kg'}, {'shop': 'tesco', 'url': 'https://www.tesco.com/groceries/en-GB/products/307361298', 'product_name': 'Sma Pro Extra Hungry Infant Milk 800G', 'product_price': '£ 10.75', 'product_additionals': '£13.44/kg'}, {'shop': 'tesco', 'url': 'https://www.tesco.com/groceries/en-GB/products/305781649', 'product_name': 'Sma Pro First Infant Milk From Birth 800G', 'product_price': '£ 10.75', 'product_additionals': '£13.44/kg'}, {'shop': 'tesco', 'url': 'https://www.tesco.com/groceries/en-GB/products/305782747', 'product_name': 'Sma Pro Follow-On Milk 6Mth+ 800G', 'product_price': '£ 10.75', 'product_additionals': '£13.44/kg'}, {'shop': 'tesco', 'url': 'https://www.tesco.com/groceries/en-GB/products/301359904', 'product_name': 'Aptamil 1 First Infant Milk From Birth 800G', 'product_price': '£ 11.35', 'product_additionals': '£14.19/kg'}, {'shop': 'tesco', 'url': 'https://www.tesco.com/groceries/en-GB/products/301359927', 'product_name': 'Aptamil 2 Follow On Milk Powder 800G', 'product_price': '£ 11.50', 'product_additionals': '£14.38/kg'}, {'shop': 'tesco', 'url': 'https://www.tesco.com/groceries/en-GB/products/301282631', 'product_name': 'Sma Organic First Milk 800G', 'product_price': '£ 12.00', 'product_additionals': '£15.00/kg'}, {'shop': 'tesco', 'url': 'https://www.tesco.com/groceries/en-GB/products/307157689', 'product_name': 'Aptamil Organic 3 Toddler Milk Formula 800G', 'product_price': '£ 12.50', 'product_additionals': '£15.63/kg'}, {'shop': 'tesco', 'url': 'https://www.tesco.com/groceries/en-GB/products/305527901', 'product_name': 'Sma Anti Reflux Infant Milk From Birth 800G', 'product_price': '£ 13.00', 'product_additionals': '£16.25/kg'}, {'shop': 'tesco', 'url': 'https://www.tesco.com/groceries/en-GB/products/273760989', 'product_name': 'Sma Comfort Infant Milk From Birth 800G', 'product_price': '£ 13.00', 'product_additionals': '£16.25/kg'}, {'shop': 'tesco', 'url': 'https://www.tesco.com/groceries/en-GB/products/307147702', 'product_name': 'Aptamil Organic 1 First Baby Milk Formula 800G', 'product_price': '£ 13.50', 'product_additionals': '£16.88/kg'}, {'shop': 'tesco', 'url': 'https://www.tesco.com/groceries/en-GB/products/307155979', 'product_name': 'Aptamil Organic 2 Follow On Baby Milk 800G', 'product_price': '£ 13.50', 'product_additionals': '£16.88/kg'}, {'shop': 'tesco', 'url': 'https://www.tesco.com/groceries/en-GB/products/303215110', 'product_name': 'Sma Advanced Follow-On-Milk 6 Months+ 800G', 'product_price': '£ 14.50', 'product_additionals': '£18.13/kg'}, {'shop': 'tesco', 'url': 'https://www.tesco.com/groceries/en-GB/products/303215133', 'product_name': 'Sma Advanced Growing Up Milk 1-3Yr 800G', 'product_price': '£ 16.00', 'product_additionals': '£20.00/kg'}, {'shop': 'tesco', 'url': 'https://www.tesco.com/groceries/en-GB/products/306648883', 'product_name': 'Nannycare 1 Goat Milk Based Infant Milk 900G', 'product_price': '£ 21.00', 'product_additionals': '£23.34/kg'}, {'shop': 'tesco', 'url': 'https://www.tesco.com/groceries/en-GB/products/306651918', 'product_name': 'Nannycare 3 Goat Milk Based Growing Up Milk 900G', 'product_price': '£ 21.00', 'product_additionals': '£23.34/kg'}]